1416 2066
175 165 66 37 in
208 165 99 37 loco,
274 165 88 37 quam
329 165 66 37 in
362 165 99 37 aliis
428 165 154 37 contrarijs
550 165 121 37 aliorum
627 165 66 37 prae

181 199 213 35 dicamentorum.
357 199 75 35 Et
394 199 88 35 hoc
445 199 113 35 etiam
520 199 150 35 asseruit
620 199 75 35 Com.

189 232 62 36 9.
220 232 82 36 phy.
271 232 82 36 com.
323 232 62 36 3.
353 232 72 36 dum
395 232 93 36 dicit
456 232 82 36 quod
508 232 113 36 corpora
580 232 113 36 contraria

174 258 142 39 secundum
281 258 130 39 naturam
375 258 142 39 mouentur
481 258 71 39 ad
517 258 95 39 loca
564 258 130 39 contraria

178 291 162 34 secundum
299 291 162 34 naturam.
420 291 108 34 quia
488 291 108 34 loca
555 291 94 34 non
596 291 94 34 solum

180 324 87 33 sunt
235 324 98 33 extre
300 324 66 33 ma
333 324 98 33 vnius
399 324 109 33 lineae
475 324 109 33 rectae
541 324 142 33 longissimae

183 354 72 32 sed
224 354 52 32 &
245 354 72 32 cum
286 354 72 32 hoc
327 354 83 32 sunt
379 354 134 32 contraria
482 354 124 32 secundum
564 354 124 32 potentiam.

183 384 84 34 res
231 384 108 34 enim,
303 384 120 34 quarum
387 384 180 34 substantiae
532 384 96 34 sunt
580 384 108 34 similes

182 415 182 35 contrarijs,
328 415 121 35 habent
413 415 182 35 substantias
546 415 146 35 contrarias

174 447 127 35 aliquo
263 447 114 35 modo.
339 447 101 35 ecce
402 447 101 35 quod
465 447 101 35 vult
516 447 177 35 contrarieta-

178 478 86 35 tem
227 478 74 35 in
264 478 98 35 loco
325 478 98 35 esse
386 478 123 35 causam
472 478 221 35 contrarietatis
644 478 49 35 in

179 510 173 36 substantia,
317 510 58 36 &
340 510 69 36 in
374 510 161 36 qualitate:
501 510 69 36 eo
535 510 104 36 modo,
604 510 81 36 quo
650 510 69 36 in

178 539 179 33 substantiis
321 539 155 33 contingit
441 539 179 33 substantiam
572 539 120 33 substan-

177 570 83 32 tiae
228 570 145 32 contrariam
342 570 93 32 esse.
404 570 72 32 Et,
445 570 93 32 licet
507 570 72 32 ita
548 570 72 32 sit
590 570 83 32 quod
631 570 62 32 com-

180 602 158 35 trarietas
301 602 109 35 primo
374 602 170 35 reperiatur
507 602 73 35 in
544 602 109 35 loco,
604 602 85 35 tamen

174 632 91 34 non
226 632 91 34 est
278 632 117 34 notum
356 632 104 34 quod
421 632 117 34 omne,
498 632 104 34 quod
550 632 143 34 localiter

174 665 152 33 mouetur,
288 665 228 33 contrarietatem
479 665 114 33 talem
555 665 139 33 habeat.
656 665 63 33 &

182 697 77 33 sic
226 697 99 33 dixit
292 697 164 33 Commentator
423 697 66 33 in
456 697 77 33 hoc
500 697 121 33 quinto,
587 697 88 33 com.
631 697 55 33 1S.

177 728 60 34 &
201 728 120 34 octauo
285 728 132 34 physic.
381 728 84 34 I6.
429 728 60 34 &
452 728 108 34 sexto
524 728 144 34 physico.
620 728 72 34 com.

179 759 76 37 S2.
223 759 87 37 quod
277 759 185 37 contrarietas,
430 759 87 37 quae
484 759 76 37 est
528 759 65 37 in
560 759 98 37 loco,
615 759 76 37 later

184 792 80 34 non
229 792 92 34 quia
287 792 92 34 illa
344 792 114 34 lateat
424 792 92 34 quod
481 792 80 34 sit
515 792 172 34 contrarietas,

178 821 101 38 immo
242 821 88 38 est
292 821 114 38 prima
368 821 63 38 &
393 821 114 38 causa
469 821 152 38 aliarum,
583 821 63 38 &
596 821 88 38 poni-

177 853 88 40 tur
228 853 75 40 in
265 853 163 40 diuisione
391 853 138 40 aliorum
492 853 138 40 tanquam
580 853 113 40 notior,

174 882 90 32 sed
226 882 116 32 latet
303 882 116 32 penes
381 882 103 32 hoc,
445 882 103 32 quod
510 882 90 32 non
562 882 90 32 est
601 882 90 32 notum

182 916 83 38 per
230 916 71 38 se
265 916 83 38 eam
313 916 119 38 inesse
396 916 143 38 cuilibet
504 916 131 38 mobili,
599 916 95 38 quod
646 916 48 38 mo

181 948 101 30 uetur
248 948 90 30 motu
305 948 124 30 locali.
395 948 56 30 &
417 948 79 30 sic
463 948 101 30 nulla
530 948 79 30 est
564 948 124 30 contradi-

183 979 107 32 ctio,
254 979 107 32 sicut
325 979 107 32 vides
397 979 83 32 Sed
444 979 119 32 contra
515 979 178 32 determinatio-

187 1006 84 35 nem
235 1006 108 35 istam
307 1006 156 35 dubitauit
427 1006 168 35 subtiliter
547 1006 144 35 magnificen

184 1040 75 32 tia
227 1040 86 32 tua.
281 1040 86 32 quia
334 1040 86 32 tunc
388 1040 75 32 non
430 1040 96 32 esset
494 1040 86 32 vera
537 1040 150 32 contrariorum

179 1070 169 31 descriptio,
314 1070 124 31 dicens,
405 1070 147 31 contraria
518 1070 102 31 sunt,
585 1070 90 31 quae
631 1070 56 31 ha-

183 1100 94 37 bent
242 1100 106 37 fieri
313 1100 106 37 circa
383 1100 94 37 idem
442 1100 153 37 subiectum
560 1100 82 37 non
595 1100 94 37 simuli

182 1132 83 38 sed
229 1132 177 38 successiue:
371 1132 106 38 modo,
442 1132 71 38 si
477 1132 153 38 contraria
595 1132 71 38 in
618 1132 71 38 loco

181 1162 94 33 sunt
240 1162 82 33 duo
287 1162 71 33 in
322 1162 153 33 subiecto,
440 1162 59 33 &
464 1162 82 33 duo
511 1162 71 33 in
546 1162 118 33 forma,
616 1162 71 33 nun-

182 1194 98 42 quam
243 1194 123 42 igitur
329 1194 123 42 aliquo
415 1194 98 42 modo
477 1194 111 42 circa
551 1194 98 42 idem
600 1194 86 42 subie

183 1223 88 35 ctum
238 1223 110 35 habent
315 1223 110 35 fueri,
393 1223 77 35 nec
437 1223 110 35 simul,
514 1223 77 35 nec
547 1223 144 35 successiue.

176 1257 86 33 Et
219 1257 86 33 ad
262 1257 100 33 hoc
319 1257 115 33 dixi
390 1257 115 33 quod
462 1257 200 33 argumentum
605 1257 86 33 tuum

183 1287 190 35 demonstrat.
335 1287 89 35 nam
386 1287 114 35 locus
462 1287 152 35 superior
563 1287 127 35 vniuersi

177 1318 136 37 nunquam
275 1318 99 37 fiet
337 1318 161 37 inferior.
461 1318 62 37 &
485 1318 99 37 dixi
535 1318 148 37 descriptio

182 1351 80 35 nem
227 1351 102 35 illam
295 1351 159 35 verificari
420 1351 68 35 de
454 1351 159 35 contrarijs
579 1351 68 35 in
602 1351 91 35 quali-

187 1381 94 37 ate,
246 1381 83 37 non
293 1381 71 37 de
329 1381 165 37 contrarijs
459 1381 71 37 in
494 1381 106 37 loco,
565 1381 59 37 &
589 1381 94 37 dixi
636 1381 59 37 cum

176 1413 136 38 Auerroi
275 1413 136 38 commen.
374 1413 87 38 3g.
424 1413 124 38 quarti
510 1413 74 38 de
548 1413 112 38 coelo
610 1413 74 38 con-

182 1445 179 37 trarietatem
325 1445 83 37 non
373 1445 95 37 dici
432 1445 143 37 vniuoce,
539 1445 83 37 sed
575 1445 119 37 equiuoce

187 1477 71 30 vel
228 1477 133 30 analogice
330 1477 61 30 de
360 1477 71 30 his
401 1477 51 30 &
421 1477 61 30 de
452 1477 102 30 illis.
524 1477 71 30 Aut
564 1477 112 30 aliter.
636 1477 61 30 ali-

178 1505 95 39 quid
237 1505 142 39 conuenit
344 1505 119 39 alicui
427 1505 130 39 ratione
522 1505 142 39 generis,
617 1505 71 39 quod

177 1534 121 36 tamen
257 1534 162 36 repugnat
379 1534 121 36 eidem
459 1534 148 36 ratione
554 1534 121 36 speciei

174 1569 123 34 sicut
256 1569 123 34 patet
338 1569 123 34 sexto
420 1569 191 34 physicorum
556 1569 136 34 commento

175 1597 211 46 decimoquinto
346 1597 66 46 &
372 1597 145 46 septimo
477 1597 184 46 physicorum
609 1597 79 46 com-

172 1628 132 32 mento
245 1628 132 32 secundo

213 1661 126 35 Quarta
301 1661 163 35 contradi.
427 1661 88 35 est
477 1661 75 35 in
515 1661 101 35 eom.
578 1661 88 35 19.
616 1661 75 35 Com-

175 1690 142 32 mentator
282 1690 107 32 dicit
353 1690 95 32 quod
412 1690 83 32 non
459 1690 83 32 fit
507 1690 107 32 minus
578 1690 95 32 nisi
637 1690 83 32 per

177 1721 190 33 admixtionem
329 1721 177 33 contrarij.
469 1721 177 33 Oppositum.
595 1721 89 33 secun

177 1756 71 30 do
213 1756 106 30 coeli
283 1756 154 30 commento.
402 1756 83 30 13.
449 1756 154 30 Soluitur.
567 1756 71 30 in
591 1756 94 30 haben-

181 1783 96 35 tibus
245 1783 149 35 contrariam
362 1783 128 35 secundum
458 1783 85 35 viam
511 1783 117 35 Commen.
586 1783 106 35 remissio

181 1815 83 40 per
229 1815 178 40 admixtionem
371 1815 154 40 contrarij
489 1815 95 40 fit,
549 1815 59 40 &
572 1815 83 40 per
608 1815 83 40 oppo-

182 1845 97 37 suum
242 1845 145 37 intensio
351 1845 85 37 per
400 1845 169 37 remotionem
533 1845 61 37 a
545 1845 133 37 contrario

177 1876 96 38 iuxta
241 1876 96 38 illud
306 1876 160 38 Philosophi,
434 1876 96 38 illud
498 1876 75 38 est
541 1876 118 38 albius,
616 1876 64 38 quod

711 165 84 37 est
759 165 108 37 nigro
831 165 203 37 impermixtius.
998 165 72 37 in
1034 165 167 37 carentibus
1153 165 72 37 vero

716 200 158 35 contrario,
840 200 102 35 sicut
908 200 79 35 est
953 200 113 35 lumen,
1033 200 57 35 &
1055 200 91 35 alia
1112 200 136 35 huiusmo

715 228 75 38 di,
758 228 75 38 non
801 228 75 38 est
844 228 75 38 sic
887 228 65 38 Et
920 228 86 38 ideo
973 228 86 38 Com.
1027 228 65 38 in
1060 228 86 38 com.
1113 228 75 38 13.
1156 228 65 38 2.
1178 228 43 38 de

709 266 108 32 coelo
781 266 84 32 iam
829 266 144 32 allegato
937 266 132 32 inquit.
1033 266 60 32 &
1057 266 84 32 non
1093 266 132 32 sequitur,

711 293 71 30 vt
747 293 143 30 remiffio
854 293 83 30 sit
902 293 119 30 semper
985 293 71 30 ex
1021 293 143 30 mixtione
1116 293 107 30 contra-

708 323 83 32 ril,
760 323 94 32 sicut
822 323 94 32 dixit
885 323 94 32 Alex.
947 323 62 32 in
978 323 104 32 multis
1041 323 83 32 locis.

756 350 114 43 Quinta
835 350 148 43 contradi.
949 350 80 43 est
995 350 68 43 in
1029 350 114 43 comen.
1109 350 80 43 2I.
1143 350 80 43 Dicit

707 388 205 35 generationem
874 388 90 35 non
925 388 102 35 esse
989 388 128 35 motum,
1078 388 102 35 quia
1129 388 90 35 forma

715 415 79 36 est
760 415 203 36 indiuisibilis.
929 415 79 36 Sed
974 415 147 36 oppositum
1087 415 124 36 videtur
1166 415 56 36 sen

708 445 88 37 tire
763 445 66 37 de
796 445 110 37 formis
872 445 186 37 elementorupi.
1026 445 66 37 3.
1059 445 99 37 coeli
1124 445 88 37 com.
1168 445 55 37 S7.

714 475 85 39 vbi
763 475 110 39 tenet
836 475 97 39 quod
896 475 183 39 intenduntur
1042 475 61 39 &
1055 475 170 39 remittuntur.

711 506 159 33 Soluitur.
833 506 73 33 de
869 506 134 33 ratione
967 506 110 33 motus
1040 506 98 33 duae
1089 506 134 33 conditio-

707 541 76 31 nes
751 541 174 31 requiruntur.
892 541 76 31 vna
935 541 87 31 quod
990 541 141 31 subiectum
1098 541 76 31 sit
1142 541 76 31 ens
1175 541 43 31 in

709 570 93 32 actu,
771 570 83 32 alia
822 570 83 32 quod
874 570 93 32 forma
936 570 72 32 sit
977 570 165 32 diuisibilis.
1111 570 83 32 vnde
1153 570 72 32 quin-

711 601 87 33 to.
760 601 173 33 physicorum
896 601 149 33 probatur
1008 601 74 33 ad
1045 601 173 33 relationem
1169 601 62 33 non

711 635 105 31 esse
777 635 132 31 motum,
869 635 66 31 &
895 635 118 31 eriam
974 635 145 31 septimo
1066 635 158 31 physicorum

714 664 71 33 de
750 664 107 33 prima
821 664 118 33 specie
904 664 178 33 qualitatis.
1046 664 71 33 Et
1069 664 154 33 commentator

713 696 68 34 6.
747 696 136 34 physico.
849 696 136 34 commento
951 696 68 34 S.
985 696 114 34 probat
1065 696 91 34 quod
1122 696 68 34 ad
1144 696 80 34 situm

711 728 77 36 non
755 728 77 36 est
799 728 110 36 motus,
876 728 88 36 quia
931 728 77 36 est
976 728 132 36 relatio,
1075 728 55 36 &
1097 728 121 36 relatio
1174 728 55 36 com

713 755 109 39 sistit
789 755 65 39 in
822 755 185 39 indiuisibili.
975 755 152 39 Requiritur
1094 755 98 39 etiam
1160 755 87 39 quod

705 788 163 38 subiectum
831 788 88 38 sit
881 788 75 38 in
919 788 113 38 actu.
995 788 126 38 quinto
1070 788 151 38 physicorum

708 821 96 30 tex.
768 821 156 30 commento.
888 821 72 30 S.
924 821 72 30 Et
960 821 132 30 propter
1057 821 84 30 hoc
1105 821 72 30 in
1129 821 96 30 formis

712 853 131 34 eductis
807 853 71 34 de
843 853 143 34 potentia
950 853 155 34 materiae,
1069 853 131 34 quaedam
1153 853 71 34 sunt

720 882 154 39 perfectae,
841 882 77 39 non
885 882 187 39 intensibiles,
1038 882 99 39 neque
1093 882 132 39 remissibi-

710 917 93 29 les,
768 917 104 29 sicut
838 917 93 29 sunt
896 917 116 29 formae
977 917 151 29 mixtorum:
1093 917 58 29 &
1117 917 70 29 de
1140 917 81 29 istis

709 949 135 29 maxime
804 949 203 29 verificatur
966 949 135 29 dictum
1047 949 176 29 Commentato-

714 977 88 33 ris,
769 977 88 33 quod
824 977 142 33 generatio
933 977 110 33 talium
1010 977 77 33 non
1054 977 77 33 est
1098 977 110 33 motus,
1163 977 66 33 quia

715 1011 97 32 tales
780 1011 86 32 sunt
834 1011 194 32 indiuisibiles,
996 1011 97 32 idest
1060 1011 75 32 non
1093 1011 129 32 successiue

715 1040 206 32 acquisibiles,
885 1040 85 32 sed
933 1040 85 32 per
982 1040 121 32 minima
1055 1040 170 32 acquirantur.

709 1068 139 32 formae
806 1068 125 32 autem
890 1068 208 32 elementorum
1056 1068 111 32 sunt
1112 1068 111 32 mediae

705 1099 123 32 inter
787 1099 205 32 substantiam
951 1099 68 32 &
979 1099 164 32 accidens
1088 1099 137 32 secundum

711 1132 242 33 Commentatorem
910 1132 142 33 tertio
1010 1132 128 33 coeli
1081 1132 142 33 commento

720 1164 78 31 S7.
764 1164 55 31 &
786 1164 100 31 tales
853 1164 177 31 partibiliter
997 1164 177 31 acquiruntur,
1141 1164 55 31 &
1152 1164 67 31 sue-

704 1192 147 34 cessiue:
814 1192 110 34 tamen
887 1192 110 34 earum
961 1192 159 34 genetatio
1083 1192 86 34 non
1132 1192 86 34 est
1169 1192 49 34 mo

716 1223 90 34 tus,
772 1223 90 34 quia
828 1223 147 34 subiectum
941 1223 79 34 non
986 1223 79 34 est
1031 1223 79 34 ens
1076 1223 68 34 in
1110 1223 101 34 actu.
1167 1223 56 34 Vi-

706 1261 78 30 de
745 1261 104 30 quae
810 1261 143 30 scripsi
914 1261 117 30 primo
993 1261 182 30 physicorum
1123 1261 104 30 commen

707 1286 77 42 to
733 1286 255 42 sexagesimosecundo,

733 1318 116 35 Sexta
810 1318 206 35 contradictio
978 1318 90 35 est
1030 1318 77 35 in
1068 1318 142 35 commen.
1159 1318 64 35 11.

712 1348 107 33 Dicit
784 1348 179 33 Commentator
926 1348 95 33 quod
986 1348 119 33 vltima
1069 1348 83 33 non
1117 1348 95 33 sunt
1176 1348 71 33 in

712 1379 94 39 loco,
774 1379 84 39 nisi
827 1379 73 39 per
869 1379 136 39 accidens,
974 1379 73 39 non
1015 1379 189 39 essentialiter.
1173 1379 73 39 Sed

713 1409 108 33 hnius
785 1409 157 33 oppositum
906 1409 96 33 ipse
966 1409 133 33 scribit
1062 1409 108 33 primo
1135 1409 72 33 de
1159 1409 60 33 ge-

712 1444 147 35 neratione
824 1444 135 35 comment.
926 1444 79 35 29.
971 1444 79 35 vbi
1016 1444 101 35 habet
1084 1444 90 35 quod
1129 1444 90 35 lineg,

704 1476 187 30 superficies,
856 1476 58 30 &
879 1476 117 30 puncta
961 1476 82 30 non
1008 1476 93 30 sunt
1066 1476 70 30 in
1101 1476 105 30 loco,
1160 1476 58 30 ne-

712 1505 87 42 que
761 1505 149 42 secundum
873 1505 87 42 se,
923 1505 112 42 neque
998 1505 149 42 secundum
1097 1505 137 42 accidens.

711 1535 159 35 poluitur.
833 1535 135 35 aliquid
931 1535 122 35 moueri
1017 1535 86 35 per
1066 1535 147 35 accidens
1164 1535 61 35 con

710 1566 117 40 tingit
792 1566 175 40 dupliciter,
932 1566 105 40 pure,
1002 1566 58 40 &
1025 1566 82 40 non
1072 1566 105 40 pure.
1130 1566 93 40 Appel-

714 1599 59 36 o
738 1599 107 36 illud
809 1599 119 36 moueri
892 1599 83 36 per
940 1599 202 36 accidenspure,
1106 1599 95 36 quod
1154 1599 71 36 prae

716 1628 104 30 cise
781 1628 144 30 mouetur
886 1628 78 30 ad
925 1628 117 30 motum
1003 1628 170 30 alterius,
1134 1628 65 30 &
1147 1628 78 30 nul-

709 1657 74 33 lo
746 1657 98 33 modo
807 1657 123 33 potest
893 1657 86 33 per
942 1657 74 33 se
979 1657 135 33 moueri.
1077 1657 61 33 &
1102 1657 98 33 isto
1164 1657 86 33 mo

713 1692 71 30 do
749 1692 190 30 intelligitur
903 1692 119 30 dictum
986 1692 95 30 Com,
1046 1692 83 30 hic
1093 1692 71 30 in
1117 1692 107 30 commen.

710 1725 81 29 12.
757 1725 116 29 quando
838 1725 116 29 dicit,
919 1725 93 29 quod
977 1725 116 29 vltima
1059 1725 139 29 monentur
1163 1725 81 29 per

712 1756 138 32 accidens,
818 1756 127 32 scilicet
914 1756 95 32 pure,
977 1756 85 32 quia
1030 1756 127 32 praecise
1115 1756 106 32 mouentur

704 1780 76 39 ad
742 1780 114 39 motum
818 1780 139 39 illius,
919 1780 114 39 cuius
995 1780 101 39 sunt
1059 1780 139 39 vltima.
1147 1780 76 39 Alio

704 1817 96 33 modo
764 1817 132 33 aliquid
860 1817 132 33 dicitur
956 1817 84 33 non
1004 1817 96 33 pure
1064 1817 84 33 per
1100 1817 120 33 accidens

704 1846 140 36 moueri,
806 1846 64 36 &
831 1846 89 36 est
882 1846 127 36 illud,
971 1846 102 36 quod
1035 1846 140 36 mouetur
1136 1846 76 36 ad
1162 1846 64 36 mo-

703 1875 79 39 tum
748 1875 147 39 alterius.
861 1875 90 39 quod
918 1875 113 39 tamen,
997 1875 68 39 si
1031 1875 147 39 separatum
1133 1875 90 39 fuerit
