1416 2066
176 180 166 48 secundum
300 180 110 48 hane
370 180 221 48 expositionem
535 180 166 48 intendebat

189 216 88 49 quod
244 216 133 49 secundum
344 216 88 49 hoc,
399 216 88 49 quod
454 216 66 49 in
487 216 166 49 definitione
609 216 88 49 tempo-

180 261 103 43 ris
239 261 191 43 accipitur
386 261 147 43 motus,
489 261 176 43 sequitur
606 261 88 43 vnum

189 293 149 46 motum,
293 293 74 46 &
323 293 104 46 est
383 293 164 46 numerus
502 293 164 46 illius,
606 293 89 46 pri-

189 332 76 38 mo,
233 332 55 38 &
255 332 196 38 essentialiter:
418 332 65 38 &,
451 332 131 38 secundum
549 332 87 38 quod
593 332 109 38 mensurat

183 366 137 37 omnes
274 366 152 37 motus,
380 366 106 37 est
441 366 167 37 numerus
547 366 152 37 cuiusli-

185 405 91 47 bet
237 405 131 47 motus.
329 405 104 47 D.d.
394 405 91 47 sed
446 405 91 47 est
498 405 183 47 possibile,
629 405 65 47 &c.

189 439 81 43 i.
229 439 108 43 sed,
297 439 81 43 si
337 439 189 43 posuerimus
486 439 122 43 ipsum
567 439 108 43 osse
621 439 68 43 nu-

185 477 133 38 merum
274 477 208 38 cuiuslibet
437 477 148 38 motus,
541 477 104 38 cum
585 477 119 38 fuerit

186 517 184 37 numerus
320 517 201 37 alicuius
471 517 151 37 motus
555 517 134 37 demon-

190 552 150 42 strati,
299 552 68 42 &
327 552 82 42 in
367 552 109 42 illa
435 552 109 42 hora
503 552 150 42 mouetur
599 552 95 42 aliud

194 596 106 43 motu
260 596 146 43 aequali
366 596 93 43 ei,
419 596 106 43 tunc
485 596 132 43 tempus
578 596 106 43 erit
631 596 66 43 iu-

188 636 142 39 merus
283 636 205 39 vtriusque
441 636 174 39 illorum
551 636 142 39 motuum,

185 669 66 46 &
211 669 93 46 sic
264 669 252 46 multiplicabitur
476 669 93 46 per
516 669 172 46 multiplica-

188 702 140 44 tionem
286 702 140 44 eorum:
384 702 70 44 &
412 702 98 44 sic
469 702 140 44 essent
567 702 98 44 duo
609 702 84 44 ten-

190 742 113 48 pora
261 742 170 48 insimul.
388 742 113 48 quod
459 742 99 48 est
501 742 198 48 impossibile.

215 781 82 38 D.
256 781 163 38 incoepit
378 781 190 38 dissoluere
528 781 109 38 hanc
596 781 122 38 quae¬

194 816 158 42 stionem,
312 816 66 42 &
339 816 79 42 d.
378 816 145 42 Dicamus
483 816 132 42 igitur
576 816 105 42 quod
628 816 66 42 non

190 855 82 50 est
237 855 93 50 ita,
295 855 82 50 &c.
342 855 70 50 i.
377 855 58 50 &
400 855 82 50 hoc
447 855 82 50 non
494 855 152 50 sequitur.
599 855 105 50 quoniam

195 894 169 51 possibile
325 894 91 51 est
377 894 78 51 vt
416 894 104 51 idem
481 894 130 51 tempus
572 894 91 51 sit
611 894 91 51 aequa

191 931 131 39 uter
273 931 164 39 duorum
387 931 164 39 motuum
502 931 180 39 insimul
617 931 82 39 di-

193 968 164 50 uersorum
316 968 137 50 absque
412 968 96 50 eo,
467 968 109 50 quod
535 968 137 50 tempus
617 968 82 50 mul-

186 1005 198 52 tiplicetur
342 1005 99 52 per
398 1005 283 52 multiplicationem
625 1005 71 52 mo-

190 1045 131 37 tuum,
277 1045 73 37 &
306 1045 102 37 non
364 1045 174 37 sequitur
494 1045 203 37 necessario
639 1045 58 37 vt

189 1087 119 35 duo
257 1087 152 35 motus
358 1087 186 35 habeant
494 1087 119 35 duo
545 1087 152 35 tempora

192 1118 164 52 uecessario.
323 1118 109 52 tempus
400 1118 87 52 enim
454 1118 131 52 secundum
553 1118 87 52 quod
608 1118 77 52 est
640 1118 55 52 nu-

189 1157 144 49 merus
285 1157 176 49 motuum,
413 1157 112 49 non
461 1157 240 49 multiplicabi-

186 1204 111 45 tur
249 1204 111 45 per
313 1204 316 45 multiplicationem
566 1204 126 45 motuum

185 1238 75 44 &
215 1238 166 44 numerus
336 1238 105 44 non
396 1238 286 44 multiplicabitur
622 1238 75 44 per

185 1269 340 46 multiplicationem
457 1269 238 46 numeratorum.

175 1309 90 48 v.
220 1309 90 48 g.
265 1309 210 48 quinarius,
430 1309 105 48 per
489 1309 120 48 quem
549 1309 135 48 numeran

182 1348 98 48 tur
238 1348 154 48 quinque
350 1348 140 48 canes,
448 1348 70 48 &
475 1348 154 48 quinque
587 1348 126 48 equi,
657 1348 42 48 &

187 1390 114 36 alia
258 1390 157 36 genera,
372 1390 157 36 quoniam
487 1390 100 36 est
544 1390 129 36 idem.
630 1390 100 36 non

189 1422 117 52 ergo
263 1422 176 52 sequitur
394 1422 88 52 vt
438 1422 146 52 tempus
526 1422 176 52 multiplice

191 1468 108 42 tur
252 1468 108 42 per
314 1468 308 42 multiplicationem
560 1468 139 42 motuum.

206 1497 99 52 Sed,
267 1497 74 52 si
305 1497 173 52 posuerimus
441 1497 99 52 quod
502 1497 173 52 dispositio
626 1497 62 52 tem

184 1534 105 46 poris
254 1534 81 46 cum
301 1534 93 46 omni
359 1534 93 46 motu
417 1534 81 46 sit
463 1534 116 46 talis,
545 1534 140 46 scilicet
638 1534 58 46 si-

190 1571 109 39 cut
252 1571 217 39 dispositio
422 1571 155 39 numeri
531 1571 109 39 cum
577 1571 124 39 numera

189 1608 95 42 to,
244 1608 162 42 sequitur
365 1608 81 42 vt
406 1608 135 42 tempus
500 1608 95 42 non
554 1608 95 42 sit
608 1608 95 42 ens
649 1608 54 42 na

185 1645 153 52 turale,
296 1645 125 52 neque
380 1645 153 52 mobile,
491 1645 97 52 sed
532 1645 167 52 imaginabi-

185 1685 87 45 le.
234 1685 87 45 res
284 1685 100 45 enim
346 1685 100 45 quae
409 1685 100 45 sunt
471 1685 75 45 in
508 1685 125 45 mente,
595 1685 87 45 non
633 1685 62 45 ac-

180 1730 158 32 cipitur
295 1730 130 32 motus
381 1730 86 32 in
424 1730 216 32 definitione
583 1730 115 32 earum.

184 1759 94 43 Et,
237 1759 81 43 si
278 1759 189 43 posuerimus
426 1759 121 43 etiam
507 1759 135 43 TIquod
588 1759 108 43 tempus

175 1796 194 55 accipitur
324 1796 89 55 in
369 1796 224 55 definitione
533 1796 164 55 cuiusubet

715 172 145 54 motus.
816 172 188 54 Isequitur
961 172 87 54 vt
990 172 246 54 multiplicetur,l

714 216 103 49 per
773 216 294 49 multiplicationem
1023 216 162 49 motuum:
1126 216 103 49 sicut

723 250 87 55 est
772 250 174 55 dispositio
909 250 75 55 in
947 250 162 55 albedine,
1071 250 62 55 &
1096 250 112 55 aliis
1159 250 62 55 ac-

721 293 207 46 cidentibus,
887 293 110 46 quae
955 293 248 46 multiplicantur
1162 293 96 46 per

720 326 295 45 multiplicationem
971 326 191 45 subiecti.
1118 326 88 45 Si
1147 326 74 45 au-

715 372 99 39 tem
771 372 197 39 posuerimus
926 372 113 39 quod
997 372 197 39 dispositio
1137 372 85 39 eius

716 405 102 49 cum
775 405 117 49 motu
848 405 102 49 vno
906 405 102 49 est
964 405 204 49 dispositio
1110 405 117 49 sequem

717 440 102 41 tis,
781 440 76 41 in
819 440 114 41 cuius
895 440 190 41 definitione
1047 440 165 41 accipitur
1162 440 63 41 il-

714 479 118 43 lud,
788 479 89 43 ad
832 479 118 43 quod
906 479 192 43 sequitur,
1054 479 74 43 &
1083 479 103 43 cum
1128 479 103 43 aliis

716 522 165 47 motibus,
840 522 124 47 sicut
923 522 193 47 dispositio
1074 522 138 47 numeri
1156 522 69 47 cum

718 555 173 47 numerato,
851 555 199 47 dissoluetur
1010 555 173 47 quaestio.
1143 555 66 47 &
1157 555 66 47 iam

717 597 215 45 declarauimus
891 597 121 45 prius
972 597 108 45 quod
1039 597 94 45 non
1080 597 134 45 percipi-

719 636 98 38 mus
775 636 154 38 tempus,
887 636 126 38 quand
971 636 196 38 percipimus
1111 636 112 38 motum,

715 672 96 47 per
770 672 110 47 quem
839 672 164 47 sentimus
962 672 96 47 nos
1017 672 110 47 esse
1085 672 82 47 in
1112 672 110 47 trans-

717 709 177 37 mutatione
853 709 177 37 continua,
990 709 68 37 &
1017 709 95 37 est
1071 709 123 37 motus
1139 709 82 37 cir-

723 743 161 54 cularis.
843 743 134 54 Tempus
937 743 134 54 igitur
1031 743 161 54 sequitur
1138 743 80 54 hunc

719 780 121 46 motum:
804 780 61 46 &
828 780 97 46 iste
888 780 109 46 motus
961 780 157 46 accipitur
1082 780 73 46 in
1106 780 109 46 defini-

722 825 110 41 tione
795 825 110 41 eius:
869 825 61 41 &
893 825 110 41 ipsum
967 825 147 41 mensurat
1077 825 123 41 illum,
1151 825 61 41 non

720 860 144 38 secundum
828 860 96 38 quod
888 860 132 38 numerus
984 860 144 38 mensurat
1080 860 132 38 numeratum

721 893 69 46 sed
761 893 119 46 secundum
850 893 79 46 quod
899 893 119 46 mensurat
988 893 119 46 aliquid,
1077 893 79 46 quid
1126 893 69 46 est
1156 893 59 46 for-

719 932 82 39 ma
760 932 82 39 iu
801 932 96 39 re:
856 932 123 39 alios
938 932 109 39 vero
1006 932 123 39 motus
1074 932 137 39 mensurat

724 973 130 37 secundum
821 973 86 37 quod
875 973 119 37 numerus
962 973 130 37 mensurat
1059 973 151 37 numeratum,
1167 973 43 37 sc

721 1014 93 40 quod
780 1014 152 40 numeratum
897 1014 82 40 non
943 1014 152 40 accipitur
1060 1014 70 40 in
1083 1014 129 40 definitio

716 1053 72 41 ne
752 1053 120 41 nueri.
836 1053 84 41 Per
884 1053 84 41 hoc
932 1053 120 41 icitur
1016 1053 180 41 dissoluitur
1148 1053 60 41 qui

710 1083 115 39 stio
781 1083 201 39 Themistil,
939 1083 72 39 &
968 1083 158 39 auorum.
1082 1083 72 39 &
1111 1083 100 39 hoc
1154 1083 57 39 ma

719 1121 131 51 nifestum
818 1121 77 51 est
861 1121 66 51 ex
894 1121 110 51 sermoe
971 1121 99 51 eius.
1037 1121 55 51 &
1059 1121 77 51 per
1102 1121 77 51 hoc
1135 1121 77 51 ponst

720 1163 164 39 demonstrare
852 1163 66 39 ex
884 1163 88 39 hoc,
939 1163 88 39 quod
994 1163 99 39 tpeos
1060 1163 77 39 est
1093 1163 121 39 continuum

721 1198 180 48 continuitate
867 1198 113 48 motus,
946 1198 68 48 ex
980 1198 90 48 hoc,
1036 1198 90 48 quod
1092 1198 113 48 tpeons
1160 1198 56 48 est

722 1233 180 41 teciprocum
864 1233 232 41 reciprocatione
1057 1233 129 41 motus.
1135 1233 77 41 D.d.

714 1271 89 43 sed
765 1271 114 43 forte
841 1271 114 43 alter
917 1271 101 43 erit
980 1271 127 43 velox,
1069 1271 89 43 &c.
1120 1271 76 43 i.
1158 1271 89 43 sed

715 1310 115 41 forte
792 1310 102 41 erit
856 1310 115 41 alter
933 1310 128 41 velox,
1022 1310 64 41 &
1048 1310 115 41 alter
1112 1310 89 41 tardi

721 1345 58 42 &
745 1345 70 42 in
779 1345 139 42 habebunt
884 1345 105 42 tpeos
954 1345 128 42 equale,
1047 1345 105 42 licet
1116 1345 81 42 sit
1151 1345 70 42 idem

721 1389 93 46 D.d.
779 1389 58 46 &
802 1389 104 46 forte
872 1389 104 46 alter
941 1389 104 46 erit,
1011 1389 81 46 &c.
1057 1389 58 46 &
1080 1389 104 46 inuit
1150 1389 93 46 quod

714 1422 85 50 non
762 1422 109 50 solum
835 1422 146 50 mensurat
944 1422 121 50 motus,
1029 1422 85 50 qui
1078 1422 97 50 sunt
1126 1422 85 50 insi-

718 1461 77 44 mul
762 1461 121 44 eiusdem
850 1461 131 44 speciei,
948 1461 77 44 sed
992 1461 99 44 etiam
1058 1461 88 44 quod
1112 1461 88 44 sunt
1156 1461 55 44 spe

719 1501 81 37 rum
766 1501 173 37 diuersarum.
904 1501 92 37 D.d.
961 1501 104 37 tpers
1031 1501 92 37 vero
1088 1501 115 37 eorum,
1157 1501 58 37 &c.

719 1532 78 46 i.
758 1532 65 46 &
784 1532 182 46 dispositio
927 1532 78 46 in
966 1532 143 46 tempore
1070 1532 130 46 duorum
1161 1532 91 46 mo¬

718 1581 118 37 tuum
792 1581 207 37 diuersorum
954 1581 89 37 in
999 1581 148 37 specie
1102 1581 89 37 in
1131 1581 89 37 hoc,

709 1613 105 49 quod
775 1613 131 49 tempus
866 1613 118 49 eorum
945 1613 92 49 est
998 1613 118 49 idem,
1077 1613 66 49 &
1090 1613 131 49 aequale,

715 1653 79 37 si
754 1653 119 37 motus
834 1653 145 37 fuerint
939 1653 172 37 aequales,
1072 1653 93 37 aut
1111 1653 106 37 diuer-

713 1685 95 45 sum
768 1685 162 45 secundum
889 1685 135 45 magis,
984 1685 68 45 &
1011 1685 135 45 minus,
1105 1685 81 45 si
1132 1685 95 45 motus

712 1725 149 49 fuennt
817 1725 164 49 diuersi
936 1725 179 49 secundum
1071 1725 149 49 magis,
1175 1725 75 49 &

709 1761 149 50 minus,
814 1761 105 50 est
873 1761 209 50 dispositio
1038 1761 90 50 in
1068 1761 149 50 motibus,

720 1797 100 53 qui
777 1797 114 53 sunt
848 1797 128 53 vnius
919 1797 142 53 generis,
