1416 2066
174 173 177 54 ceptionis
311 173 109 54 est,
379 173 136 54 veluti
474 173 177 54 contingit
597 173 95 54 illis

188 215 148 43 duobus
292 215 178 43 Antiquis
425 215 89 43 in
470 215 207 43 quadratura
618 215 74 43 cir

189 256 128 34 culi:
274 256 99 34 nam
331 256 128 34 alter
416 256 156 34 putabat
529 256 85 34 se
557 256 142 34 circulum

190 289 216 46 quadrasse,
360 289 108 46 cum
421 289 170 46 lunarem
529 289 155 46 quadraue

185 325 96 53 rit
240 325 164 53 figuram:
363 325 123 53 alter
445 325 123 53 vero,
527 325 96 53 cum
568 325 137 53 fecisset

182 365 96 50 in
230 365 176 50 circulo
358 365 176 50 figuram
470 365 224 50 triangularem

179 410 274 32 aequilateram,
405 410 81 32 &
437 410 145 32 super
518 410 177 32 quamlibet

188 439 107 51 eius
254 439 134 51 costam
348 439 160 51 formaret
468 439 187 51 triangulum
602 439 93 51 aequi

189 473 135 54 erurium
287 473 160 54 censebat,
410 473 74 54 si
447 473 86 54 ita
496 473 123 54 semper
570 473 123 54 egisset,

183 518 205 51 coniungere
345 518 147 51 costas
448 518 147 51 vltimi
536 518 161 51 trianguli

191 551 118 43 super
270 551 144 43 circuli
374 551 262 43 circunferentiam.
597 551 79 43 Ad
623 551 66 43 Oec

190 597 153 41 metram
297 597 153 41 nanque
404 597 168 41 spectat
527 597 153 41 primum
618 597 77 41 re-

188 629 134 44 fellere
285 629 146 44 errorem,
394 629 73 44 re
431 629 182 44 spondereque
577 629 85 44 ei,
613 629 73 44 pro-

192 666 138 40 bando
284 666 184 40 circulum
421 666 107 40 non
483 666 168 40 diuidi,
590 666 107 40 vsque

198 704 95 50 quo
253 704 150 50 desinat
362 704 82 50 in
402 704 150 50 figuras
511 704 163 50 lunares,
620 704 68 50 im-

190 739 202 55 possibileque
354 739 101 55 sit,
417 739 114 55 ipsas
493 739 139 55 figuras
581 739 114 55 lunares

192 778 187 40 circulum
332 778 218 40 mensurare.
503 778 171 40 Secundo
612 778 78 40 ve-

181 816 96 50 ro
229 816 176 50 delicto
357 816 160 50 nequit
469 816 192 50 Geometra
597 816 96 50 con-

193 852 151 51 tradicere.
312 852 118 51 quoniam
398 852 97 51 ille,
462 852 75 51 qui
505 852 65 51 eo
538 852 86 51 vsus
591 852 86 51 est,
634 852 65 51 vnum

187 893 89 37 ex
232 893 192 37 Oeometrae
379 893 222 37 fundamentis
542 893 148 37 profecto

192 929 139 52 negat,
289 929 111 52 quod
358 929 111 52 est,
428 929 125 52 oimne
511 929 152 52 quantum
608 929 83 52 pos-

188 965 80 53 se
228 965 80 53 in
267 965 173 53 infinitum
400 965 146 53 diuidi.
507 965 106 53 Haec
573 965 106 53 ergo
627 965 66 53 est

187 1013 195 43 potissima
337 1013 150 43 causa,
442 1013 90 43 ob
486 1013 120 43 quam
546 1013 150 43 tenetur,

193 1042 100 44 qui
250 1042 114 44 hanc
321 1042 172 44 defendit
450 1042 157 44 seniam,
564 1042 100 44 non
607 1042 86 44 habe

186 1080 74 42 re
223 1080 148 42 sermonem
334 1080 86 42 cum
383 1080 86 42 his
432 1080 123 42 duobus
518 1080 148 42 scilicet
617 1080 74 42 Par-

191 1118 157 44 menide,
305 1118 71 44 &
334 1118 172 44 Melisso.
462 1118 100 44 Sed
519 1118 129 44 huius
591 1118 100 44 seiae

189 1160 197 48 professor
341 1160 167 48 cogitur
462 1160 197 48 supponere
599 1160 91 48 quod

188 1195 124 39 datur
271 1195 179 39 plurabtas
409 1195 83 39 in
450 1195 124 39 rebus
519 1195 165 39 sensibili-

190 1233 103 50 bus,
254 1233 154 50 variaque
370 1233 167 50 pricipia,
499 1233 77 50 ex
538 1233 129 50 quibus
615 1233 77 50 ori-

188 1276 100 37 tur
245 1276 215 37 huiuscemodi
417 1276 215 37 pluralitas,
590 1276 72 37 &
604 1276 86 37 natu

174 1309 82 49 ra
215 1309 151 49 quoque,
325 1309 110 49 quae
394 1309 137 49 quidem
489 1309 96 49 est
531 1309 164 49 principium

190 1346 127 41 motus
274 1346 127 41 harum
359 1346 127 41 rerum
444 1346 225 41 sensibilium.
613 1346 70 41 Be-

190 1384 129 53 cunda
275 1384 129 53 autem
361 1384 129 53 causa
447 1384 114 53 est,
518 1384 114 53 quia
576 1384 114 53 huius-

188 1420 110 46 modi
257 1420 137 46 opinio
353 1420 96 46 est
408 1420 123 46 falsa
490 1420 82 46 in
531 1420 110 46 arte
586 1420 96 46 Diale

185 1463 142 48 cticae.
288 1463 65 48 &
314 1463 129 48 sensui
405 1463 194 48 aduersatur,
560 1463 129 48 veluti
637 1463 52 48 qu

188 1501 124 37 dicit
271 1501 178 37 contraria
408 1501 124 37 eadem
490 1501 110 37 esse
559 1501 137 37 simul.
641 1501 55 37 In

182 1537 137 49 sylleis
281 1537 137 49 quoque,
380 1537 99 49 quos
442 1537 75 49 hi
480 1537 87 49 duo
529 1537 99 49 viri
592 1537 75 49 ad
616 1537 75 49 hanc

188 1571 131 48 fniam
276 1571 189 48 afferunt,
421 1571 102 48 per
480 1571 160 48 spicuum
582 1571 116 48 quippe

187 1613 96 37 est
242 1613 178 37 peccatum,
379 1613 82 37 vt
420 1613 82 37 ex
461 1613 123 37 eorum
529 1613 164 37 rationibus

188 1650 191 41 manifeste
335 1650 147 41 haberi
438 1650 161 41 potest:
555 1650 73 41 &
584 1650 88 41 si
614 1650 73 41 Me-

191 1688 111 42 lissi
265 1688 111 42 ratio
339 1688 86 42 sit
388 1688 111 42 satis
462 1688 124 42 peior,
549 1688 86 42 cum
598 1688 62 42 &
623 1688 74 42 in
648 1688 49 42 fi

183 1726 131 52 gura,
271 1726 73 52 &
300 1726 276 52 propositionibus
518 1726 174 52 delinquat.

186 1772 154 44 propter
298 1772 112 44 haec
368 1772 140 44 igitur
465 1772 98 44 non
521 1772 154 44 tenetur
619 1772 70 44 pro

186 1805 125 45 fessor
273 1805 112 45 huius
348 1805 137 45 sceniae
447 1805 112 45 loqui
522 1805 87 45 cum
572 1805 87 45 his
609 1805 75 45 duo

717 172 86 46 bus
766 172 122 46 viris.
851 172 86 46 At,
900 172 110 46 licet
974 172 86 46 non
1023 172 147 46 teneatur
1120 172 86 46 secum

707 220 190 43 alloqui,
849 220 237 43 nihilominus
1039 220 158 43 verbum
1134 220 79 43 cum

710 253 91 47 eis
762 253 130 47 facere
853 253 208 47 Dialecticum,
1022 253 78 47 vt
1061 253 130 47 inquit
1139 253 78 47 Ari-

711 288 112 42 sto.
781 288 126 42 habet
865 288 154 42 aliquid
962 288 210 42 Philosophiae,

849 330 136 44 Caput
924 330 151 44 Tertium.

727 365 131 48 INhoc
815 365 146 48 capite
917 365 161 48 incipit
1034 365 161 48 arguere
1136 365 88 48 com-

721 399 117 47 Itra
795 399 249 47 conclusionem,
999 399 117 47 quam
1058 399 146 47 inferunt

716 445 92 37 quae
774 445 81 37 est
820 445 139 37 scilicet
924 445 81 37 ens
971 445 81 37 est
1017 445 104 37 vnum:
1086 445 116 37 contra
1156 445 69 37 quos

713 477 191 50 dupliciter
864 477 164 50 inuehit.
987 477 123 50 Primo
1069 477 150 50 ratione
1164 477 55 50 no

714 517 111 37 minis
788 517 161 37 subiecti,
912 517 161 37 diuidendo
1035 517 149 37 scilicet
1134 517 87 37 nomen

717 551 139 45 ipsius
815 551 125 45 entis
898 551 84 45 in
940 551 125 45 omnia
1024 551 98 45 ea,
1080 551 84 45 de
1107 551 112 45 quibus

712 590 152 36 dicitur
823 590 83 36 in
864 590 193 36 Dialectica
1016 590 124 36 arte,
1099 590 69 36 &
1113 590 110 36 proba-

709 628 94 49 bit
762 628 94 49 ens
816 628 94 49 non
870 628 108 49 esse
938 628 121 49 vnum,
1019 628 135 49 aliquo
1100 628 121 49 illorum

711 665 201 41 modorum,
862 665 168 41 quibus
979 665 184 41 dicitur
1097 665 117 41 nomen

716 701 99 39 entis
782 701 66 39 in
815 701 66 39 ea
848 701 88 39 arte
904 701 133 39 scilicet
1003 701 166 39 Dialectica.
1125 701 88 39 Secun-

709 748 79 31 do
748 748 146 31 ratione
854 748 159 31 pdicati:
974 748 66 31 &
1000 748 93 31 hoc
1053 748 119 31 etiam
1119 748 93 31 diui-

707 777 134 49 dendo
797 777 134 49 ipsum
886 777 120 49 vnum
961 777 90 49 in
1006 777 105 49 eas
1066 777 105 49 res
1110 777 105 49 famo-

712 817 108 48 sas,
779 817 81 48 de
819 817 135 48 quibus
913 817 148 48 dicitur
1021 817 81 48 in
1061 817 108 48 arte
1115 817 108 48 Diale-

710 853 149 50 ctica,
814 853 74 50 &
844 853 149 50 probat
948 853 149 50 neutio
1052 853 164 50 illorum
1156 853 60 50 mo

709 892 147 38 dorum
807 892 114 38 ens
872 892 130 38 esse
937 892 114 38 vnum.

793 956 167 46 Primum
893 956 217 46 Argumentum.

741 1004 106 51 Nos
802 1004 243 51 interrogamus
999 1004 106 51 eos
1060 1004 137 51 vtrum
1136 1004 76 51 hoc

705 1044 143 50 nomen
801 1044 111 50 ens
864 1044 223 50 significet
1039 1044 143 50 primo
1119 1044 95 50 apud

710 1090 95 33 eos
764 1090 108 33 vnam
831 1090 108 33 rem,
899 1090 95 33 vel
953 1090 149 33 plures.
1061 1090 95 33 Et,
1115 1090 81 33 si
1142 1090 68 33 di-

710 1120 105 50 cant
776 1120 144 50 plures,
881 1120 79 50 vt
920 1120 92 50 nos
973 1120 131 50 quoque
1065 1120 144 50 dicimus
1156 1120 53 50 si

708 1157 184 53 gnificare
850 1157 128 53 decem
935 1157 255 53 praedicamenta,
1133 1157 85 53 tunc

710 1197 176 42 concedunt
845 1197 230 42 pluralitatem.
1034 1197 95 42 Et,
1088 1197 81 42 si
1115 1197 95 42 vnam,

704 1236 124 39 tunc
781 1236 155 39 iterum
890 1236 202 39 quaeremus
1045 1236 140 39 vtrum
1122 1236 93 39 illa

713 1272 86 50 res
762 1272 86 50 sit
811 1272 86 50 vna
860 1272 135 50 genere,
958 1272 86 50 vel
1007 1272 135 50 specie,
1106 1272 86 50 aut
1155 1272 86 50 in

713 1308 171 55 diuiduo.
841 1308 86 55 Si
884 1308 143 55 igitur
984 1308 143 55 dicant
1084 1308 114 55 vnam
1141 1308 71 55 ge-

709 1348 129 46 nere,
795 1348 100 46 vel
852 1348 158 46 specie,
967 1348 187 46 concedent
1096 1348 115 46 quidem

714 1388 85 49 ens
762 1388 97 49 esse
823 1388 122 49 plura,
908 1388 134 49 quoniam
1005 1388 109 49 genus
1078 1388 73 49 in
1103 1388 109 49 species

709 1425 191 49 diuiditur,
859 1425 68 49 &
886 1425 109 49 ipsa
954 1425 150 49 species
1063 1425 82 49 in
1091 1425 123 49 indiui-

713 1461 108 45 dua.
780 1461 94 45 At,
834 1461 81 45 si
874 1461 135 45 dicant
969 1461 108 45 esse
1036 1461 108 45 vnam
1090 1461 121 45 numero,

712 1501 118 38 tunc
786 1501 192 38 quaeremus
934 1501 89 38 ab
978 1501 104 38 eis
1038 1501 133 38 vtrum
1111 1501 104 38 indi-

713 1532 110 52 uiduo
786 1532 196 52 substantiae,
946 1532 86 52 vel
995 1532 184 52 accidentis.
1142 1532 74 52 &,
1167 1532 49 52 si

709 1575 200 43 accidentis,
869 1575 107 43 tunc
936 1575 147 43 dicemus
1042 1575 160 43 accidens
1149 1575 67 43 non

717 1617 107 46 posse
788 1617 95 46 esse
848 1617 95 46 sine
907 1617 154 46 subiecto.
1025 1617 83 46 ens
1073 1617 119 46 igitur
1144 1617 71 46 erit

709 1653 119 50 duplex
792 1653 142 50 scilicet
899 1653 154 50 accidens.
1017 1653 59 50 &
1041 1653 166 50 subiectum.
1172 1653 71 50 &,

712 1689 76 40 si
750 1689 202 40 substantiae,
914 1689 101 40 tunc
977 1689 76 40 id
1015 1689 101 40 esse
1066 1689 151 40 impossibi-

710 1726 91 44 le
755 1726 213 44 asseremus,
922 1726 106 44 cum
983 1726 182 44 oporteat
1105 1726 106 44 ipsum

710 1773 94 38 vel
763 1773 161 38 finitum,
884 1773 94 38 vel
938 1773 188 38 infinitum,
1086 1773 107 38 quae
1139 1773 81 38 sunt

706 1805 232 53 quantitatis
891 1805 185 53 affectus
1014 1805 201 53 denominare.
