1416 2066
176 181 97 45 Et,
232 181 97 45 cum
287 181 194 45 declarauit
440 181 111 45 quod
510 181 97 45 hoc
565 181 97 45 est
607 181 97 45 neces

189 220 86 43 se
232 220 86 43 in
275 220 143 43 cubito
375 220 86 43 ex
418 220 143 43 natura
504 220 201 43 dimensionum,

191 256 149 44 incoepit
302 256 162 44 declarare
427 256 99 44 quod
489 256 87 44 non
538 256 87 44 est
576 256 124 44 differem

198 298 81 52 ia
238 298 121 52 inter
319 298 148 52 vacuum,
426 298 67 52 &
453 298 162 52 cubitum,
574 298 135 52 quando
655 298 54 52 ab

192 336 86 42 eo
235 336 229 42 abstrahuntur
421 336 200 42 accidentia
578 336 115 42 eius
650 336 86 42 in

188 376 231 56 imaginatione.
378 376 136 56 vacuum
473 376 109 56 enim
541 376 122 56 nihil
609 376 95 56 aliud

188 420 97 39 est
244 420 97 39 qua
299 420 139 39 corpus
397 420 195 39 abstractum
550 420 84 39 ab
578 420 125 39 acciden

188 453 122 53 tibus
270 453 81 53 in
310 453 230 53 imaginatione.
499 453 68 53 &
526 453 135 53 dixit:
621 453 81 53 &,
648 453 54 53 si

198 500 193 45 maginemur
346 500 207 45 separatum,
509 500 89 45 i.
554 500 89 45 &,
598 500 89 45 si
628 500 74 45 cu-

199 533 125 51 pitum
283 533 195 51 imaginetur
436 533 181 51 separatum
576 533 84 51 ab
603 533 98 51 aliis

189 568 238 52 accidentibus,
385 568 154 52 necesse
497 568 98 52 est
553 568 84 52 vt
581 568 126 52 occupet

192 608 89 50 de
237 608 134 50 vacuo
326 608 224 50 dimensionem
505 608 179 50 aequalem
624 608 75 50 si-

190 646 104 45 bi:
249 646 133 45 sicut
338 646 104 45 est
397 646 163 45 necesse
516 646 104 45 cum
575 646 104 45 non
619 646 74 45 sue

195 685 99 45 rit
252 685 184 45 separatum
393 685 85 45 ab
436 685 241 45 accidentibus.
620 685 85 45 D.d.

198 724 96 54 quae
258 724 120 54 igitur
342 724 96 54 erit
402 724 192 54 differentia.
559 724 84 54 &c.
607 724 72 54 i.
643 724 84 54 B&,

177 765 105 53 cum
237 765 165 53 cubitum
357 765 165 53 ligncum
476 765 150 53 fuerit
566 765 135 53 abstra-

176 805 128 50 ctum
256 805 96 50 in
304 805 257 50 imaginatione
513 805 96 50 ab
545 805 160 50 acciden-

195 846 130 36 tibus,
286 846 117 36 nulla
364 846 104 36 erit
429 846 195 36 differentia
585 846 78 36 in
611 846 91 36 acci-

189 891 198 32 dentibus
337 891 149 32 inter
436 891 149 32 ipsum
535 891 83 32 &
552 891 149 32 vacuum:

198 922 102 48 cum
257 922 176 48 vtrunque
389 922 102 48 sit
447 922 117 48 tunc
506 922 190 48 dimensiones

203 959 162 52 eparatae
324 959 81 52 ab
364 959 229 52 accidentibus.
553 959 108 52 D.d.
620 959 81 52 &,
647 959 54 52 si

202 998 122 52 fuerit
287 998 159 52 possibite
410 998 73 52 vt
446 998 98 52 sint
507 998 98 52 duo,
569 998 86 52 &c.
617 998 73 52 i.
654 998 73 52 &,

193 1037 79 54 si
232 1037 131 54 fuerit
324 1037 171 54 possibile
456 1037 79 54 vt
495 1037 92 54 duo
548 1037 131 54 corpac
626 1037 66 54 per

191 1076 149 52 netrentur
305 1076 137 52 secundum
408 1076 183 52 dimensiones,
557 1076 80 52 ita
602 1076 92 52 quod
648 1076 46 52 su

199 1117 194 52 bilciantur
352 1117 83 52 in
394 1117 97 52 vno
449 1117 125 52 loco,
532 1117 111 52 quid
588 1117 111 52 prohi-

201 1164 101 38 pet
258 1164 87 38 vt
302 1164 87 38 in
345 1164 130 38 eodem
432 1164 116 38 loco
490 1164 203 38 subiiciantur

195 1197 138 49 multa
287 1197 168 49 corpora
409 1197 199 49 infinita:
562 1197 123 49 quod
623 1197 77 49 est

180 1236 207 47 inopinabile.

233 1284 203 55 Amplius
380 1284 166 55 autem
472 1284 221 55 manifestum

177 1324 107 54 est
238 1324 122 54 quod
314 1324 107 54 hoc
375 1324 137 54 cubus
466 1324 168 54 habebit
573 1324 122 54 etiam,

183 1372 105 46 cum
243 1372 240 46 transfertur,
438 1372 120 46 quod
513 1372 75 46 &
543 1372 120 46 alia
603 1372 90 46 cor-

187 1413 132 53 pora
269 1413 148 53 omnia
368 1413 181 53 habent,
499 1413 165 53 quare,
615 1413 99 53 si
648 1413 49 53 a

195 1460 120 38 loco
270 1460 134 38 nihil
359 1460 194 38 differat,
509 1460 120 38 quid
569 1460 134 38 oportet

188 1501 150 37 facere
293 1501 135 37 locum
383 1501 225 37 corporibus,
547 1501 150 37 praeter-

199 1541 263 45 vniuscuiusque
415 1541 155 45 molem,
524 1541 93 45 si
555 1541 139 45 impassi

196 1581 123 43 bilis
278 1581 123 43 moles
360 1581 95 43 est
414 1581 136 43 enihil
510 1581 109 43 enim
564 1581 123 43 confert

190 1626 99 40 si
240 1626 182 40 alterum
372 1626 149 40 circa
472 1626 149 40 ipsum
554 1626 149 40 aequale

185 1664 187 59 spatium
321 1664 221 59 huiusmodi
474 1664 102 59 sit.

234 1708 221 59 Manifestum
408 1708 110 59 est
471 1708 158 59 etiam,
581 1708 126 59 quod
644 1708 63 59 cu

196 1755 135 56 bitum
286 1755 180 56 habebit,
421 1755 135 56 quado
495 1755 195 56 trasfertur,

190 1805 131 61 etiam
278 1805 145 61 illud,
379 1805 116 61 quod
452 1805 145 61 habent
554 1805 131 61 omnia
626 1805 73 61 cor

198 1852 126 63 pora.
282 1852 84 63 si
324 1852 112 63 ergo
394 1852 126 63 nulla
479 1852 210 63 differentia
633 1852 70 63 est

715 173 144 69 inter
811 173 128 69 hoc,
891 173 80 69 &
923 173 160 69 locum,
1036 173 96 69 ad
1084 173 128 69 quid
1148 173 96 69 igi-

715 228 111 62 tur
778 228 174 62 ponetur
905 228 174 62 corpora
1031 228 158 62 habere
1126 228 111 62 locu,

713 277 119 50 nisi
788 277 223 50 dimensiones
966 277 208 50 cuiuslibet
1115 277 119 50 eorum,

720 325 106 61 cum
780 325 226 61 dimensiones
961 325 106 61 non
1022 325 181 61 recipiat
1142 325 91 61 pas-

721 370 167 56 sionemus
846 370 97 56 non
902 370 111 56 enim
971 370 97 56 est
1027 370 181 56 vtilitas,
1152 370 83 56 nisi

711 421 136 57 inter
802 421 167 57 cubitum
923 421 121 57 eius
999 421 106 57 sit
1059 421 121 57 alia
1120 421 121 57 dimen-

714 468 97 63 sio
770 468 180 63 huiusmodi
908 468 166 63 aequalis
1019 468 69 63 es.

757 533 108 51 D.Et
824 533 189 51 manifestum
973 533 95 51 est
1027 533 122 51 etiam
1108 533 108 51 quod
1162 533 68 51 cu-

719 573 118 38 bitum
798 573 131 38 habet,
889 573 131 38 quando
981 573 183 38 subiicitur
1125 573 79 38 in
1151 573 79 38 loco

719 612 152 50 illud,
825 612 121 50 quod
901 612 152 50 habent
1007 612 137 50 omnia
1083 612 152 50 corpora,

721 649 111 49 licet
795 649 86 49 res
844 649 198 49 dimensiones:
1005 649 62 49 &
1029 649 86 49 est
1079 649 111 49 illud
1141 649 86 49 idem,

716 691 110 49 quod
785 691 110 49 isti
854 691 138 49 ponunt
950 691 83 49 in
991 691 138 49 vacuo.
1088 691 83 49 si
1115 691 124 49 igitur,

717 727 122 43 nulla
799 727 95 43 est
853 727 204 43 differentia
1016 727 122 43 inter
1084 727 149 43 dimensio-

721 765 95 53 nes
776 765 150 53 cubiti,
885 765 68 53 &
912 765 204 53 dimensiones
1075 765 136 53 vacui,
1156 765 82 53 quid

717 805 95 53 est
772 805 122 53 locus
853 805 108 53 apud
920 805 135 53 illos,
1015 805 108 53 quid
1082 805 135 53 igitur
1163 805 68 53 co-

712 844 100 53 get
769 844 86 53 ad
812 844 171 53 dicendum
940 844 114 53 quod
1012 844 157 53 corpora
1112 844 114 53 habent

716 882 221 48 dimensiones,
896 882 83 48 in
937 882 138 48 quibus
1020 882 207 48 subiiciuntur,

724 925 153 45 praeter
835 925 111 45 suas
905 925 223 45 dimensiones,
1086 925 70 45 &
1100 925 125 45 absolu-

715 964 92 37 tas
768 964 66 37 a
794 964 171 37 passione,
926 964 79 37 i.
965 964 79 37 ab
1005 964 224 37 accidentibus:
1189 964 66 37 &

718 999 101 43 hoc
775 999 203 43 intendebat
935 999 101 43 cum
992 999 145 43 dicit,
1094 999 101 43 cum
1137 999 87 43 cor-

721 1039 98 51 pus
777 1039 98 51 non
833 1039 167 51 recipiat
958 1039 195 51 passionem.
1111 1039 84 51 Et
1153 1039 98 51 in

718 1084 151 47 tendebat
832 1084 88 47 per
882 1084 101 47 hoc,
945 1084 101 47 quod
1007 1084 138 47 corpora
1095 1084 126 47 indigent

718 1116 275 46 dimensionibus,
947 1116 107 46 sed
1008 1116 107 46 non
1069 1116 153 46 duobus
1160 1116 61 46 mo

715 1158 90 43 dis
767 1158 194 43 dimensionum
922 1158 155 43 scilicet
1025 1158 194 43 dimensionibus

713 1196 150 45 quibus
818 1196 269 45 constituantur,
1042 1196 75 45 &
1057 1196 165 45 dimensio-

710 1236 136 52 nibus,
806 1236 82 52 in
847 1236 136 52 quibus
942 1236 231 52 subilciantur.
1132 1236 68 52 a
1146 1236 68 52 non

716 1273 99 54 enim
777 1273 86 54 est
827 1273 173 54 necessitas
962 1273 74 54 vt
999 1273 123 54 habeat
1085 1273 123 54 corpus
1159 1273 62 54 di-

716 1314 192 53 mensiones.
867 1314 151 53 praeter
977 1314 206 53 dimensiones
1129 1314 82 53 sui-

722 1351 122 47 psius.
807 1351 73 47 &.
844 1351 73 47 si
880 1351 85 47 ita
929 1351 122 47 esset,
1015 1351 98 47 tunc
1064 1351 146 47 inuenirent

711 1392 183 42 dimensiones
857 1392 171 42 infinitae:
991 1392 134 42 quoniam
1077 1392 134 42 dimensio-

715 1432 95 53 nes
769 1432 189 53 indigerent
917 1432 243 53 dimensionibus.
1120 1432 81 53 in
1147 1432 68 53 qui

720 1469 82 54 bus
767 1469 212 54 subilcerentur.
944 1469 94 54 D.d.
1003 1469 82 54 non
1050 1469 94 54 enim
1109 1469 94 54 est,
1156 1469 59 54 &c.

709 1509 77 54 i,
748 1509 102 54 quae
812 1509 128 54 igitur
901 1509 90 54 est
952 1509 179 54 necessitas
1093 1509 77 54 ad
1118 1509 90 54 ponen

720 1545 95 54 dum
774 1545 95 54 hic
828 1545 108 54 esse
895 1545 203 54 dimensiones
1057 1545 149 54 praeter
1152 1545 68 54 di-

715 1589 170 37 mensiones
846 1589 170 37 corporis.
977 1589 92 37 cum
1029 1589 105 37 enim
1095 1589 105 37 haec
1147 1589 66 37 sit

717 1622 179 45 accusatio,
858 1622 64 45 &
883 1622 115 45 nulla
960 1622 89 45 est
1011 1622 64 45 u
1036 1622 166 45 accusanio
1164 1622 77 45 in

713 1664 166 50 ponendo
833 1664 105 50 hic
894 1664 121 50 esse
969 1664 226 50 dimensionem
1135 1664 75 50 ex-

717 1709 184 37 trinsecam
858 1709 212 37 continentem
1027 1709 141 37 corpus
1112 1709 99 37 aequa

711 1740 78 46 le
750 1740 116 46 illi,
827 1740 103 46 quae
892 1740 90 46 est
944 1740 129 46 locus.
1034 1740 78 46 Et
1060 1740 155 46 intendebat

717 1788 92 45 per
769 1788 92 45 hoc
822 1788 158 45 inuenire
941 1788 105 45 quod
1006 1788 184 45 aequalitas
1138 1788 79 45 loci

715 1821 94 45 non
768 1821 94 45 est
822 1821 189 45 aequalitas
971 1821 216 45 dimensionum,
1146 1821 94 45 sed

714 1869 154 45 aequalitas
835 1869 176 45 continentis,
979 1869 121 45 quoniam
1067 1869 66 45 ex
1100 1869 88 45 hoc,
1144 1869 66 45 quod
