1416 2066
167 180 192 71 longum,
306 180 87 71 &
341 180 174 71 breue,
463 180 209 71 secundum
602 180 87 71 au-

175 229 111 62 tem
239 229 127 62 quod
318 229 111 62 est
381 229 175 62 numerus
508 229 111 62 est
556 229 127 62 multum

170 277 85 53 &
204 277 186 53 paucum:
339 277 152 53 velox
441 277 152 53 vero,
542 277 85 53 &
559 277 135 53 tardum

174 341 114 49 non
239 341 130 49 est.
320 341 179 49 quoniam
450 341 146 49 neque
531 341 146 49 numerus

173 378 116 63 per
240 378 133 63 quem
323 378 232 63 numeratur,
505 378 116 63 est
554 378 133 63 velox,

176 429 112 45 aut
240 429 160 45 tardus
336 429 144 45 omnino.

225 501 93 52 Hic
278 501 93 52 dat
331 501 107 52 tria
398 501 147 52 propria
504 501 160 52 tempori:
611 501 80 52 quo-

182 549 96 33 rum
237 549 110 33 Vnum
306 549 96 33 est
360 549 110 33 quod
429 549 96 33 non
484 549 96 33 sit
538 549 137 33 velox,
621 549 68 33 aut

186 576 140 50 tardum.
288 576 152 50 Secundum
402 576 114 50 autem
478 576 101 50 est,
541 576 140 50 quoniam
630 576 51 50 po

182 615 123 51 test
258 615 123 51 dici
335 615 168 51 multum,
457 615 77 51 &
488 615 168 51 paucum,
595 615 92 51 quod

186 660 101 38 est
243 660 173 38 proprium
373 660 159 38 numero:
488 660 159 38 Tertium
589 660 101 38 autem

188 697 95 47 est,
248 697 131 47 quoniam
343 697 83 47 est
391 697 119 47 longum
474 697 60 47 &
498 697 119 47 breue,
582 697 95 47 quid
629 697 60 47 est

185 740 159 48 proprium
304 740 198 48 quantitatis
462 740 185 48 continuae.
608 740 66 48 &
621 740 66 48 hoc

182 780 96 44 potest
249 780 86 44 dici,
307 780 115 44 secundum
393 780 77 44 quod
441 780 67 44 est
479 780 125 44 continuum
575 780 67 44 sci
613 780 57 44 i.
633 780 57 44 quia

182 819 188 44 sequitur
323 819 219 44 continuum.
495 819 156 44 multum
589 819 94 44 vero

189 849 56 54 &
211 849 112 54 paucum
289 849 112 54 potest
368 849 101 54 dici,
435 849 134 54 secundum
536 849 89 54 quod
592 849 78 54 est
625 849 56 54 nu-

187 898 124 41 merus.
273 898 111 41 velox
348 898 124 41 autem,
434 898 62 41 &
459 898 124 41 tardum
546 898 87 41 non
583 898 99 41 potont

182 931 124 50 dici,
265 931 110 50 quia
334 931 97 50 est
389 931 152 50 nuerus:
500 931 69 50 &
527 931 152 50 numerus
624 931 69 50 non

191 970 193 52 pontdisponi
345 970 90 52 per
397 970 141 52 alterum
499 970 141 52 istorum
589 970 103 52 opposi

185 1008 133 44 torum.
278 1008 80 44 et
318 1008 173 44 contraria
451 1008 106 44 sunt
517 1008 120 44 falsa
597 1008 80 44 in
624 1008 66 44 eo,

184 1046 108 55 quod
252 1046 95 55 non
306 1046 95 55 est
361 1046 176 55 subiectum
496 1046 163 55 proprium
605 1046 81 55 eis.

194 1089 99 48 quod
256 1089 87 48 non
305 1089 137 48 accidit
405 1089 75 48 in
442 1089 187 48 contrarijs.
592 1089 75 48 Et
616 1089 75 48 quae

183 1133 94 37 ret
236 1133 162 37 aliquis,
358 1133 81 37 si
398 1133 135 37 tempus
492 1133 188 37 quodammodo
627 1133 67 37 est

187 1168 197 42 continuum,
342 1168 70 42 &
370 1168 141 42 quodam
468 1168 112 42 modo
524 1168 169 42 discretum,

194 1212 126 44 quare
278 1212 182 44 definitum
418 1212 98 44 est
475 1212 98 44 per
517 1212 168 44 discretum,

195 1253 93 44 um
241 1253 170 44 dicitur
365 1253 139 44 ipsum
457 1253 124 44 esse
519 1253 170 44 numerumus

212 1283 135 52 Dicamus
310 1283 122 52 igitur
395 1283 73 52 ad
432 1283 98 52 hoc,
493 1283 98 52 quod
554 1283 110 52 extra
616 1283 73 52 men-

192 1321 93 52 tem
245 1321 93 52 non
298 1321 93 52 est
351 1321 106 52 nisi
417 1321 132 52 motum,
510 1321 66 52 &
536 1321 132 52 tempus
629 1321 93 52 non

187 1365 101 37 sit,
250 1365 101 37 nisi
314 1365 126 37 quando
402 1365 101 37 mens
465 1365 139 37 diuidit
566 1365 114 37 motum
642 1365 76 37 in

200 1405 122 37 prius,
285 1405 61 37 &
310 1405 171 37 posterius:
444 1405 61 37 &
469 1405 98 37 haec
530 1405 86 37 est
567 1405 122 37 intentio

191 1441 152 51 numeri
297 1441 152 51 motus,
403 1441 91 51 i.
449 1441 136 51 motum
539 1441 121 51 esse
600 1441 91 51 nume

190 1477 119 55 ratum:
273 1477 95 55 ergo
333 1477 167 55 substantia
464 1477 155 55 temporis,
583 1477 95 55 quae
630 1477 60 55 est

187 1515 84 55 in
229 1515 98 55 Teo
285 1515 125 55 quasi
368 1515 139 55 forma,
466 1515 98 55 est
522 1515 167 55 numerus,
647 1515 70 55 &

189 1565 102 37 quod
253 1565 89 37 est
304 1565 76 37 in
342 1565 89 37 eo,
393 1565 114 37 quasi
469 1565 153 37 materia,
583 1565 89 37 est
621 1565 64 37 mo-

189 1604 90 31 tus
240 1604 179 31 continuus:
381 1604 141 31 quoniam
484 1604 90 31 nou
535 1604 90 31 est
574 1604 115 31 numerus

191 1637 215 37 simpliciter,
365 1637 94 37 sed
419 1637 148 37 numerus
527 1637 134 37 motus.
607 1637 81 37 com-

199 1676 150 46 inuatio
308 1676 136 46 icitur
404 1676 150 46 accidit
513 1676 82 46 ei
554 1676 136 46 gratia
635 1676 55 46 ma

193 1712 125 51 teriae,
284 1712 57 51 &
307 1712 148 51 discretio
421 1712 137 51 scilicet
523 1712 125 51 numerus
603 1712 91 51 gratia

194 1757 157 38 formae.
308 1757 71 38 &
336 1757 100 38 est
393 1757 200 38 compositum
550 1757 86 38 ex
579 1757 114 38 duabus

198 1796 188 40 quantitatibus
353 1796 133 40 scilicet
453 1796 144 40 discreta,
563 1796 55 40 &
574 1796 111 40 continua

188 1829 69 53 &
216 1829 111 53 ista
285 1829 194 53 compositio
437 1829 152 53 accidit
534 1829 152 53 mensuris,

188 1869 146 52 quando
290 1869 218 52 diuiduntur.
465 1869 73 52 &
480 1869 218 52 consyderatio,

708 172 115 53 quae
779 172 100 53 est
837 172 86 53 in
880 172 144 53 decimo
980 172 172 53 Euclidis
1110 172 100 53 est
1153 172 57 53 de

696 224 288 35 magnitudinibus.
938 224 91 35 in
984 224 121 35 illo
1059 224 121 35 enim
1120 224 91 35 tra-

708 253 138 53 ctatu
800 253 215 53 consyderat
969 253 92 53 de
1000 253 215 53 magnitudini-

701 293 89 53 bus,
756 293 133 53 secundum
856 293 89 53 quod
912 293 89 53 sunt
956 293 111 53 numerus.

742 332 88 48 Et
786 332 117 48 idem
860 332 132 48 etiam
948 332 147 48 vbique
1051 332 132 48 simul
1124 332 88 48 est.

704 381 128 47 prius
789 381 143 47 autem,
889 381 86 47 et
932 381 185 47 posterius
1074 381 100 47 non
1117 381 100 47 idem.

695 420 133 54 quia
779 420 83 54 &
812 420 183 54 mutatio
945 420 200 54 praesens
1078 420 133 54 quidem

703 463 101 51 vna
760 463 116 51 est:
833 463 130 51 facta
919 463 130 51 vero,
1006 463 72 51 &
1035 463 159 51 futura,
1136 463 72 51 al-

698 508 143 47 tera.
793 508 158 47 Tempus
904 508 143 47 autem
999 508 174 47 numerus
1110 508 95 47 est,

692 549 121 53 non
761 549 121 53 quo
830 549 241 53 numeramus,
1019 549 121 53 sed
1088 549 121 53 qui
1140 549 69 53 nu

699 591 143 51 meratur.
806 591 83 51 hoc
854 591 107 51 autem
925 591 131 51 accidit
1020 591 143 51 secundum
1116 591 83 51 prius

703 637 81 47 &
735 637 211 47 posterius
898 637 162 47 semper
1011 637 195 47 alterum.
1141 637 65 47 ip

701 676 92 41 sa
747 676 123 41 enim
823 676 123 41 nunc
900 676 153 41 altera
1007 676 138 41 sunt.
1099 676 107 41 Est
1145 676 61 41 au

693 718 126 45 tem
765 718 216 45 numerus,
927 718 144 45 vnus
1017 718 198 45 quidem,
1161 718 90 45 &

699 761 144 41 idem
789 761 180 41 centum
915 761 216 41 equorum,
1077 761 90 41 &
1095 761 108 41 cen-

698 812 139 45 tum
778 812 239 45 hominum:
957 812 199 45 quorum
1077 812 139 45 autem

702 846 162 52 numerus
820 846 118 52 est,
894 846 148 52 altera
998 846 133 52 sunt,
1086 846 118 52 equi
1145 846 74 52 sci

698 886 148 44 licet
796 886 99 44 ab
829 886 198 44 hominibus.

750 924 90 73 Et
795 924 90 73 in
840 924 119 73 omni
914 924 134 73 loco,
1004 924 119 73 quod
1079 924 119 73 vere
1138 924 75 73 est

704 976 174 58 insimul,
834 976 102 58 est
892 976 131 58 idem.
979 976 131 58 prius
1066 976 145 58 autem,
1153 976 58 58 &-

700 1027 186 63 posterius
843 1027 100 63 non
900 1027 100 63 est
957 1027 129 63 idem.
1043 1027 143 63 quonia
1128 1027 86 63 tras

700 1076 158 54 mutatio
814 1076 129 54 etiam
900 1076 172 54 praesens
1030 1076 86 54 no
1073 1076 100 54 est
1116 1076 100 54 idem:

704 1125 117 61 quod
778 1125 132 61 autem
865 1125 132 61 fuit,
953 1125 73 61 &
983 1125 132 61 erit,
1071 1125 103 61 est
1114 1125 103 61 diuer

709 1171 113 63 um.
773 1171 97 63 Et
822 1171 161 63 tempus
934 1171 113 63 non
999 1171 177 63 numerus
1111 1171 97 63 est,

706 1221 115 61 per
771 1221 115 61 que
837 1221 230 61 numeratur,
1018 1221 115 61 sed
1067 1221 148 61 numerus

700 1272 228 58 numeratus,
879 1272 81 58 &
911 1272 211 58 contingit
1074 1272 146 58 huic,
1155 1272 65 58 vt

703 1323 145 56 prius,
805 1323 73 56 &
834 1323 189 56 posterius
980 1323 87 56 ex
1023 1323 87 56 eo
1067 1323 116 56 sint
1125 1323 87 56 sem-

704 1368 99 59 per
760 1368 169 59 diuersa,
887 1368 155 59 quoniam
1000 1368 183 59 instantia
1127 1368 85 59 sunt

697 1413 187 62 diuersa.
838 1413 93 62 Et
884 1413 171 62 numerus
1009 1413 156 62 centum
1102 1413 109 62 equo-

705 1466 145 49 rum,
796 1466 91 49 &
832 1466 200 49 numerus
977 1466 181 49 centum
1086 1466 127 49 homi-

700 1511 110 69 num
763 1511 110 69 est
826 1511 141 69 idem:
920 1511 126 69 illa
998 1511 157 69 autem,
1093 1511 126 69 quorum

704 1557 96 57 est
759 1557 109 57 hic,
827 1557 109 57 sunt
895 1557 164 57 diuersa,
1018 1557 109 57 quia
1087 1557 96 57 sut
1127 1557 96 57 equi,

697 1613 96 46 &
716 1613 191 46 homines.

748 1669 166 45 Nititur
869 1669 91 45 in
914 1669 106 45 hoc
974 1669 166 45 sermone
1080 1669 136 45 narrare

710 1710 155 52 accidentia,
834 1710 83 52 quae
885 1710 124 52 accidunt
979 1710 114 52 teperi,
1061 1710 124 52 secundum
1144 1710 62 52 ouoi

706 1749 91 52 est
758 1749 157 52 numerus,
876 1749 65 52 &
902 1749 196 52 accidentia,
1058 1749 131 52 quibus
1137 1749 78 52 dif-

707 1789 94 50 fert
766 1789 59 50 a
789 1789 129 50 numero,
883 1789 141 50 secundum
988 1789 94 50 quod
1047 1789 82 50 non
1094 1789 82 50 est
1129 1789 82 50 nume-

717 1829 87 52 tus
766 1829 186 52 simpeirile,
915 1829 87 52 sed
965 1829 149 52 noumerus
1064 1829 149 52 numeratus.

734 1868 67 39 Et
767 1868 101 39 dixit
835 1868 67 39 Et
869 1868 67 39 in
902 1868 90 39 omni
959 1868 101 39 loeo,
1026 1868 79 39 &c.
1071 1868 67 39 i.
1105 1868 56 39 &
1127 1868 67 39 in
1150 1868 67 39 omni
