1416 2066
208 172 163 53 substantia
337 172 82 53 est
383 172 163 53 alteratio,
511 172 93 53 quod
570 172 82 53 est
616 172 105 53 valde
674 172 47 53 im

215 219 181 40 probabile.
357 219 65 40 &
383 219 181 40 similitudo
526 219 117 40 inter
603 219 104 40 illa
655 219 65 40 est

222 249 133 49 quoniam
319 249 157 49 subiectum
440 249 73 49 in
476 249 85 49 eis
524 249 85 49 non
573 249 85 49 est
621 249 97 49 idem
670 249 48 49 de

226 292 184 45 principio
367 292 226 45 generationis
551 292 85 45 ad
593 292 141 45 finem:
678 292 42 45 &

213 324 131 53 ideo
295 324 213 53 generatum
459 324 115 53 non
524 324 213 53 nominatur
672 324 49 53 a

219 364 137 47 nomine
315 364 179 47 subiecti.
453 364 110 47 Quia
522 364 137 47 igitur
618 364 96 47 iam
659 364 55 47 ap

214 397 129 49 paruit
305 397 78 49 ex
344 397 168 49 praedicto
473 397 142 49 sermone
577 397 104 49 quod
628 397 91 49 figu-

213 439 98 35 rae
269 439 84 35 in
311 439 98 35 hoc
366 439 112 35 sunt
436 439 153 35 similes
548 439 139 35 formis
631 439 84 35 sub-

220 477 194 37 stantialibus,
379 477 57 37 &
402 477 91 37 quod
459 477 91 37 idem
516 477 148 37 contingit
630 477 68 37 in
653 477 57 37 eis

214 510 154 44 incoepit
330 510 167 44 declarare
458 510 103 44 quod
522 510 141 44 accidit
624 510 77 44 de
650 510 64 44 ino

220 550 157 52 pinabile,
341 550 72 52 si
377 550 157 52 dixerimus
498 550 97 52 quod
558 550 145 52 figurae,
655 550 60 52 dum

214 588 183 46 generantur,
360 588 183 46 alterantur,
506 588 61 46 &
530 588 122 46 dixit:
616 588 73 46 Et
640 588 73 46 com.

218 623 119 43 tingit
301 623 107 43 etiam
373 623 190 43 inopinabile,
527 623 83 43 &c.
574 623 71 43 i.
610 623 59 43 &
622 623 95 43 dicens

220 662 100 49 quod
282 662 162 49 generatio
406 662 162 49 figurarum
531 662 87 49 est
568 662 150 49 alteratio,

216 702 198 49 contingit
368 702 91 49 ei
414 702 152 49 magnum
505 702 213 49 inopinabile.

222 737 69 50 &
250 737 97 50 est
305 737 138 50 dicere
402 737 83 50 in
443 737 152 50 homine,
553 737 97 50 cum
595 737 124 50 genera-

223 772 93 39 tur,
282 772 93 39 quod
340 772 163 39 alteratur,
468 772 58 39 &
491 772 151 39 similiter
607 772 70 39 in
631 772 81 39 domo,

223 813 179 49 conueniunt
364 813 102 49 enim
427 813 77 49 in
466 813 102 49 hoc,
530 813 102 49 quod
581 813 140 49 subiectum

223 853 118 46 eorum
301 853 92 46 non
354 853 92 46 est
406 853 105 46 idem
471 853 78 46 de
511 853 170 46 principio
628 853 92 46 motus

224 884 113 39 vsque
299 884 75 39 ad
336 884 125 39 finem.
424 884 138 39 Induxit
524 884 100 39 aute
586 884 113 39 illud
649 884 63 39 ino

226 921 137 49 pinabile,
332 921 53 49 &
353 921 63 49 d.
384 921 126 49 quoniam,
479 921 63 49 si
511 921 137 49 dixerimus
616 921 84 49 quod
658 921 63 49 per-

223 956 110 52 fectio
300 956 110 52 domus,
377 956 77 52 &c.
421 956 66 52 i.
454 956 121 52 quoniam
543 956 165 52 impossibile
664 956 55 52 est

220 997 135 37 dicere
314 997 122 37 domum
395 997 162 37 alterari
517 997 95 37 cum
557 997 162 37 generatur:

225 1031 96 52 nisi
285 1031 132 52 dicamus
381 1031 96 52 quod
441 1031 120 52 domus,
525 1031 96 52 quae
585 1031 84 52 iam
621 1031 96 52 perfe-

221 1068 87 38 cta
270 1068 100 38 est,
333 1068 100 38 quid
395 1068 174 38 declaratum
532 1068 87 38 est
582 1068 112 38 ipsam
644 1068 75 38 esse

224 1108 224 49 substantiam,
406 1108 84 49 vt
448 1108 154 49 tectum,
559 1108 70 49 &
573 1108 140 49 tegulae,

222 1142 81 51 est
269 1142 70 51 ex
304 1142 116 51 genere
385 1142 174 51 qualitatis,
524 1142 93 51 quid
582 1142 128 51 dicitur
663 1142 58 51 al-

226 1180 129 38 teratio.
323 1180 64 38 i.
355 1180 129 38 quoniam,
451 1180 64 38 si
483 1180 139 38 dixerimus
590 1180 86 38 quod
633 1180 86 38 perfe-

222 1221 103 43 ctio
287 1221 129 43 domus,
377 1221 103 43 quae
441 1221 90 43 est
493 1221 129 43 ligna,
583 1221 64 43 &
596 1221 116 43 tegule,

224 1261 109 44 tunc
292 1261 163 44 possumus
414 1261 136 44 dicere
509 1261 109 44 quod
564 1261 149 44 generatio

220 1292 124 38 domus
303 1292 96 38 est
358 1292 193 38 alteratio.
509 1292 83 38 Et
537 1292 179 38 existimatur

229 1327 106 61 quod
295 1327 79 61 in
334 1327 92 61 hoc
387 1327 145 61 sermone
493 1327 172 61 destruxit
611 1327 106 61 antere

231 1365 104 52 uens,
301 1365 93 52 quod
359 1365 128 52 apparet
452 1365 70 52 ex
487 1365 93 52 hoc,
545 1365 128 52 quoniam
626 1365 93 52 inten-

220 1404 137 48 debat.
316 1404 96 48 sed
371 1404 96 48 hoc
426 1404 96 48 non
481 1404 151 48 dicitur
591 1404 82 48 in
619 1404 96 48 domo,

226 1445 127 39 quoniam
319 1445 81 39 sua
365 1445 150 39 generatio
480 1445 161 39 perficitur
606 1445 92 39 ergo
652 1445 58 39 ne-

227 1477 80 53 que
272 1477 80 53 hoc
318 1477 126 53 dicitur
410 1477 69 53 in
445 1477 80 53 eo,
490 1477 80 53 dum
536 1477 161 53 generatur.
663 1477 80 53 Sed

224 1516 101 39 tme
281 1516 101 39 hoc
339 1516 130 39 verum
426 1516 101 39 est
484 1516 87 39 in
513 1516 202 39 consecutione

225 1548 200 38 conuertibili,
390 1548 106 38 sicut
461 1548 71 38 in
496 1548 106 38 ista.
567 1548 94 38 Nam,
626 1548 82 38 cum
661 1548 59 38 po-

227 1589 139 37 suerimus
332 1589 93 37 quod
390 1589 116 37 illud,
471 1589 93 37 quid
529 1589 162 37 generatur,
644 1589 70 37 alte

227 1623 133 43 ratur,
320 1623 159 43 sequitur
439 1623 80 43 vt
479 1623 173 43 generatum
612 1623 93 43 sit
665 1623 80 43 in

221 1661 161 48 capitulo
341 1661 228 48 alterationis.
529 1661 94 48 Et,
569 1661 148 48 similiter

221 1708 116 41 cum
288 1708 231 41 posuerimus
469 1708 132 41 quod
535 1708 182 41 generatum

220 1733 88 52 est
271 1733 76 52 in
309 1733 151 52 capitulo
422 1733 214 52 alterationis,
586 1733 139 52 sequitur,

222 1773 76 53 vt
260 1773 166 53 generatio
388 1773 89 53 sit
426 1773 153 53 alteratio,

777 172 214 54 Manifestum
945 172 138 54 autem
1037 172 107 54 est
1098 172 122 54 quod
1159 172 92 54 alte

732 217 125 41 ratio
815 217 97 41 non
870 217 97 41 est
926 217 83 41 in
967 217 111 41 iis,
1037 217 111 41 quae
1106 217 138 41 fiunt.
1189 217 55 41 ne

735 257 114 47 que
800 257 131 47 enim
882 257 98 47 in
931 257 229 47 habitibus.
1094 257 147 47 habitus

735 301 112 37 enim
805 301 182 37 virtutes,
945 301 70 37 &
973 301 126 37 vitia
1057 301 126 37 sunt.
1127 301 112 37 virtus

733 338 133 46 autem
822 338 147 46 omnis,
925 338 74 46 &
954 338 147 46 vitium
1057 338 147 46 eorum,
1146 338 88 46 quae

731 384 93 42 ad
778 384 186 42 aliquid,
918 384 140 42 sicut
1011 384 171 42 sanitas
1120 384 124 42 quidem

732 429 252 31 calidorum,
930 429 90 31 &
966 429 252 31 frigidorum
1146 429 90 31 com

730 457 222 56 mensuratio
904 457 174 56 quaedam
1031 457 127 56 est,
1110 457 111 56 aut
1158 457 79 56 eo-

732 496 119 42 rum,
807 496 119 42 quae
881 496 119 42 sunt
956 496 149 42 intra,
1060 496 104 42 aut
1120 496 89 42 ad
1150 496 89 42 com-

731 541 164 37 tinens.
850 541 194 37 similiter
999 541 134 37 autem
1089 541 75 37 &
1104 541 134 37 pulchri

731 581 143 37 tudo,
827 581 80 37 &
859 581 143 37 robur
954 581 143 37 eorum
1050 581 143 37 sunt,
1145 581 127 37 quae

733 621 97 38 ad
781 621 178 38 aliquid
911 621 146 38 sunt.
1008 621 194 38 dispones
1138 621 97 38 enim

734 655 161 46 quaedam
852 655 132 46 eius,
940 655 117 46 quod
998 655 235 46 praestantissi-

730 697 110 42 mum
793 697 125 42 est,
871 697 94 42 ad
918 697 172 42 optimum
1043 697 141 42 sunt.
1121 697 110 42 dico-

735 741 86 38 au
778 741 100 38 tem
835 741 273 38 postantissimum,
1065 741 115 38 quod
1122 741 115 38 conser

736 780 130 39 uat,
817 780 81 39 &
849 780 195 39 disponit
995 780 146 39 circa
1077 780 162 39 naturam.

734 821 122 37 Qnam
810 821 122 37 ergo
887 821 183 37 virtutes
1024 821 168 37 quidem,
1146 821 76 37 &
1162 821 76 37 vi-

733 856 98 43 tia
789 856 112 43 sunt
859 856 84 43 ad
900 856 167 43 aliquid:
1026 856 112 43 haec
1096 856 125 43 autem
1165 856 70 43 ne-

740 900 105 54 que
800 900 240 54 generationes
995 900 135 54 sunt,
1085 900 135 54 neque
1160 900 75 54 ip-

736 941 119 36 sorum
815 941 93 36 est
868 941 185 36 generatio,
1014 941 119 36 neque
1093 941 132 36 omnino
1173 941 66 36 al-

733 979 162 47 teratio:
854 979 189 47 manifestum
1003 979 95 47 est
1057 979 108 47 quod
1124 979 95 47 non
1165 979 68 47 est

732 1025 135 33 omnino
827 1025 108 33 ipsa
895 1025 176 33 alteratio
1030 1025 122 33 circa
1098 1025 135 33 habitus.

782 1075 214 63 Declaratum
950 1075 107 63 est
1011 1075 153 63 igitur
1119 1075 122 63 quod
1180 1075 61 63 al

731 1125 155 58 teratio
843 1125 98 58 non
900 1125 98 58 est
956 1125 84 58 in
998 1125 98 58 eo,
1054 1125 112 58 quod
1110 1125 127 58 genera-

733 1180 105 46 tur,
799 1180 145 46 quoniam
904 1180 132 46 neque,
996 1180 79 46 in
1036 1180 145 46 formis.
1128 1180 105 46 formae

738 1213 108 54 enim
805 1213 108 54 sunt
872 1213 175 54 virtutes,
1006 1213 94 54 aut
1060 1213 134 54 vitia.
1154 1213 67 54 &
1168 1213 67 54 vir

734 1260 119 55 tus,
808 1260 74 55 &
838 1260 148 55 vitium
942 1260 119 55 sunt
1016 1260 89 55 de
1061 1260 178 55 capitulo
1180 1260 59 55 re

734 1301 199 62 tationis.
887 1301 214 62 quemadmodu
1055 1301 168 62 sanitas
1162 1301 77 62 est

731 1349 91 62 de
776 1349 152 62 aliqua
883 1349 213 62 temperatia
1050 1349 91 62 ex
1095 1349 137 62 rebus
1171 1349 61 62 ca

734 1396 141 62 lidis,
833 1396 71 62 &
861 1396 184 62 frigidis,
1002 1396 99 62 aut
1044 1396 184 62 intrinseeo,

734 1445 98 58 aut
790 1445 84 58 in
832 1445 167 58 respectu
957 1445 125 58 aeris
1027 1445 195 58 continentis.

733 1487 79 51 &
765 1487 206 51 sunstiter
924 1487 238 51 pulchritudo
1098 1487 127 51 etiam,

733 1532 74 57 &
763 1532 193 57 fortitudo
911 1532 119 57 sunt
986 1532 89 57 de
1030 1532 178 57 capitulo
1149 1532 89 57 rela

738 1581 149 45 tionis.
846 1581 108 45 sunt
913 1581 108 45 enim
981 1581 230 45 dispositiones
1156 1581 81 45 ani-

734 1624 144 62 malium
834 1624 72 62 i
863 1624 173 62 respectu
993 1624 216 62 nobilissimi
1152 1624 86 62 ani-

731 1669 173 61 malium.
857 1669 94 61 et
904 1669 126 61 dico
967 1669 268 61 laudabilissimam

732 1716 246 64 dispositionem,
937 1716 136 64 illam,
1032 1716 109 64 quae
1101 1716 95 64 est
1142 1716 95 64 natu-

729 1772 123 55 ralis
811 1772 123 55 pura.
893 1772 95 55 Et,
947 1772 95 55 cum
1002 1772 177 55 virtutes,
1138 1772 82 55 et
1165 1772 68 55 vi
