1416 2066
172 909 74 37 De
209 909 111 37 Propo
283 909 99 37 sito
344 909 111 37 buius
418 909 172 37 scientiae.
553 909 99 37 Cap.
603 909 49 37 1.

433 940 166 47 Voniam
533 940 133 47 cogno-

432 981 110 46 scere,
509 981 66 46 ac
542 981 110 46 scitur
608 981 55 46 com

429 1021 122 53 tigit
511 1021 122 53 circa
578 1021 95 53 omnes

422 1061 209 56 methodos,
567 1061 96 56 quae

427 1104 106 50 rum
488 1104 122 50 sunt
548 1104 122 50 princi

431 1149 110 46 pia,
500 1149 96 46 aut
541 1149 123 46 causae,

426 1189 126 46 aut
480 1189 180 46 elementa

157 1237 87 37 ex
201 1237 131 37 horum
288 1237 218 37 cognitione:
463 1237 116 37 tunc
535 1237 116 37 enim
593 1237 73 37 pu-

148 1275 155 53 tamus
251 1275 240 53 cognoscere
423 1275 240 53 vnunquodque,

156 1321 107 41 cum
217 1321 137 41 cauns
308 1321 153 41 primas
415 1321 260 41 cognouerimus,
629 1321 76 41 &

160 1356 197 50 principia
311 1356 152 50 prima,
418 1356 76 50 &
448 1356 136 50 vsque
539 1356 91 50 ad
569 1356 91 50 ele-

160 1396 134 54 menta:
253 1396 188 54 manifestum
401 1396 94 54 est
455 1396 107 54 quod
522 1396 67 54 &
548 1396 94 54 ea,
589 1396 80 54 quae

162 1439 74 43 st
199 1439 111 43 circa
273 1439 161 43 principia
396 1439 136 43 seniae,
495 1439 99 43 quae
557 1439 74 43 de
582 1439 86 43 natu-

165 1485 78 45 ra
204 1485 104 45 est,
269 1485 130 45 primum
360 1485 208 45 determinatur
517 1485 156 45 tentandum.

353 1521 122 57 Vonia
435 1521 190 57 dispositio
571 1521 95 57 certi

357 1572 157 55 tudinis,
474 1572 65 55 &
500 1572 117 55 sciae
579 1572 78 55 in
605 1572 65 55 oni

350 1618 114 62 bus
415 1618 130 62 vus,
480 1618 195 62 habentibus

337 1667 197 63 Apricipia,
492 1667 99 63 aut
534 1667 127 63 causas,

167 1718 104 61 aut
227 1718 193 61 elementa,
375 1718 104 61 non
435 1718 208 61 acquiritur
584 1718 89 61 nisi

171 1764 83 63 ex
213 1764 193 63 cognitione
364 1764 151 63 istoru:
474 1764 165 63 credimus
584 1764 83 63 enim

684 893 86 67 in
727 893 187 67 vnaquaque
870 893 129 67 rerum
957 893 129 67 ipsam
1043 893 144 67 scire,
1129 893 72 67 cum

680 944 216 58 sciuerimus
849 944 154 58 causas
957 944 123 58 eius
1019 944 169 58 simplices

683 993 76 65 &
713 993 136 65 prima
804 993 197 65 principia
956 993 121 65 eius
1031 993 136 65 donec
1122 993 106 65 per

683 1053 188 38 ueniamus
824 1053 94 38 ad
871 1053 188 38 elementa
1012 1053 141 38 eius:
1090 1053 109 38 mani-

688 1086 130 60 festum
779 1086 91 60 est
831 1086 104 60 quod
896 1086 78 60 in
935 1086 104 60 scia
1000 1086 156 60 naturali
1104 1086 91 60 etiam

682 1148 172 46 oportet
807 1148 141 46 primo
901 1148 188 46 quaerere
1026 1148 172 46 determina

686 1197 150 45 tionem
791 1197 240 45 principiorum
971 1197 105 45 eius.

848 1233 147 49 Ncoepit
954 1233 107 49 hunc
1021 1233 133 49 librum
1114 1233 67 49 a
1127 1233 67 49 cam

851 1271 106 51 iper
917 1271 106 51 quam
983 1271 106 51 fuit
1036 1271 145 51 consydera

840 1309 95 52 tio
895 1309 122 52 huius
976 1309 122 52 seiae
1057 1309 81 52 in
1084 1309 95 52 cogni

839 1352 128 38 tione
924 1352 142 38 caurum
1024 1352 128 38 rerum
1095 1352 85 38 natu

679 1389 166 49 ralium,
800 1389 76 49 &
830 1389 151 49 dixit.
936 1389 166 49 Quoniam
1042 1389 136 49 disposi

691 1427 94 50 tio.
750 1427 117 50 idest.
832 1427 94 50 quia
890 1427 164 50 declaratum
1019 1427 82 50 est
1066 1427 70 50 in
1089 1427 94 50 poste-

683 1465 128 41 rioribus
779 1465 85 41 quod
832 1465 149 41 dispositio
950 1465 107 41 seniae
1024 1465 107 41 certae
1099 1465 64 41 in
1120 1465 64 41 omni

685 1501 92 53 bus
737 1501 145 53 artibus
843 1501 211 53 demtratiuis,
1001 1501 184 53 consyderanti

686 1539 89 48 bus
737 1539 76 48 de
775 1539 114 48 rebus
851 1539 177 48 habentibus
990 1539 127 48 cauns,
1079 1539 89 48 vel
1117 1539 76 48 vnam

691 1589 144 42 quatuor
795 1589 170 42 causarum,
926 1589 91 42 aut
978 1589 131 42 plures
1070 1589 104 42 vna,
1122 1589 65 42 aut

693 1620 110 51 mnes,
766 1620 86 51 non
815 1620 171 51 acquiritur
950 1620 98 51 nisi
1011 1620 73 51 ex
1035 1620 147 51 cognitionc

687 1656 165 50 causarum.
814 1656 76 50 Et
852 1656 89 50 non
903 1656 178 50 intendebat
1042 1656 89 50 per
1081 1656 101 50 sciam,

683 1696 65 52 &
709 1696 209 52 certitudinem
879 1696 170 52 synonyma:
1009 1696 170 52 ?7quoniam
1127 1696 52 52 no

683 1734 131 44 mina
764 1734 196 44 synonyma
912 1734 115 44 non
977 1734 213 44 vsitantur
1125 1734 65 44 in

686 1774 181 46 scientia,
825 1774 70 46 &
853 1774 167 46 doctrina
965 1774 223 46 demonstratiua:
