1416 2066
163 164 153 46 abstracta.
284 164 99 46 sicut
349 164 121 46 videtur
437 164 99 46 sequi
503 164 110 46 contra
568 164 121 46 Antiquos,

169 205 120 33 contra
253 205 96 33 quos
314 205 133 33 inuehit
410 205 84 33 ibi
458 205 181 33 Philosophus
603 205 60 33 &
615 205 72 33 Com.

176 235 91 36 Aliud
237 235 91 36 autem
297 235 71 36 est
338 235 101 36 medium
409 235 121 36 secundum
500 235 182 36 comparationem,
641 235 51 36 vel

173 269 219 38 participationem,
359 269 175 38 proprietatum
502 269 121 38 ipsorum
578 269 110 38 extremo-

169 302 88 30 rum.
224 302 55 30 &
246 302 77 30 sic
290 302 121 30 dicimus
377 302 66 30 de
410 302 153 30 intentione
531 302 99 30 Auer.
585 302 110 30 elementa

175 330 100 32 anedia
245 330 80 32 esse
295 330 90 32 inter
354 330 149 32 substantiam
474 330 50 32 &
494 330 129 32 accidens.
593 330 70 32 sic
623 330 70 32 etiam

181 360 134 42 verificatur
288 360 89 42 dictum
351 360 71 42 eius
395 360 71 42 hic,
440 360 71 42 quod
485 360 152 42 intellectiua,
610 360 71 42 quae
645 360 45 42 est

168 393 105 34 forma
239 393 105 34 homis
309 393 129 34 vltima,
402 393 82 34 est
449 393 105 34 media
519 393 94 34 iter
566 393 129 34 abstracta

174 425 57 33 &
196 425 170 33 materialia.
332 425 91 33 quia
389 425 79 33 pro
434 425 113 33 quanto
514 425 68 33 in
548 425 79 33 sua
582 425 113 33 operatio

171 455 64 35 ne
203 455 129 35 dependet
300 455 54 35 a
321 455 204 35 phantasmatibus,
493 455 75 35 sic
536 455 75 35 cum
568 455 129 35 materiali-

180 486 73 36 bus
221 486 135 36 conuenit.
325 486 73 36 pro
367 486 104 36 quanto
440 486 83 36 vero
492 486 73 36 non
534 486 73 36 est
575 486 94 36 forma
628 486 63 36 edu-

179 517 71 37 cta
219 517 60 37 de
249 517 121 37 potentia
340 517 131 37 materiae,
441 517 50 37 &
461 517 91 37 habet
522 517 111 37 aliquam
602 517 81 37 sibi
643 517 50 37 ope

181 557 128 35 rationem,
280 557 118 35 propriam
369 557 59 35 in
398 557 59 35 se
428 557 158 35 consyderata,
556 557 59 35 in
586 557 69 35 qua
625 557 69 35 non
655 557 39 35 de

172 582 102 39 pendet
243 582 51 39 a
264 582 112 39 corpore
346 582 123 39 secundum
438 582 102 39 ipsum.
509 582 61 39 3.
540 582 61 39 de
570 582 102 39 anima.
632 582 61 39 com.

177 612 68 32 10.
216 612 68 32 sic
255 612 68 32 cum
294 612 136 32 abstractis
401 612 107 32 dicitur
479 612 136 32 conuenire.
586 612 58 32 Et
615 612 68 32 hoc
644 612 49 32 for

171 644 68 38 te
205 644 113 38 voluit
284 644 113 38 dicere
363 644 158 38 Themistius
487 644 113 38 super.
566 644 68 38 2.
600 644 90 38 phy.
645 644 45 38 ad

176 677 166 38 principium,
308 677 88 38 quod
364 677 133 38 scientia
463 677 66 38 de
496 677 99 38 anima
562 677 77 38 est
596 677 99 38 Mathema

172 714 101 33 tica,
239 714 56 33 &
261 714 112 33 media.
340 714 78 33 est
385 714 90 33 enim
441 714 179 33 mathentatica
575 714 112 33 opposito

174 738 104 33 modo,
244 738 81 33 quo
290 738 92 33 sunt
347 738 104 33 entia
416 738 184 33 Mathematica,
566 738 92 33 quia
612 738 81 33 talia

170 772 111 30 secundum
253 772 74 30 esse
299 772 74 30 sunt
345 772 46 30 i
363 772 111 30 materia,
446 772 65 30 sed
483 772 111 30 secundum
557 772 138 30 consyderatio-

177 802 74 32 nem
219 802 53 32 a
240 802 116 32 materia
324 802 158 32 abstrahunt:
450 802 84 32 scia
502 802 84 32 vero
555 802 63 32 de
586 802 105 32 anima,
660 802 53 32 &

177 834 100 42 pcipue
247 834 70 42 quo
287 834 60 42 ad
317 834 90 42 istam
377 834 110 42 partem,
458 834 60 42 in
488 834 70 42 qua
528 834 100 42 agitur
598 834 60 42 de
618 834 70 42 anima

172 865 158 33 itellectiua,
301 865 69 33 est
340 865 59 33 de
370 865 109 33 obiecto
449 865 119 33 secundum
538 865 79 33 esse
577 865 109 33 abstracto

174 896 51 34 a
194 896 121 34 materia,
285 896 71 34 non
326 896 91 34 autem
386 896 121 34 secundum
477 896 202 34 consyderationem,
639 896 51 34 cum

176 931 90 36 etiam
236 931 90 36 anima
296 931 160 36 intellectiua
426 931 70 36 ibi
467 931 160 36 consyderetur
597 931 60 36 vt
617 931 70 36 actus

180 964 122 33 corporis.
274 964 113 33 Dicanius
358 964 94 33 igitur
424 964 66 33 nil
461 964 103 33 phibere
537 964 113 33 secundum
612 964 75 33 consy-

180 992 158 34 derationem
304 992 91 34 dari
361 992 113 34 medium
440 992 91 34 iter
497 992 170 34 abstractum,
632 992 57 34 &
644 992 45 34 ma

177 1022 107 36 teriale:
257 1022 63 36 sed
293 1022 80 36 hamen
347 1022 107 36 secundum
427 1022 71 36 esse
472 1022 143 36 inconueniens
588 1022 63 36 est
615 1022 80 36 aliquid

180 1060 83 34 esse,
235 1060 74 34 quod
281 1060 65 34 non
318 1060 65 34 sit
355 1060 83 34 neque
411 1060 74 34 hoc,
457 1060 83 34 neque
512 1060 92 34 illud.
577 1060 55 34 Et
605 1060 65 34 ita
633 1060 55 34 haec

175 1085 87 44 pont
230 1085 87 44 esse
284 1085 120 44 secunda
371 1085 98 44 solo,
437 1085 76 44 vel
480 1085 65 44 ex
513 1085 109 44 duabus
589 1085 76 44 hat
622 1085 65 44 vna.

199 1117 178 31 Decimatertia
344 1117 145 31 contradi.
455 1117 78 31 est
500 1117 67 31 in
533 1117 78 31 te.
578 1117 78 31 33.
611 1117 78 31 Aris.

175 1154 104 31 videtur
250 1154 85 31 velle
307 1154 76 31 hic,
355 1154 142 31 propositio,
469 1154 66 31 ies
507 1154 76 31 esse
554 1154 114 31 materiam
630 1154 57 31 com-

173 1180 148 38 clusionis.
290 1180 74 38 Sed
332 1180 95 38 huius
396 1180 138 38 oppositum
502 1180 117 38 habetur
587 1180 106 38 infra.
651 1180 42 38 in

177 1211 75 34 hoc.
224 1211 57 34 2.
252 1211 57 34 in
280 1211 75 34 tex.
328 1211 75 34 com.
375 1211 66 34 S9.
412 1211 66 34 vbi
450 1211 85 34 habet
507 1211 75 34 quod
544 1211 142 34 propositiones

186 1249 63 36 tum
222 1249 125 36 conclusioe
320 1249 54 36 se
347 1249 89 36 habunt
409 1249 80 36 sicut
463 1249 80 36 finis
516 1249 63 36 cum
552 1249 71 36 his,
597 1249 71 36 quae
633 1249 63 36 sunt,

177 1279 83 35 ante
228 1279 104 35 finem.
301 1279 93 35 finis
363 1279 93 35 autem
425 1279 52 35 &
446 1279 114 35 materia
529 1279 72 35 non
560 1279 124 35 coincidunt

178 1315 61 33 vt
208 1315 92 33 patet
269 1315 71 33 in.
310 1315 61 33 2.
341 1315 81 33 phy.
392 1315 61 33 in
422 1315 71 33 te.
463 1315 81 33 com.
514 1315 71 33 70.
555 1315 112 33 Amplius
626 1315 61 33 prae

178 1345 102 27 missae
249 1345 102 27 vident
320 1345 81 27 esse
371 1345 92 27 causa
432 1345 102 27 effici
504 1345 71 27 ets
534 1345 153 27 conclusionis,

178 1371 95 31 dicit.
244 1371 57 31 ni
272 1371 152 31 Linconiensis
395 1371 57 31 in
424 1371 47 31 .
443 1371 57 31 2.
471 1371 95 31 poste.
537 1371 76 31 quod
585 1371 104 31 notitia
651 1371 38 31 p-

178 1400 123 34 missarum
270 1400 113 34 videtur
352 1400 113 34 gignere
434 1400 123 34 notitiam
526 1400 164 34 conclusionis
649 1400 41 34 in

179 1436 99 38 anima.
249 1436 109 38 Amplius
328 1436 79 38 Aui.
378 1436 69 38 in.
417 1436 60 38 6.
447 1436 79 38 suae
497 1436 89 38 meta.
556 1436 79 38 cap.
606 1436 60 38 4.
626 1436 69 38 dicit

186 1465 64 32 tam
223 1465 83 32 autem
278 1465 119 32 posuerunt
370 1465 101 32 quidam,
443 1465 156 32 propositiones
572 1465 119 32 similiter
654 1465 37 32 ma

181 1496 103 42 teriam
253 1496 175 42 conclusionis,
396 1496 51 42 &
417 1496 72 42 est
458 1496 103 42 error:
530 1496 92 42 immo,
581 1496 103 42 proposi-

172 1528 110 34 tiones
249 1528 88 34 sunt
304 1528 121 34 materia
392 1528 121 34 figurae
479 1528 165 34 syllogismi.
600 1528 88 34 conclu

179 1559 67 43 sio
218 1559 76 43 vero
265 1559 67 43 non
303 1559 67 43 est
341 1559 95 43 forma,
408 1559 171 43 propositionum,
550 1559 67 43 sed
588 1559 67 43 est
626 1559 86 43 quod

180 1590 72 36 dam,
225 1590 72 36 quid
270 1590 134 36 consequitur
377 1590 54 36 ex
404 1590 90 36 illis,
467 1590 72 36 cum,
512 1590 152 36 propositiones
628 1590 63 36 effi-

178 1623 89 35 ciant
237 1623 69 35 eam
277 1623 59 35 in
307 1623 99 35 anima.
376 1623 69 35 vbi
415 1623 128 35 manifeste
514 1623 69 35 Aui
554 1623 109 35 videtur
623 1623 69 35 repre

176 1653 126 34 bendere
267 1653 114 34 Arist.
347 1653 68 34 in
381 1653 80 34 hac
427 1653 103 34 suia.
495 1653 160 34 Simplicius
621 1653 68 34 in
643 1653 46 34 p-

181 1685 90 42 senti
241 1685 90 42 loco,
301 1685 151 42 aladuertens
422 1685 60 42 su
452 1685 110 42 perhoc,
532 1685 100 42 dixit,
593 1685 100 42 proposi-

174 1718 108 36 tiones
250 1718 130 36 respectu
347 1718 108 36 totius
423 1718 151 36 syllogismi
542 1718 86 36 esse
585 1718 108 36 materiam

179 1749 76 32 sed
223 1749 131 32 respectu
321 1749 174 32 conclusionis
462 1749 87 32 esse
517 1749 109 32 causam
582 1749 109 32 efficiem

175 1781 74 37 rem
218 1781 53 37 &
239 1781 96 37 redit
303 1781 64 37 in
335 1781 138 37 opinionem
441 1781 117 37 Auicem.
526 1781 74 37 sed
568 1781 74 37 non
600 1781 85 37 saluat

183 1817 83 34 tex.
234 1817 83 34 quia
286 1817 104 34 textus
359 1817 93 34 dicit
421 1817 176 34 suppositiones
566 1817 93 34 esse,
618 1817 72 34 sicut

178 1852 69 34 ex
212 1852 81 34 quo
258 1852 138 34 respectu
362 1852 196 34 conclulionis,
523 1852 58 34 &
546 1852 81 34 non
580 1852 115 34 respectu

181 1875 151 39 syllogismi.
302 1875 111 39 Dicamus
383 1875 101 39 igitur
453 1875 81 39 quod
504 1875 171 39 propositiones
635 1875 50 39 quo

169 1908 127 38 damodo
258 1908 101 38 sunt
321 1908 152 38 materia,
435 1908 177 38 quodammodo
562 1908 127 38 efficiem

715 164 54 51 &
737 164 150 51 quodammodo
855 164 107 51 finis.
930 164 75 51 nam
973 164 86 51 ista
1026 164 172 51 verificantur
1155 164 75 51 respe

709 205 79 31 ctu
754 205 158 31 diuersorum
878 205 135 31 respectu
979 205 192 31 conclusionis.
1137 205 79 31 Nam
1171 205 56 31 re-

711 234 105 42 spectu
785 234 179 42 extremitatum,
933 234 84 42 quae
986 234 84 42 sunt
1038 234 137 42 dispersae
1144 234 63 42 in
1165 234 63 42 pmis

710 269 91 30 sis,
767 269 91 30 sunt
824 269 126 30 materia
915 269 194 30 conclusionis,
1075 269 57 30 &
1098 269 91 30 sunt
1143 269 80 30 mate-

712 300 78 36 ria
757 300 190 36 compositionis
913 300 123 36 tantum,
1003 300 56 36 &
1025 300 157 36 conclusio,
1149 300 67 36 in
1171 300 56 36 qua

715 332 75 33 est
758 332 97 33 vnio,
823 332 54 33 &
845 332 151 33 compositio
963 332 183 33 extremitatum,
1114 332 75 33 est
1147 332 75 33 forma

714 363 190 32 compositionis
871 363 134 32 respectu
971 363 112 32 earum.
1050 363 123 32 Ratione
1128 363 101 32 termini

708 393 98 33 medii,
777 393 108 33 virtute
856 393 89 33 cuius
915 393 118 33 infertur
1004 393 138 33 conclusio,
1112 393 69 33 sic
1141 393 89 33 hiabunt

712 428 150 38 quodammodo
830 428 128 38 rationem
926 428 107 38 causae
1001 428 171 38 efficientis:
1140 428 85 38 quia
1182 428 43 38 me

710 450 85 40 dium
764 450 75 40 est
806 450 96 40 causa
870 450 64 40 in
902 450 149 40 inferendo,
1019 450 53 40 &
1041 450 96 40 etiam
1105 450 64 40 in
1126 450 96 40 demrati

709 486 77 36 uis
753 486 66 36 in
786 486 121 36 essendo
874 486 187 36 conclusionis,
1028 486 110 36 saltem
1094 486 132 36 instralis.

709 518 153 36 Praemissae
829 518 87 36 vero
884 518 65 36 in
916 518 142 36 doctrinis
1026 518 76 36 in,
1069 518 120 36 propria
1146 518 76 36 forma

710 549 112 36 respectu
794 549 159 36 conclusionis,
925 549 56 36 se
953 549 103 36 hiabunt
1028 549 84 36 sicut
1084 549 84 36 finis
1141 549 66 36 cum
1169 549 56 36 his,

710 583 69 35 qua
749 583 78 35 sunt
798 583 78 35 ante
847 583 98 35 finem.
916 583 69 35 nam
955 583 88 35 sicut
1014 583 59 35 ex
1043 583 78 35 fine
1092 583 127 35 sequuntur
1180 583 49 35 ea,

714 612 71 41 qui
754 612 81 41 sunt
805 612 81 41 ante
855 612 101 41 finem,
926 612 50 41 &
946 612 71 41 non
986 612 121 41 econtra,
1077 612 71 41 sic
1117 612 60 41 in
1137 612 91 41 doctri-

716 644 76 36 nis
759 644 119 36 veritas
846 644 173 36 praemissarum
987 644 108 36 infert
1063 644 152 36 necessario
1171 644 54 36 ve-

711 676 127 32 ritatem
804 676 196 32 conclusionis,
965 676 58 32 &
988 676 81 32 non
1034 676 138 32 econtra.
1138 676 58 32 &
1149 676 81 32 sicut

712 709 143 38 destructio
824 709 92 38 finis
886 709 102 38 infert
958 709 174 38 destructionem
1101 709 102 38 eorum,
1163 709 61 38 quae

707 741 85 30 sunt
761 741 85 30 ante
814 741 106 30 finem,
888 741 75 30 sic
931 741 149 30 destructio
1048 741 170 30 conclusionis
1186 741 64 30 in

706 769 83 33 fert
758 769 177 33 destructionem
903 769 177 33 praemissarum.
1049 769 94 33 quia,
1112 769 62 33 si
1132 769 94 33 conclu-

708 803 73 32 sio
749 803 73 32 non
791 803 73 32 est
832 803 93 32 vera,
895 803 73 32 nec
936 803 114 32 pmissae
1019 803 83 32 sunt
1071 803 104 32 verae.
1144 803 62 32 Et
1165 803 62 32 ideo

707 834 67 32 ad
740 834 89 32 haec
796 834 100 32 forte
862 834 144 32 praefatus
974 834 156 32 Simplicius
1096 834 100 32 dixit
1162 834 67 32 in
1185 834 44 32 se

708 864 103 40 cunda
776 864 148 40 solutione
890 864 91 40 quod
947 864 103 40 forte
1016 864 114 40 aliquo
1096 864 91 40 modo
1141 864 80 40 prae-

706 896 119 34 missae
789 896 95 34 sunt
848 896 71 34 in
884 896 190 34 conclusione,
1038 896 83 34 sed
1086 896 83 34 non
1121 896 107 34 declata

709 929 82 33 uit
756 929 163 33 distincte.
884 929 82 33 Non
931 929 163 33 inconuenit
1059 929 93 33 ergo
1105 929 117 33 respectu

712 957 142 38 diuersorum
823 957 81 38 idem
874 957 91 38 posse
935 957 81 38 dici
985 957 132 38 materiam,
1086 957 142 38 efficiens,
1188 957 40 38 et

714 991 86 35 tinem
772 991 115 35 respectu
858 991 115 35 eiusdem.
944 991 76 35 quia
992 991 67 35 hoc
1030 991 67 35 est
1068 991 115 35 secundum
1145 991 76 35 diuer-

705 1023 77 35 sa,
749 1023 55 35 &
771 1023 132 35 secundum
870 1023 132 35 diuersos
969 1023 99 35 modos
1024 1023 165 35 consyderandi.

736 1052 175 39 Decimaquarta
878 1052 142 39 contradi.
987 1052 77 39 est
1031 1052 66 39 in
1064 1052 87 39 tex.
1119 1052 66 39 33
1140 1052 77 39 Aris.

708 1085 78 37 ibi
753 1085 112 37 innuit
831 1085 89 37 quod
887 1085 134 37 causarum
987 1085 78 37 per
1032 1085 134 37 accidens
1121 1085 101 37 quaedam

708 1117 89 33 sunt
764 1117 201 33 propinquiores,
931 1117 123 33 quaedam
1021 1117 156 33 remotiores
1133 1117 89 33 aliis.

714 1148 71 38 Sed
755 1148 92 38 huius
816 1148 132 38 oppositum
917 1148 112 38 habetur
999 1148 71 38 ex.
1040 1148 61 38 2.
1070 1148 81 38 phy.
1121 1148 81 38 tex.
1162 1148 61 38 com.

712 1181 69 34 So.
752 1181 69 34 vbi
791 1181 109 34 Aristo.
870 1181 89 34 ponit
930 1181 128 34 dicituram
1028 1181 89 34 inter
1088 1181 99 34 causas
1157 1181 69 34 per
1186 1181 40 34 se

712 1213 55 39 &
734 1213 78 39 per
778 1213 144 39 accidens,
889 1213 111 39 dicens
967 1213 111 39 causam
1045 1213 78 39 per
1089 1213 67 39 se
1122 1213 89 39 esse
1167 1213 55 39 fi-

709 1242 117 34 nitam,
791 1242 82 34 sed
838 1242 105 34 causa
909 1242 82 34 per
955 1242 141 34 accidens
1061 1242 82 34 est
1096 1242 129 34 infinita.

705 1274 74 39 sed
748 1274 64 39 in
780 1274 138 39 infinitis
886 1274 74 39 non
928 1274 74 39 est
971 1274 138 39 accipere,
1077 1274 95 39 neque
1130 1274 95 39 primum,

711 1307 88 39 neque
770 1307 118 39 vltimum,
858 1307 59 39 vt
888 1307 98 39 patet.
957 1307 59 39 2.
986 1307 88 39 meta.
1045 1307 79 39 tex.
1094 1307 79 39 com.
1143 1307 59 39 6.
1173 1307 49 39 &
1183 1307 29 39 i

705 1339 149 39 consequens
822 1339 74 39 non
865 1339 74 39 est
907 1339 74 39 ibi
950 1339 106 39 neque,
1025 1339 160 39 propinquum,
1142 1339 74 39 neque

706 1377 132 36 remotum.
805 1377 143 36 Soluitur,
915 1377 55 36 &
937 1377 77 36 est
980 1377 99 36 dictu
1046 1377 88 36 The.
1101 1377 55 36 &
1123 1377 99 36 Simp.
1178 1377 44 36 in

712 1399 56 35 2.
740 1399 75 35 phy.
787 1399 56 35 in
815 1399 141 35 expositione
927 1399 66 35 te.
965 1399 75 35 com.
1012 1399 66 35 32.
1049 1399 66 35 vbi
1077 1399 141 35 secundumSimp.

713 1436 119 32 Aristo.
800 1436 119 32 videtur
887 1436 87 32 hanc
941 1436 174 32 dubitationem
1082 1436 141 32 inducere:
1190 1436 54 32 &

709 1466 76 41 eius
757 1466 134 41 solutionem
862 1466 105 41 omisit.
939 1466 95 41 inquit
1005 1466 76 41 enim
1053 1466 67 41 tum
1091 1466 86 41 etiam
1149 1466 57 41 in
1168 1466 57 41 qui-

703 1498 120 33 busdam
787 1498 156 33 dubitabit
907 1498 132 33 aliquis
1003 1498 132 33 nunquid
1087 1498 132 33 contingen

707 1529 69 33 tia
747 1529 89 33 fiant
806 1529 98 33 causae
874 1529 128 33 fortunae,
973 1529 59 33 i.
1002 1529 79 33 eius
1052 1529 79 33 quod
1101 1529 69 33 est
1140 1529 49 33 a
1150 1529 69 33 fortu

708 1565 68 35 na,
747 1565 59 35 vt
777 1565 68 35 sit
816 1565 59 35 in
845 1565 98 35 terris
913 1565 117 35 spiritus
1001 1565 68 35 aut
1040 1565 107 35 aestas,
1119 1565 68 35 sed
1158 1565 68 35 non
1187 1565 39 35 de

713 1593 102 32 pilari
784 1593 61 32 vt
815 1593 143 32 sanitatis,
927 1593 82 32 sunt
978 1593 82 32 enim
1029 1593 122 32 causarum
1121 1593 71 32 per
1152 1593 71 32 acci-

708 1623 101 35 dens,
775 1623 101 35 aliae
843 1623 101 35 aliis
910 1623 202 35 propinquiores.
1079 1623 90 35 vnde
1124 1623 101 35 dubita-

713 1655 70 43 tio
753 1655 131 43 consistit
854 1655 100 43 contra
924 1655 70 43 id,
964 1655 80 43 quid
1014 1655 100 43 Arist.
1084 1655 70 43 ibi
1115 1655 110 43 praedixe-

717 1689 60 33 at
747 1689 80 33 tex.
797 1689 80 33 com.
847 1689 70 33 33.
886 1689 80 33 quod
936 1689 80 33 eius
986 1689 80 33 quod
1036 1689 70 33 est
1076 1689 50 33 a
1096 1689 110 33 fortuna
1165 1689 60 33 sunt

712 1720 109 34 causae
788 1720 153 34 infinirae.
909 1720 76 34 Sed
952 1720 87 34 tunc
1007 1720 76 34 est
1050 1720 153 34 dubitatio,
1160 1720 65 34 quia

718 1752 66 34 um
751 1752 121 34 fortuna
839 1752 77 34 sit
883 1752 99 34 causa
949 1752 77 34 per
994 1752 143 34 accidens,
1104 1752 55 34 &
1126 1752 66 34 in
1148 1752 77 34 tali-

707 1780 68 38 bus
746 1780 78 38 sit,
795 1780 137 38 propinquum
903 1780 49 38 &
922 1780 117 38 remotum,
1010 1780 68 38 non
1049 1780 107 38 videtur
1127 1780 78 38 quod
1166 1780 59 38 sint

708 1813 126 41 infinitae
805 1813 106 41 causae,
882 1813 77 41 quia
931 1813 58 41 in
960 1813 87 41 illis
1018 1813 68 41 non
1057 1813 77 41 est,
1095 1813 126 41 propinquum.

713 1844 144 38 Themistius
826 1844 93 38 autem
888 1844 52 38 &
909 1844 144 38 Simplicius
1022 1844 113 38 soluunt
1105 1844 83 38 quod
1146 1844 72 38 causa

710 1883 78 33 per
755 1883 134 33 accidens
855 1883 67 33 si
889 1883 90 33 actu
945 1883 134 33 sumantur
1046 1883 56 33 &
1068 1883 134 33 vicissim
1158 1883 67 33 com-

712 1910 127 45 parentur,
810 1910 68 45 pot
849 1910 127 45 discerni,
947 1910 78 45 quae
996 1910 88 45 sunt,
1055 1910 137 45 propinquae
1162 1910 49 45 &
1172 1910 49 45 re
