1416 2066
176 181 71 45 S&
212 181 71 45 si
247 181 95 45 sit,
307 181 119 45 qumodo
390 181 95 45 est.
449 181 71 45 Et
485 181 107 45 forte
556 181 71 45 in
592 181 83 45 hoc
628 181 71 45 ser-

196 215 97 49 mone
257 215 85 49 est
305 215 97 49 ordo
366 215 183 49 prposterus,
512 215 97 49 ita,
573 215 97 49 quod
622 215 73 49 lega

190 268 96 30 tur
245 268 110 30 sic.
314 268 69 30 &
342 268 152 30 oportet
452 268 124 30 primo
521 268 179 30 perscrutari

193 296 75 50 de
231 296 126 50 vacuo,
319 296 113 50 vtrum
394 296 101 50 sit,
457 296 88 50 aut
508 296 101 50 non,
570 296 63 50 &
595 296 75 50 si
621 296 75 50 sit,

198 334 108 47 quid
265 334 108 47 sit,
332 334 67 47 &
359 334 121 47 quale
440 334 108 47 sit.
507 334 108 47 D.d.
561 334 134 47 Dicentes

198 373 109 48 enim
266 373 149 48 vacuum,
375 373 95 48 &6.
429 373 95 48 hic
483 373 95 48 dat
538 373 149 48 causam,
633 373 54 48 pr

198 414 130 50 quam
279 414 179 50 oportet
409 414 211 50 Naturalem
556 414 146 50 consyde

189 460 96 30 rare
249 460 72 30 de
285 460 120 30 vacuo.
369 460 60 30 &
393 460 96 30 est,
453 460 132 30 quoniam
549 460 144 30 dicentes
645 460 48 30 va

191 487 108 51 cuum
258 487 122 51 esse,
339 487 149 51 credunt
447 487 122 51 ipsum
528 487 122 51 esse,
596 487 95 51 sicul

193 527 126 42 locus,
282 527 63 42 &
307 527 101 42 vas:
370 527 76 42 &,
408 527 88 42 cum
458 527 139 42 aliquid
559 527 126 42 corpus
635 527 63 42 est

190 565 72 44 in
226 565 84 44 eo,
274 565 84 44 est
322 565 133 44 plenum:
419 565 72 44 &,
455 565 84 44 cum
503 565 108 44 caret
576 565 96 44 illo
624 565 72 44 cor-

193 605 100 52 pore,
260 605 78 52 est
304 605 122 52 vacuum,
393 605 89 52 ita,
449 605 89 52 quod
504 605 144 52 contingit
604 605 89 52 istis,

191 644 89 46 vt
236 644 148 46 locus,
340 644 74 46 &
369 644 163 46 plenum,
488 644 74 46 &
518 644 148 46 vacuum
607 644 89 46 sint

193 685 85 37 idem
246 685 127 37 secundum
342 685 148 37 subiectum,
458 685 53 37 &
479 685 116 37 diuersa
564 685 127 37 secundum
649 685 42 37 de

192 725 144 45 finitionem
305 725 123 45 scilicet
397 725 92 45 quod,
459 725 62 45 cu
490 725 92 45 nihil
551 725 103 45 fuerit
623 725 62 45 in
644 725 51 45 eo,

190 772 127 38 dicatur
283 772 127 38 vacuum,
375 772 58 38 &
398 772 173 38 econtrario.
537 772 81 38 hae
583 772 92 38 enim
629 772 69 38 duae

185 805 206 51 dispositioes
352 805 103 51 sunt
417 805 180 51 oppositae,
558 805 77 51 &,
597 805 77 51 si
623 805 64 51 fue

183 839 102 51 rit
242 839 232 51 consyderatum
430 839 87 51 in
474 839 174 51 respectu
590 839 102 51 eius,

192 885 95 49 quod
251 885 166 49 subilcitur
382 885 71 49 in
417 885 83 49 eo,
465 885 130 49 dicetur
560 885 119 49 locus.
631 885 59 49 cum

201 921 108 50 gitur
273 921 108 50 dixit
345 921 108 50 idem,
417 921 144 50 intendit
526 921 144 50 secundum
622 921 72 50 sub-

191 958 155 44 lectum.
304 958 113 44 D.d.
374 958 99 44 sed
430 958 113 44 esse
501 958 127 44 eorum
585 958 99 44 non
628 958 70 44 est

201 998 94 44 dem,
260 998 70 44 id
295 998 82 44 est
342 998 140 44 secundum
447 998 199 44 definitionem.
599 998 94 44 vacuum

191 1037 136 46 enim,
282 1037 76 46 &
312 1037 136 46 locus
403 1037 121 46 sunt
478 1037 121 46 idem
539 1037 151 46 secundum

186 1077 219 46 subiectum,
359 1077 78 46 &
390 1077 110 46 duo
453 1077 188 46 secundum
578 1077 110 46 defi

169 1125 192 37 nitionem.

231 1189 197 53 Incipere
378 1189 148 53 autem
477 1189 180 53 oportet
592 1189 98 53 con-

188 1229 234 52 syderationem
378 1229 205 52 capientes,
539 1229 73 52 &
568 1229 102 52 ea,
612 1229 88 52 quae

193 1277 167 49 dicunt,
315 1277 228 49 affirmantes
497 1277 137 49 esse,
588 1277 76 49 &
604 1277 91 49 rur-

188 1317 111 45 sus
252 1317 127 45 quae
331 1317 158 45 dicunt
442 1317 111 45 non
489 1317 206 45 affirmantes

189 1357 119 45 esse,
268 1357 80 45 et
308 1357 133 45 tertio
401 1357 159 45 communes
520 1357 173 45 opiniones
640 1357 53 45 de

173 1400 154 50 ipsis.
281 1400 123 50 Alii
358 1400 154 50 igitur
466 1400 201 50 monstrare
604 1400 93 50 ten-

189 1445 134 45 tantes
283 1445 107 45 quod
350 1445 94 45 non
403 1445 107 45 est,
471 1445 94 45 non
524 1445 107 45 quid
578 1445 121 45 homines

193 1490 165 48 volunt
308 1490 165 48 dicere
423 1490 181 48 vacuum,
555 1490 115 48 hoc
605 1490 82 48 re-

182 1532 206 50 darguunt,
341 1532 111 50 sed
404 1532 206 50 peccantes
546 1532 143 50 dicunt,

194 1578 98 41 vt
243 1578 244 41 Anaxagoras,
438 1578 98 41 et
487 1578 114 41 qui
552 1578 114 41 hoc
600 1578 98 41 modo

187 1614 223 59 redarguunt.
366 1614 223 59 demonstrant
544 1614 119 59 enim
604 1614 89 59 quod

188 1656 168 54 aliquid
310 1656 107 54 est
371 1656 107 54 aer
432 1656 168 54 stricte
539 1656 153 54 ligantes

193 1696 139 52 vtres,
290 1696 278 52 demonstrantesque
527 1696 111 52 quod
583 1696 111 52 fortis

190 1740 103 55 est
249 1740 118 55 aer,
323 1740 89 55 ac
367 1740 221 55 accipientes
544 1740 89 55 in
574 1740 118 55 Clepsy

185 1786 159 40 dris.
292 1786 142 40 Alii
380 1786 159 40 autem
486 1786 195 40 homines
610 1786 89 40 vo-

182 1829 124 45 lunt
260 1829 155 45 vacuum
369 1829 124 45 esse
447 1829 186 45 spatium,
586 1829 93 45 in
617 1829 78 45 quo

178 1869 166 52 nullum
295 1869 117 52 est
361 1869 166 52 corpus
461 1869 200 52 sensibile.

756 180 82 63 Et
797 180 151 63 oportet
907 180 96 63 nos
962 180 137 63 ponere
1058 180 206 63 principsum.
1209 180 41 63 L

708 229 302 61 consyderationis,
965 229 91 61 et
1010 229 181 61 narremus
1131 229 91 61 quid

708 276 147 63 dicunt
811 276 88 63 in
855 276 103 63 hoc
914 276 191 63 opinantes
1060 276 132 63 ipsum
1134 276 73 63 ess

712 325 90 61 et
757 325 120 61 quid
832 325 150 61 dicunt
937 325 90 61 et
983 325 195 61 opinantes
1118 325 105 61 ipsum

708 373 95 61 non
763 373 123 61 esse,
845 373 68 61 &
872 373 109 61 etam
940 373 95 61 res
995 373 164 61 cognitas
1118 373 82 61 in
1145 373 68 61 eo.

710 421 164 70 Dicamus
829 421 149 70 igitur
934 421 119 70 quod
1008 421 134 70 illi,
1098 421 104 70 qui
1142 421 75 70 ni-

710 468 144 65 tuntur
810 468 158 65 probare
925 468 129 65 ipsum
1012 468 101 65 non
1069 468 129 65 esse,
1141 468 72 65 non

710 517 232 61 contradicunt
899 517 102 61 ei,
957 517 116 61 quod
1030 517 160 61 homines
1146 517 102 61 in

705 564 167 63 tendunt
826 564 106 63 per
887 564 106 63 hoc
947 564 136 63 nomen
1038 564 152 63 vacuu,
1144 564 106 63 sed

707 613 98 62 ei,
763 613 112 62 quod
833 613 112 62 ipsi
904 613 183 62 intendunt
1044 613 98 62 per
1101 613 98 62 hoc
1143 613 70 62 no-

707 661 112 63 men
771 661 192 63 peccado,
915 661 96 63 vt
963 661 160 63 Anaxa.
1075 661 112 63 qui
1123 661 96 63 iuit

712 709 103 52 sua
771 709 103 52 via
830 709 88 52 in
874 709 280 52 contradictione:
1095 709 118 52 probat

708 756 68 66 n
736 756 109 66 aere
804 756 109 66 esse
872 756 150 66 aliquid
982 756 96 66 per
1023 756 191 66 copressione,

713 804 135 68 vtris
803 804 180 68 instati,
938 804 75 68 &
968 804 150 68 vident
1072 804 105 68 per
1117 804 90 68 hoc,

706 856 129 62 quod
787 856 113 62 aer
851 856 145 62 habet
948 856 210 62 virtutem,
1110 856 81 62 &
1142 856 113 62 per

709 907 225 47 inglusionem
889 907 120 47 eius
965 907 90 47 in
995 907 210 47 instrumentis

714 956 124 63 quae
792 956 186 63 dicuntur
932 956 249 63 Cantaplorae.
1118 956 109 63 Hoies

721 1005 128 53 vero
801 1005 224 53 intendunt,
977 1005 112 53 cum
1041 1005 160 53 dicunt
1137 1005 80 53 va-

708 1053 140 62 cuum,
801 1053 248 62 dimensionem,
1002 1053 93 62 in
1049 1053 109 62 qua
1111 1053 93 62 no
1142 1053 78 62 est

707 1100 153 62 corpus
814 1100 198 62 sensibile
951 1100 137 62 omnino,

747 1164 116 54 Quia
820 1164 204 54 principium
966 1164 247 54 persciutationis

713 1205 189 52 Naturalis
859 1205 102 52 est
917 1205 204 52 praeponere
1063 1205 145 52 sermones

710 1245 209 45 dialecticos
877 1245 195 45 sermonibus
1016 1245 195 45 demtratiuis,

710 1285 79 37 &
742 1285 189 37 sermones
884 1285 158 37 eorum,
994 1285 110 37 qui
1057 1285 158 37 ponunt
1152 1285 63 37 va

707 1324 137 38 cuum,
798 1324 76 38 &
829 1324 107 38 qui
890 1324 198 38 destruunt
1042 1324 137 38 ipsum
1119 1324 92 38 sunt

710 1362 156 40 tales,
820 1362 78 40 &
851 1362 156 40 maxime
960 1362 187 40 sermones
1085 1362 125 40 eorum,

721 1400 97 50 qui
777 1400 139 50 ponunt
874 1400 139 50 ipsum,
971 1400 139 50 dixit:
1068 1400 83 50 Et
1096 1400 125 50 oportet

710 1443 100 50 nos
767 1443 157 50 ponere,
881 1443 100 50 &c.
938 1443 86 50 i.
981 1443 71 50 &
1009 1443 157 50 ponamus
1109 1443 100 50 primo

716 1475 265 53 perscrutationem
939 1475 84 53 de
981 1475 98 53 suo
1037 1475 112 53 esse
1106 1475 98 53 per
1148 1475 70 53 pri

713 1525 86 46 ma
756 1525 172 46 cognita,
885 1525 115 46 quae
957 1525 215 46 naturaliter
1115 1525 100 46 habe-

712 1556 98 54 mus
768 1556 84 54 in
810 1556 126 54 ipso.
894 1556 140 54 Deinde
993 1556 168 54 incoepit
1105 1556 112 54 dicere

715 1596 157 54 rationes
833 1596 131 54 eorum,
925 1596 92 54 qui
977 1596 131 54 negant
1069 1596 118 54 ipsum
1134 1596 79 54 esse

714 1637 75 50 &
744 1637 165 50 accusat
864 1637 120 50 eos,
939 1637 120 50 quia
1013 1637 105 50 non
1058 1637 165 50 contradi-

721 1685 111 45 xerunt
798 1685 66 45 es
832 1685 133 45 scilicet
931 1685 89 45 quod
987 1685 155 45 significat
1108 1685 77 45 hoc
1142 1685 77 45 nomen

720 1714 163 40 vacuum,
839 1714 104 40 ita
898 1714 119 40 quod
973 1714 238 40 contradictio
1151 1714 74 40 eo-

717 1751 80 43 rum
762 1751 103 43 esset
831 1751 182 43 contradictio
979 1751 182 43 vniversalis,
1127 1751 80 43 sed
1161 1751 57 43 con

718 1789 218 54 tradixerunt
892 1789 261 54 contradictione
1095 1789 131 54 particu

723 1828 86 46 ar,
772 1828 148 46 scilicet
883 1828 98 46 quod
944 1828 123 46 quidam
1030 1828 111 46 eorum
1092 1828 135 46 existima-

715 1869 142 45 uerunt
814 1869 142 45 vacuum
914 1869 128 45 esse,
999 1869 71 45 &
1028 1869 100 45 est
1085 1869 100 45 aer
1127 1869 100 45 inui
