1416 2066
175 180 87 56 sic
224 180 87 56 cam
274 180 136 56 cogens,
373 180 74 56 vt
410 180 112 56 motus
484 180 87 56 sit
534 180 74 56 ad
571 180 112 56 illud
633 180 62 56 vl-

191 220 119 51 timum,
274 220 119 51 quando
358 220 71 51 ei
393 220 190 51 appropinquat
548 220 119 51 magis,
620 220 71 51 quae

183 256 125 43 quando
271 256 88 43 est
321 256 150 43 remotum.
434 256 100 43 D.d.
497 256 63 43 &
522 256 163 43 similiter
634 256 63 43 est

190 296 75 50 de
227 296 125 50 aliis.
314 296 75 50 i.
352 296 75 50 de
389 296 112 50 aliis
464 296 150 50 motibus,
576 296 100 50 pter
626 296 62 50 mo-

186 334 74 44 tum
229 334 117 44 localem
314 334 127 44 scilicet
409 334 138 44 ressexum.
515 334 85 44 ista
568 334 85 44 enim
611 334 74 44 demon

191 372 121 39 stratio
279 372 132 39 communis
378 372 77 39 est
422 372 132 39 omnibus.
520 372 77 39 Et,
564 372 77 39 cum
597 372 99 39 declara

187 408 85 42 uit
236 408 98 42 quod
297 408 73 42 de
333 408 110 42 primo
406 408 134 42 mouetur
504 408 122 42 illud,
589 408 98 42 quid
638 408 49 42 mo

183 450 108 48 uetur
255 450 72 48 ab
291 450 108 48 illo,
364 450 60 48 a
388 450 84 48 quo
436 450 133 48 mouetur
532 450 72 48 ad
569 450 120 48 illud,
641 450 48 48 ad

187 493 102 33 quod
251 493 153 33 mouetur,
366 493 64 33 &
391 493 153 33 ressexum
506 493 140 33 mouetur
608 493 77 33 de
634 493 51 33 eo

187 532 81 38 dem
234 532 69 38 in
268 532 104 38 idem,
338 532 150 38 contingit
453 532 173 38 necessario,
592 532 69 38 si
615 532 69 38 fue-

189 564 85 38 rit
237 564 134 38 positum
335 564 97 38 quod
395 564 109 38 motus
468 564 109 38 eius,
541 564 109 38 quoid
602 564 85 38 moue-

184 600 100 48 tur
241 600 129 48 istis
327 600 143 48 duobus
427 600 172 48 motibus,
556 600 100 48 est
599 600 86 48 vnus

188 645 93 37 vt
234 645 185 37 moueatur
373 645 154 37 duobus
481 645 170 37 motibus
588 645 93 37 con-

182 684 144 31 trarijs
287 684 157 31 insimul.
405 684 105 31 D.d.
470 684 66 31 &
496 684 92 31 cum
549 684 92 31 hoc
588 684 105 31 contin

184 716 103 51 git,
248 716 77 51 vt
287 716 205 51 transferatur
454 716 77 51 ab
492 716 90 51 eo,
544 716 77 51 in
582 716 90 51 quo
621 716 64 51 non

192 754 77 40 est.
241 754 58 40 i.
270 754 48 40 &
289 754 135 40 translatum
395 754 116 40 secundum
482 754 68 40 nam
521 754 68 40 non
550 754 135 40 transfertur,

187 791 94 50 nisi
246 791 70 50 ab
281 791 82 50 eo,
328 791 70 50 in
363 791 82 50 quo
410 791 94 50 est,
468 791 70 50 ad
504 791 117 50 illud,
586 791 70 50 in
621 791 82 50 quo
656 791 35 50 n

188 829 78 51 em.
233 829 67 51 Si
266 829 112 51 igitur
344 829 157 51 posuerimus
467 829 89 51 quod
523 829 123 51 aliquid
602 829 89 51 trans-

181 868 124 48 fertur
267 868 74 48 ad
304 868 124 48 illud,
391 868 62 48 a
415 868 86 48 quo
465 868 198 48 transfertur,
613 868 74 48 con-

188 906 122 49 tinget
273 906 73 49 vt
309 906 194 49 transferatur
467 906 73 49 ab
504 906 85 49 eo,
552 906 73 49 in
589 906 85 49 quo
625 906 61 49 non

192 949 92 37 est,
249 949 92 37 quod
307 949 81 37 est
353 949 184 37 impossibile.
502 949 92 37 D.d.
560 949 69 37 &,
594 949 81 37 cum
629 949 58 37 hoc

190 981 78 51 sit
234 981 178 51 impossibile,
379 981 156 51 necessario
502 981 145 51 quiescit.
613 981 67 51 i.
646 981 67 51 &,

185 1020 81 51 cum
232 1020 105 51 istud
302 1020 174 51 impossibile
441 1020 140 51 sequitur
546 1020 70 51 ex
581 1020 93 51 hoc,
627 1020 70 51 quid

189 1060 173 46 posuimus,
322 1060 107 46 quod
389 1060 213 46 transmutatum
562 1060 93 46 non
602 1060 80 46 quie

188 1095 106 43 scit,
259 1095 117 43 quando
341 1095 129 43 mouetur
435 1095 106 43 istis
505 1095 117 43 duobus
575 1095 106 43 motibus

185 1140 199 45 contrarijs.
344 1140 106 45 ergo
410 1140 146 45 necesse
516 1140 93 45 est
569 1140 79 45 vt
595 1140 93 45 quie-

190 1172 115 51 scat.
267 1172 102 51 ergo
331 1172 115 51 motus
408 1172 90 51 non
459 1172 102 51 erit
523 1172 115 51 vnus,
599 1172 64 51 &
612 1172 77 51 com-

190 1212 133 38 tinuus.
286 1212 108 38 omnis
359 1212 96 38 enim
419 1212 121 38 motus,
503 1212 72 38 in
539 1212 84 38 quo
576 1212 108 38 interpo

185 1249 114 41 nitur
261 1249 126 41 quies,
350 1249 88 41 non
400 1249 88 41 est
451 1249 114 41 vnus,
527 1249 63 41 &
539 1249 152 41 continuus.

221 1288 184 42 Amplius
355 1288 150 42 autem
455 1288 84 42 &
489 1288 100 42 ex
539 1288 117 42 his
589 1288 100 42 mani

176 1329 114 50 festum
255 1329 80 50 est
301 1329 194 50 vniversaliter
460 1329 102 50 magis
529 1329 68 50 de
563 1329 91 50 omni
608 1329 80 50 motu,

185 1369 89 41 Si
230 1369 119 41 enim
304 1369 134 41 omne,
393 1369 119 41 quid
467 1369 178 41 mouetur,
586 1369 104 41 mouea

182 1413 115 45 tur
247 1413 165 45 aliquo
363 1413 198 45 dictorum
511 1413 181 45 motuum,
643 1413 82 45 &

188 1452 182 50 quiescat
325 1452 152 50 aliqua
431 1452 228 50 oppositarum
598 1452 91 50 que-

187 1490 94 49 tum:
246 1490 94 49 inon
305 1490 94 49 enim
364 1490 94 49 erat
422 1490 106 49 alius
493 1490 129 49 praeter
587 1490 118 49 istos:
658 1490 35 49 7

188 1541 92 42 quod
245 1541 103 42 autem
314 1541 80 42 non
360 1541 115 42 semper
440 1541 126 42 mouetur
531 1541 138 42 secundum
623 1541 69 42 hunc

178 1575 138 44 motum,
275 1575 111 44 dico
344 1575 125 44 autem
427 1575 180 44 quicumque
566 1575 111 44 sunt
621 1575 69 44 di-

187 1621 128 45 uersi
272 1621 156 45 specie,
385 1621 71 45 &
414 1621 99 45 non
470 1621 85 45 si
513 1621 99 45 qua
569 1621 113 45 pars
626 1621 71 45 est

182 1661 159 41 totius,
297 1661 159 41 necesse
413 1661 101 41 est
471 1661 130 41 prius
543 1661 145 41 quiesce-

186 1700 73 46 re
222 1700 145 46 secundum
331 1700 157 46 oppositam
452 1700 145 46 quietem.
561 1700 109 46 quies
621 1700 73 46 enim

188 1740 172 50 priuatio
316 1740 129 50 motus
402 1740 114 50 est.
474 1740 86 50 Si
516 1740 143 50 igitur
602 1740 86 50 con-

184 1785 130 50 trarum
275 1785 130 50 quidem
366 1785 117 50 motus
444 1785 117 50 sunt,
521 1785 91 50 qui
560 1785 130 50 secundum

187 1824 139 59 rectam
284 1824 139 59 fiunt,
382 1824 125 59 simul
465 1824 125 59 autem
549 1824 97 59 non
591 1824 111 59 contin

706 181 115 52 git
771 181 164 52 moueri
886 181 230 52 contrarijs
1050 181 148 52 motibus

710 222 110 53 quod
779 222 82 53 ab
820 222 96 53 Aad
875 222 165 53 cfertur,
998 222 96 53 non
1053 222 137 53 vtique
1135 222 69 53 fe-

709 262 134 52 retur
799 262 134 52 simul
888 262 75 52 &
918 262 89 52 ab
963 262 134 52 ipsoc
1052 262 89 52 ad
1097 262 89 52 A.
1127 262 89 52 Qnam

705 305 135 41 autem
795 305 105 41 non
855 305 135 41 simul
945 305 165 41 fertur,
1050 305 165 41 mouebitur

703 348 117 40 autem
781 348 156 40 secundum
898 348 104 40 hunc
963 348 130 40 motum,
1054 348 143 40 necesse
1145 348 65 40 est

703 392 125 54 prius
786 392 167 54 quiescat
911 392 111 54 apud
981 392 83 54 o,
1023 392 111 54 haec
1092 392 111 54 enim
1148 392 69 54 est

703 429 166 55 opposita
828 429 138 55 quies,
925 429 97 55 ei,
980 429 97 55 qui
1035 429 97 55 est
1091 429 69 55 a
1118 429 83 55 c,
1146 429 69 55 mo-

713 469 91 44 tui.
769 469 159 44 Manifestum
895 469 114 44 igitur
974 469 80 44 est
1020 469 68 44 ex
1054 469 91 44 ijs,
1111 469 91 44 quae
1156 469 57 44 di-

704 514 91 41 cta
756 514 117 41 sunt,
834 514 104 41 quod
899 514 91 41 non
951 514 91 41 est
1003 514 169 41 continuus
1120 514 91 41 motus

756 564 85 48 Et
798 564 100 48 hoc
855 564 156 48 apparet
969 564 128 48 magis
1055 564 85 48 in
1097 564 114 48 omni
1154 564 57 48 mo

704 597 75 61 tu
742 597 75 61 ex
780 597 88 61 hoc
830 597 138 61 sermone
930 597 126 61 etiam.
1018 597 138 61 Quonia,
1119 597 75 61 si
1144 597 75 61 omne

702 645 119 65 motu
777 645 89 65 no
821 645 179 65 mouetur,
955 645 119 65 nisi
1030 645 149 65 aliquo
1119 645 104 65 isto-

700 693 103 61 rum
759 693 133 61 motuu
848 693 192 61 pdictoru,
995 693 162 61 necesse
1113 693 103 61 est
1157 693 59 61 vt

709 741 167 54 quiescat
834 741 139 54 quiete
931 741 167 54 opposita
1056 741 111 54 illi
1112 741 97 54 motui

705 786 91 56 quo
757 786 157 56 mouetur.
875 786 131 56 nullus
966 786 104 56 enim
1031 786 91 56 est
1083 786 117 56 motus
1149 786 65 56 hic

707 833 162 49 praeter
825 833 148 49 illos.
929 833 74 49 &
958 833 118 49 motu
1032 833 103 49 non
1076 833 133 49 mouetur

701 876 127 57 semper
790 876 102 57 isto
854 876 102 57 modo
918 876 115 57 motus
994 876 153 57 scilicet
1096 876 115 57 motibus

702 925 140 67 diuersis
807 925 70 67 in
842 925 128 67 specie,
935 925 117 67 neque,
1017 925 82 67 est
1064 925 105 67 etiam
1122 925 93 67 aliqua

708 973 109 63 pars
776 973 136 63 totius
872 973 123 63 moti.
953 973 109 63 ergo
1021 973 150 63 necesse
1130 973 82 63 et
1158 973 54 63 vt

703 1021 133 62 prius
792 1021 177 62 quiescat
925 1021 148 62 quiete
1029 1021 177 62 opposita
1147 1021 59 62 mo

707 1069 103 59 tui.
772 1069 116 59 quies
849 1069 103 59 enim
914 1069 90 59 est
965 1069 155 59 priuatio
1082 1069 129 59 motus.
1159 1069 52 59 Si

706 1117 151 61 ligitur
816 1117 123 61 motus
898 1117 123 61 recti
981 1117 110 61 sunt
1049 1117 110 61 cor.
1104 1117 96 61 carum

705 1172 86 52 et
748 1172 100 52 est
805 1172 215 52 impossibile
977 1172 86 52 vt
1020 1172 172 52 moueatur
1135 1172 86 52 ali-

701 1207 117 59 quid
774 1207 146 59 duobus
877 1207 161 59 motibus
994 1207 205 59 contrarijs
1155 1207 88 59 in

713 1259 140 57 simul,
811 1259 112 57 tunc
881 1259 140 57 illud,
979 1259 112 57 quod
1035 1259 182 57 transfertur

699 1301 92 61 de
745 1301 107 61 Aad
806 1301 92 61 c,
852 1301 230 61 impossibile
1036 1301 107 61 est
1097 1301 92 61 vt
1128 1301 92 61 insi

696 1350 120 60 mul
765 1350 275 60 transferatur
988 1350 155 60 exCad
1092 1350 103 60 A.
1143 1350 103 60 &,

703 1396 109 57 cum
766 1396 109 57 non
828 1396 171 57 mouetur
952 1396 140 57 istis
1046 1396 156 57 duobus
1139 1396 78 57 mo-

703 1445 146 61 tibus
800 1445 211 61 contrarus
962 1445 194 61 insimul,
1108 1445 81 61 &
1124 1445 97 61 moue

702 1493 103 62 tur
761 1493 103 62 hoc
820 1493 132 62 motu,
908 1493 162 62 necesse
1026 1493 103 62 est
1085 1493 88 62 vt
1114 1493 103 62 quie-

701 1540 134 54 scat,
791 1540 179 54 antequam
925 1540 179 54 moueatur
1060 1540 90 54 ad
1104 1540 90 54 C.
1134 1540 90 54 ista

706 1598 101 50 enim
769 1598 101 50 ques
832 1598 88 50 est
883 1598 151 50 opposita
996 1598 113 50 motui
1072 1598 76 50 ex
1110 1598 76 50 C.
1147 1598 76 50 Et
1173 1598 50 50 de

706 1632 157 69 claratu
820 1632 71 69 e
848 1632 143 69 igitur
948 1632 86 69 ex
991 1632 114 69 hoc,
1062 1632 114 69 quod
1119 1632 100 69 dixi-

709 1685 111 45 mus,
778 1685 111 45 quod
848 1685 111 45 iste
917 1685 125 45 motus
1000 1685 83 45 no
1041 1685 69 45 e
1055 1685 166 45 continuus.

745 1741 106 46 Ista
811 1741 92 46 est
864 1741 106 46 alia
930 1741 198 46 declaratio,
1075 1741 145 46 propinqua

717 1781 159 48 primae,
832 1781 72 48 &
861 1781 173 48 fundatur
990 1781 130 48 super
1077 1781 115 48 duas
1135 1781 86 48 pro-

706 1821 128 45 pones.
796 1821 128 45 Quarum
885 1821 89 45 vna
936 1821 102 45 est,
1000 1821 102 45 quod
1064 1821 102 45 omne
1115 1821 102 45 motum,
