1416 2066
177 173 82 37 nam,
228 173 92 37 sicut
289 173 92 37 dicit
351 173 92 37 Alex.
412 173 61 37 in
443 173 123 37 pricipio
535 173 92 37 libri
587 173 102 37 priorum,

171 203 144 39 Naturalis
281 203 66 39 in
315 203 177 39 quampluribus
458 203 99 39 locis
524 203 110 39 vtitur
591 203 99 39 consyde

172 237 109 38 ratione
251 237 159 38 mathematica.
380 237 60 38 Et
410 237 99 38 quando
480 237 109 38 dicitur
559 237 60 38 in
579 237 109 38 definitio

173 268 67 34 ne
206 268 112 34 entium
285 268 190 34 imaginabilium
442 268 78 34 non
486 268 123 34 ponitur
576 268 112 34 motus:
643 268 45 34 Re

178 298 125 40 spodetur
271 298 83 40 quod
323 298 62 40 in
354 298 83 40 casu
406 298 83 40 illa
458 298 114 40 proprie
541 298 73 40 non
582 298 93 40 esset
634 298 52 40 de-

179 331 129 31 finitio:
276 331 86 31 quia
330 331 172 31 definitiones
469 331 75 31 non
512 331 86 31 sunt
555 331 140 31 existentium

173 363 63 31 in
204 363 104 31 aliqua
277 363 94 31 scia,
340 363 73 31 sed
382 363 94 31 esset
444 363 115 31 quaedam
528 363 167 31 notificatio.
653 363 42 31 et

177 395 93 41 runc
236 395 93 41 dico
294 395 93 41 quod
352 395 140 41 notiones
457 395 198 41 mathematicae,
608 395 82 41 licet

173 428 92 30 non
225 428 131 30 sumant
317 428 118 30 motum
396 428 79 30 in
435 428 144 30 entibus
527 428 157 30 mathemati-

180 460 79 30 cis,
230 460 69 30 qui
269 460 69 30 est
309 460 139 30 naturalis,
418 460 109 30 possunt
498 460 89 30 tamen
557 460 99 30 sumere
617 460 69 30 motun

175 488 175 34 imaginarium.
317 488 142 34 similiter
426 488 175 34 Mathematicus
568 488 76 34 non
601 488 98 34 definit

171 520 122 34 aliquid
260 520 78 34 per
304 520 100 34 motum
371 520 122 34 tanquam
460 520 78 34 per
504 520 156 34 subiectum,
615 520 78 34 sicut

177 552 93 34 facit
239 552 134 34 Naturalis
342 552 62 34 in
373 552 155 34 definitione
497 552 114 34 tperis,
579 552 93 34 tamen
631 552 62 34 bene

177 585 214 33 Mathematicus
351 585 134 33 posset
445 585 161 33 definire
565 585 94 33 per
605 585 94 33 motum

182 615 69 33 in
216 615 126 33 ratione
308 615 149 33 numerati,
422 615 149 33 inquantum
537 615 149 33 numeratum
640 615 57 33 ab-

175 649 139 34 stractum,
282 649 86 34 quia
336 649 96 34 ratio
400 649 107 34 numeri
475 649 64 34 vt
507 649 75 34 sic
549 649 150 34 abstrabit,
656 649 43 34 in

176 679 70 35 eo
211 679 94 35 quod
270 679 129 35 numerus
363 679 82 35 est
410 679 58 35 a
434 679 129 35 materia
527 679 164 35 sensibili.
644 679 47 35 vn

178 709 79 37 de
217 709 131 37 motus,
309 709 79 37 vt
348 709 170 37 numeratus
479 709 92 37 vel
519 709 170 37 numerabilis

180 741 136 37 absolute
282 741 80 37 est
327 741 80 37 res
373 741 182 37 mathematica:
521 741 80 37 sed
566 741 68 37 vt
600 741 80 37 est
634 741 57 37 nu-

180 776 138 34 merabilis
286 776 127 34 secundum
382 776 95 34 prius
445 776 53 34 &
466 776 138 34 posterius
572 776 95 34 motus
625 776 64 34 exi-

178 804 120 40 stentis
265 804 65 40 in
298 804 98 40 primo
363 804 120 40 mobili,
450 804 76 40 sic
493 804 76 40 est
537 804 76 40 res
570 804 130 40 naturalis.

176 836 97 38 sicut
241 836 119 38 dicimus
328 836 65 38 in
360 836 119 38 simili,
446 836 86 38 quod
500 836 108 38 eaedem
576 836 86 38 sunt
619 836 76 38 lines

183 868 157 38 natirtales,
308 868 52 38 &
329 868 178 38 mathematicae.
475 868 63 38 2.
507 868 84 38 phy.
559 868 73 38 19.
601 868 63 38 Si
622 868 73 38 autem

176 907 121 24 tempus
261 907 145 24 sumatur,
369 907 85 24 quo
418 907 73 24 ad
454 907 145 24 secundam
563 907 85 24 sui
599 907 97 24 condi-

180 933 116 40 tionem,
265 933 84 40 quae
318 933 74 40 est
360 933 137 40 mensurare
465 933 116 40 actiue,
550 933 74 40 sic
592 933 84 40 dico
634 933 53 40 qui

175 963 91 32 hent
231 963 159 32 quodammado
356 963 91 32 esse
413 963 181 32 imaginarium.
560 963 79 32 est
605 963 91 32 enim
651 963 45 32 ad

178 997 143 29 instar,
282 997 65 29 &
308 997 195 29 sifitudinem
463 997 130 29 numeri
541 997 156 29 mathemati-

180 1028 70 44 ci,
220 1028 70 44 qui
260 1028 60 44 vt
290 1028 90 44 dicit
350 1028 80 44 Com.
400 1028 60 44 i.
430 1028 80 44 met.
479 1028 80 44 com.
529 1028 70 44 36.
569 1028 70 44 non
599 1028 100 44 multipli

179 1059 104 33 catur
249 1059 69 33 ad
284 1059 232 33 multiplicationem
481 1059 104 33 rerum
538 1059 151 33 numeratarum

182 1087 50 35 &
202 1087 120 35 secundum
292 1087 80 35 tale
342 1087 80 35 esse
392 1087 110 35 numerus
471 1087 90 35 habet
531 1087 80 35 esse
571 1087 120 35 abstractum

179 1122 60 31 in
209 1122 100 31 anima.
279 1122 80 31 isto
330 1122 80 31 enim
380 1122 80 31 modo
430 1122 100 31 docuit
500 1122 100 31 Arist.
571 1122 70 31 nos
601 1122 90 31 imagina

177 1154 58 32 ri
206 1154 97 32 tempus
274 1154 58 32 in
303 1154 68 32 te.
342 1154 78 32 com.
391 1154 68 32 132
429 1154 58 32 &.
458 1154 78 32 134.
507 1154 87 32 sicut
565 1154 78 32 est,
604 1154 87 32 inquit,

181 1187 99 31 idem
243 1187 136 31 numerus
342 1187 62 31 &
366 1187 149 31 aequalis
478 1187 124 31 septem
565 1187 124 31 canum,
639 1187 62 31 aut

180 1217 124 33 septem
266 1217 149 33 equorum,
378 1217 87 33 aut
428 1217 112 33 decem
502 1217 124 33 ouium,
589 1217 62 33 &
601 1217 87 33 decem

177 1250 115 33 hoium,
257 1250 80 33 sic
303 1250 80 33 est
349 1250 92 33 vnum
406 1250 126 33 tempus,
498 1250 103 33 licet
567 1250 80 33 res
601 1250 92 33 numera

181 1284 70 30 tae
221 1284 60 30 i.
251 1284 60 30 vn
281 1284 80 30 sunt
330 1284 110 30 eaedem.
410 1284 90 30 patet
470 1284 90 30 autem
530 1284 80 30 quod
579 1284 80 30 ista
629 1284 70 30 non
659 1284 40 30 ve

180 1312 172 34 rificantur
315 1312 98 34 nisi
376 1312 74 34 de
413 1312 123 34 numero
499 1312 196 34 mathematico,
658 1312 61 34 &

178 1345 81 33 ideo
228 1345 152 33 intellectus
350 1345 91 33 pris,
410 1345 61 33 in
441 1345 121 33 ratione:
531 1345 71 33 qua
572 1345 71 33 est
602 1345 91 33 numerus

178 1377 147 33 mensurans
291 1377 102 33 omnes
359 1377 113 33 motus,
439 1377 57 33 &
461 1377 79 33 est
507 1377 91 33 vnum
563 1377 57 33 &
586 1377 91 33 idem
631 1377 57 33 re-

181 1409 102 34 spectu
252 1409 112 34 omnium,
334 1409 71 34 non
375 1409 71 34 pot
415 1409 133 34 imaginari
518 1409 82 34 nisi
569 1409 122 34 secundum
650 1409 41 34 ma

177 1444 146 30 thematicam
291 1444 188 30 abstractionem.
448 1444 84 30 vnde
500 1444 94 30 etiam
563 1444 63 30 in
594 1444 84 30 104.
636 1444 52 30 te.

187 1471 87 35 dicit
245 1471 77 35 quod
294 1471 68 35 ita
333 1471 68 35 est
371 1471 58 35 de
400 1471 77 35 nunc
449 1471 58 35 in
478 1471 77 35 toto
526 1471 97 35 tpere,
594 1471 87 35 sicut
643 1471 48 35 est

180 1502 66 36 de
213 1502 121 36 puncto,
301 1502 77 36 vbi
345 1502 88 36 Com.
400 1502 132 36 expresse
500 1502 99 36 dicit
566 1502 88 36 quod
610 1502 77 36 quem.

173 1541 136 29 admodum
272 1541 161 29 Ceometrae
396 1541 124 29 dicunt
482 1541 99 29 quod
544 1541 87 29 est
594 1541 99 29 vnum
656 1541 62 29 &

179 1566 91 36 idem
236 1566 137 36 punctum,
339 1566 91 36 quod
396 1566 80 36 per
442 1566 80 36 sui
487 1566 114 36 fiuxum
567 1566 114 36 causat
636 1566 57 36 li-

179 1603 103 32 neam.
247 1603 80 32 ita
293 1603 80 32 est
339 1603 69 32 de
374 1603 92 32 ipso
431 1603 103 32 nunc.
500 1603 92 32 vnde
558 1603 92 32 sine
604 1603 80 32 dubio

179 1630 85 37 non
227 1630 97 37 pont
288 1630 109 37 motus
360 1630 157 37 imaginari
481 1630 157 37 mensurari
602 1630 60 37 a
614 1630 73 37 tper

181 1661 82 35 neque
236 1661 82 35 tpens
291 1661 46 35 a
309 1661 82 35 motu,
364 1661 73 35 nisi
410 1661 110 35 secundum
492 1661 156 35 similitudinem
611 1661 73 35 dimen-

180 1692 97 38 sionis
248 1692 126 38 linealis,
345 1692 58 38 vt
374 1692 87 38 supra
433 1692 116 38 diximus.
520 1692 58 38 Et
549 1692 116 38 secundum
627 1692 58 38 ista

181 1729 199 38 consyderationem
348 1729 157 38 verificatur
473 1729 105 38 dictum
547 1729 94 38 Alex.
609 1729 73 38 qui
641 1729 52 38 di-

178 1764 79 30 xit,
228 1764 59 30 vt
257 1764 99 30 refert
326 1764 99 30 Simpl.
396 1764 79 30 quod
445 1764 109 30 numerus
524 1764 69 30 est
564 1764 59 30 in
593 1764 99 30 anima,
652 1764 40 30 in

179 1788 142 39 telligitur
291 1788 61 39 de
321 1788 102 39 numero
392 1788 61 39 in
423 1788 122 39 ratione,
514 1788 71 39 qua
555 1788 71 39 est
585 1788 102 39 mensura,

175 1822 77 35 cui
219 1822 133 35 competit
319 1822 144 35 mensurare
429 1822 111 35 actiue
507 1822 66 35 in
540 1822 122 35 ratione
629 1822 77 35 in

176 1853 172 37 strumenii.
311 1853 99 37 quia
373 1853 99 37 quod
434 1853 185 37 principaltr
570 1853 123 37 mensurat

179 1893 61 28 est
214 1893 87 28 anima,
275 1893 43 28 &
292 1893 52 28 de
318 1893 87 28 animae
379 1893 113 28 ptantibus
466 1893 61 28 est
501 1893 87 28 animae
562 1893 130 28 intellectus
657 1893 35 28 Et

175 1913 87 41 isto
230 1913 87 41 modo
284 1913 164 41 verificatur
416 1913 109 41 dictum
492 1913 120 41 Boethi,
580 1913 77 41 qui
612 1913 77 41 asse

713 164 96 46 ruit,
777 164 139 46 referente
884 164 139 46 Themistio
990 164 64 46 in
1022 164 171 46 digressione:
1161 164 85 46 quod

709 205 111 31 nulla
782 205 135 31 mensura
881 205 86 31 fit
930 205 61 31 a
955 205 135 31 natura,
1053 205 86 31 sed
1090 205 135 31 mensurare

710 235 59 32 &
734 235 141 32 numerare
839 235 94 32 niem
898 235 82 32 est
945 235 105 32 opus,
1015 235 59 32 &
1038 235 117 32 animae
1121 235 94 32 nrae
1167 235 59 32 est

707 269 101 30 funct
774 269 67 30 o.
808 269 135 30 loquitur
909 269 90 30 enim
965 269 146 30 demensura
1078 269 56 30 &
1100 269 124 30 numero,
1179 269 45 30 vt

711 303 74 28 est
754 303 85 28 inst
807 303 117 28 eundum,
892 303 74 28 per
935 303 85 28 quod
988 303 96 28 anima
1052 303 128 28 mensurat
1148 303 53 28 &
1158 303 64 28 nume

707 331 90 32 rat.
763 331 68 32 Et
797 331 90 32 isto
853 331 90 32 modo
910 331 169 32 verificatur
1045 331 113 32 dictum
1124 331 102 32 Auer.
1181 331 45 32 in

712 361 76 43 com.
760 361 76 43 i3i.
808 361 76 43 quod
856 361 76 43 esse
904 361 96 43 numeri
971 361 67 43 non
1009 361 67 43 est
1047 361 67 43 ian
1085 361 86 43 anima
1133 361 86 43 omnibui

707 395 111 34 modis:
784 395 89 34 quia
840 395 89 34 tunc
895 395 100 34 esset
961 395 77 34 ens
1006 395 111 34 fictum
1083 395 55 34 &
1105 395 122 34 falsum,
1183 395 44 34 si

715 429 80 29 cut
760 429 125 29 chimera
851 429 57 29 &
874 429 182 29 hircoceruus:
1022 429 80 29 sed
1068 429 91 29 esse
1125 429 91 29 eius
1181 429 68 29 in

712 456 89 34 anima
772 456 69 34 est
811 456 60 34 in
841 456 89 34 actu,
901 456 50 34 &
920 456 79 34 esse
970 456 79 34 eius
1020 456 89 34 extra
1079 456 99 34 animam
1149 456 69 34 est
1188 456 60 34 in

716 491 141 42 potentia,
825 491 120 42 propter
912 491 141 42 subiectum
1020 491 141 42 proprium,
1129 491 87 42 quod
1173 491 54 42 est

717 525 94 30 aptum
779 525 125 30 recipere
873 525 94 30 illam
936 525 136 30 actionem.
1040 525 63 30 Et
1071 525 63 30 ex
1103 525 84 30 his,
1145 525 84 30 frater

714 557 68 29 mi,
753 557 96 29 patere
820 557 68 29 pot
859 557 87 29 tibi.
917 557 145 29 intellectus
1033 557 96 29 arduae
1091 557 125 29 difficulta.

715 585 73 34 tis
756 585 73 34 non
798 585 114 34 solutae
881 585 73 34 per
922 585 93 34 Them,
984 585 114 34 quomodo
1067 585 83 34 poet
1119 585 83 34 esse
1161 585 62 34 idem

712 611 139 39 numerus
813 611 76 39 in
851 611 151 39 diuersis
964 611 176 39 numeratis,
1103 611 88 39 cum
1141 611 88 39 nume-

720 648 68 34 rus
759 648 68 34 sit
798 648 125 34 accidens,
894 648 106 34 quomodo
971 648 58 34 id
1000 648 58 34 em
1029 648 125 34 accidens,
1126 648 68 34 aut
1154 648 68 34 eadem

712 679 134 35 affectio.
815 679 93 35 Arist
877 679 82 35 enim
928 679 82 35 tpes
980 679 165 35 affectionem,
1103 679 124 35 habitumque

714 709 105 35 motus
784 709 151 35 appellat.
901 709 117 35 Dicunt
982 709 105 35 autem
1052 709 117 35 aliqui
1134 709 70 35 ad
1157 709 70 35 hoc,

715 740 54 34 &
737 740 75 34 est
780 740 97 34 loham
845 740 65 34 de
877 740 119 34 hachone
963 740 86 34 quod
1017 740 151 34 accidentia
1136 740 86 34 sunt
1179 740 43 34 in

720 773 91 38 duplici
786 773 107 38 dicitura,
868 773 91 38 quaedam
934 773 66 38 enim
975 773 58 38 ita
1008 773 49 38 se
1032 773 99 38 hiabunt,
1107 773 66 38 quod
1148 773 74 38 eorum
1189 773 41 38 vni

714 807 83 33 tas
761 807 154 33 consistit
880 807 71 33 in
915 807 118 33 quadam
998 807 224 33 determinatione,
1175 807 47 33 vt

713 839 183 35 determinata
859 839 122 35 albedo
945 839 85 35 est
993 839 73 35 in
1030 839 85 35 det
1079 839 146 35 erminato
1176 839 49 35 su

719 869 116 31 biecto:
804 869 53 31 &
825 869 95 31 talia
888 869 74 31 non
930 869 105 31 hisunt
1004 869 84 31 nisi
1056 869 137 31 subiectum
1151 869 74 31 vnum.

719 900 82 40 sunt
770 900 102 40 iterum
842 900 92 40 alia,
903 900 102 40 quorum
975 900 102 40 vnitas
1047 900 133 40 consistit
1149 900 61 40 in
1170 900 61 40 qua-

714 930 81 33 dam
760 930 184 33 collectione,
909 930 104 33 sicut
978 930 161 33 exercitus,
1105 930 81 33 vel
1151 930 104 33 ordo:

714 961 56 40 &
736 961 78 40 ibi
781 961 78 40 non
826 961 101 40 tenet
893 961 90 40 quin
949 961 90 40 idem
1005 961 134 40 accidens
1106 961 112 40 possit
1173 961 56 40 es-

712 997 68 30 se
746 997 68 30 in
780 997 137 30 pluribus
882 997 148 30 subiectis
996 997 57 30 &
1019 997 80 30 ita
1064 997 91 30 vnus
1110 997 125 30 senarius,

718 1026 76 37 qui
762 1026 76 37 est
805 1026 98 37 semel
870 1026 87 37 sex,
925 1026 141 37 consistit
1033 1026 65 37 in
1066 1026 120 37 vnitate
1142 1026 87 37 colle-

714 1055 110 45 ctiua,
791 1055 55 45 &
813 1055 77 45 ita
856 1055 77 45 pot
900 1055 88 45 esse
955 1055 66 45 in
988 1055 142 45 pluribus.
1098 1055 88 45 Quod
1152 1055 66 45 si
1174 1055 55 45 di-

714 1085 77 37 catur
766 1085 69 37 quod
809 1085 69 37 vnum
852 1085 51 37 in
877 1085 86 37 multis
937 1085 60 37 est
972 1085 154 37 vniversaliter,
1100 1085 43 37 &
1118 1085 60 37 ita
1152 1085 51 37 si
1169 1085 60 37 nume-

713 1119 72 35 rus
754 1119 82 35 idem
805 1119 93 35 esset
867 1119 62 35 in
898 1119 113 35 multis,
980 1119 123 35 sequitur
1073 1119 82 35 quod
1124 1119 72 35 non
1155 1119 72 35 esset

711 1152 105 40 numerus
788 1152 143 40 singularis,
902 1152 67 40 sed
941 1152 153 40 vniversalis.
1065 1152 105 40 Soluunt
1141 1152 76 40 quod
1179 1152 48 40 il-

713 1185 91 33 lud,
769 1185 91 33 quod
826 1185 80 33 est
872 1185 91 33 vnum
929 1185 68 33 in
963 1185 114 33 multis
1042 1185 80 33 per
1076 1185 148 33 praedicatio

710 1215 72 38 nem,
755 1215 63 38 est
791 1215 135 38 vniversale,
899 1215 63 38 non
935 1215 81 38 autem
988 1215 81 38 vnum,
1042 1215 81 38 cuius
1096 1215 90 38 vnitas
1159 1215 63 38 est
1186 1215 45 38 per

711 1248 155 34 collectionem,
838 1248 64 34 est
875 1248 155 34 vniversaliter
1002 1248 64 34 nam
1039 1248 91 34 vnitas
1103 1248 91 34 domus,
1166 1248 46 34 &
1175 1248 55 34 acer

712 1280 75 34 ui
750 1280 75 34 in
788 1280 188 34 collectione
938 1280 63 34 &
963 1280 201 34 coniunctione
1114 1280 113 34 partium

712 1316 157 39 consistit.
835 1316 56 39 &
857 1316 78 39 sic
902 1316 101 39 etiam
969 1316 101 39 dicit
1037 1316 123 39 Herueus
1126 1316 67 39 in
1160 1316 90 39 quo

714 1343 113 35 libeto.
796 1343 62 35 2.
827 1343 113 35 quaest.
910 1343 72 35 ii.
951 1343 82 35 quod
1002 1343 82 35 vnum
1054 1343 124 35 accidens
1136 1343 93 35 discre-

713 1374 79 36 tum
758 1374 79 36 pot
803 1374 90 36 esse
860 1374 68 36 in
894 1374 136 36 pluribus
995 1374 158 36 subiectis.
1120 1374 57 36 &
1143 1374 68 36 si
1165 1374 68 36 dica

706 1412 83 30 tur
754 1412 95 30 quod
813 1412 95 30 tunc
872 1412 95 30 idem
931 1412 142 30 accidens
1038 1412 107 30 esset
1109 1412 71 30 in
1133 1412 95 30 duobus

706 1441 172 33 subiectis,
841 1441 123 33 quorum
927 1441 98 33 vnum
988 1441 86 33 est
1038 1441 111 33 vltra
1111 1441 123 33 niare,
1185 1441 37 33 &

712 1471 105 35 aliud
783 1471 117 35 citra,
865 1471 105 35 dicit
935 1471 82 35 hoc
982 1471 82 35 non
1029 1471 188 35 inconuenire,
1169 1471 59 35 sed

712 1502 91 36 bene
768 1502 80 36 hoc
814 1502 125 36 vidltur
905 1502 136 36 inducere
1007 1502 125 36 quandam
1087 1502 136 36 admiratio-

705 1536 87 34 nem.
760 1536 131 34 Coguntur
858 1536 98 34 autem
923 1536 87 34 isti
978 1536 65 34 ad
1011 1536 98 34 istas
1076 1536 131 34 solones.
1164 1536 65 34 quia

708 1567 139 44 videntes
812 1567 115 44 Arist.
893 1567 150 44 collocare
1009 1567 127 44 numerum
1101 1567 69 44 in
1124 1567 104 44 praedi-

709 1605 119 30 camento
796 1605 173 30 quantitatis,
937 1605 87 30 quae
991 1605 54 30 a
1012 1605 87 30 toto
1067 1605 108 30 genere
1142 1605 76 30 est
1175 1605 54 30 ens

710 1631 165 35 absolutum.
840 1631 177 35 crediderunt
981 1631 130 35 numerum
1076 1631 94 35 esse
1123 1631 106 35 formam,

714 1665 120 34 mnibus
798 1665 108 34 modis
869 1665 167 34 absolutam.
1001 1665 60 34 &
1025 1665 84 34 cum
1073 1665 84 34 sit
1108 1665 120 34 accidems

713 1694 58 36 &
737 1694 93 36 omne
795 1694 140 36 accidens
899 1694 81 36 sit
946 1694 70 36 in
981 1694 151 36 subiecto,
1097 1694 93 36 ideo
1144 1694 81 36 dixe-

704 1726 96 36 runt
764 1726 131 36 numerum
859 1726 96 36 esse
919 1726 72 36 in
955 1726 143 36 diuersis
1063 1726 167 36 subiectis:
1194 1726 60 36 &

710 1757 77 41 ita
754 1757 77 41 non
798 1757 110 41 hibunt
875 1757 77 41 pro
919 1757 187 41 inconuenienti
1073 1757 88 41 quod
1128 1757 88 41 vnum
1172 1757 55 41 ac-

715 1790 114 35 cidens
794 1790 114 35 numero
874 1790 114 35 possit
954 1790 91 35 esse
1011 1790 68 35 in
1045 1790 148 35 diuersis:
1148 1790 80 35 subie

712 1821 79 37 ctis
761 1821 118 37 secundum
850 1821 69 37 rem
889 1821 89 37 extra
948 1821 108 37 animam.
1027 1821 69 37 Sed
1067 1821 79 37 ista
1116 1821 98 37 opinio
1175 1821 49 37 pro

711 1852 106 38 cedit
782 1852 71 38 ex
818 1852 106 38 falsa
888 1852 201 38 imaginatione.
1054 1852 106 38 quia,
1125 1852 71 38 si
1148 1852 83 38 nume-

712 1892 82 31 ru.
759 1892 128 31 diceret
852 1892 117 31 formam
934 1892 128 31 omnibus
1028 1892 105 31 modis
1086 1892 140 31 absolutam,

707 1914 85 40 tunc
760 1914 117 40 reriret
845 1914 127 40 iudicium
941 1914 106 40 Arist.
1015 1914 74 40 in.
1057 1914 64 40 4.
1089 1914 85 40 phy.
1142 1914 64 40 in
1163 1914 64 40 tex.
