1425 2070
181 147 89 36 qui
232 147 102 36 sunt
296 147 115 36 motus
372 147 165 36 applicati
499 147 76 36 ad
525 147 178 36 determinatum

183 175 174 35 subiectum
317 175 228 35 deteriminatum
504 175 94 35 per
558 175 147 35 formam.
665 175 67 35 &

188 205 81 38 sic
234 205 69 38 in
268 205 127 38 talibus
360 205 81 38 est
406 205 138 38 deuenire
510 205 69 38 ad
544 205 92 38 vnum
602 205 69 38 in
625 205 81 38 actu,

183 240 102 35 quod
247 240 115 35 totum
323 240 115 35 simul
400 240 191 35 acquiritur,
552 240 102 35 vnde
603 240 102 35 etiam.

181 269 94 32 ibi
234 269 214 32 consyderatur
408 269 134 32 motus,
501 269 67 32 &
515 269 187 32 transmutatio

186 301 81 39 non
233 301 70 39 vt
268 301 93 39 sunt
326 301 70 39 in
361 301 128 39 tempore
454 301 151 39 absolute,
570 301 93 39 quia
617 301 81 39 talis

187 331 119 32 diuisio
274 331 76 32 est
317 331 65 32 in
350 331 141 32 potentia,
458 331 54 32 &
479 331 97 32 vadit
544 331 65 32 in
566 331 130 32 infinitum.

181 364 57 37 &
203 364 80 37 sic
249 364 69 37 de
284 364 80 37 hoc
330 364 92 37 fuit
387 364 184 37 consyderatum
536 364 80 37 in.
582 364 69 37 6.
605 364 92 37 physi.

182 397 84 29 vbi
230 397 96 29 fuit
290 397 120 29 dictum
374 397 96 29 quod
434 397 72 29 in
470 397 96 29 motu
530 397 60 29 &
542 397 156 29 transniuta-

189 423 102 34 tione
257 423 80 34 non
302 423 80 34 est
348 423 91 34 dare
405 423 125 34 primum.
496 423 80 34 sed
542 423 80 34 in.
587 423 68 34 S.
610 423 91 34 physi.

182 455 73 35 in
218 455 97 35 loco
279 455 145 35 allegato
388 455 145 35 loquitur
496 455 73 35 de
533 455 97 35 motu
593 455 60 35 &
605 455 97 35 trans-

181 486 181 36 mutatione,
323 486 78 36 vt
362 486 104 36 sunt
427 486 78 36 in
466 486 129 36 quanto
557 486 65 36 &
582 486 129 36 quali,
660 486 39 36 &

185 524 82 30 vbi.
236 524 52 30 &
257 524 82 30 ista
308 524 113 30 diuisio
391 524 72 30 est
432 524 62 30 in
463 524 93 30 actu,
525 524 52 30 &
545 524 72 30 est
587 524 113 30 finita,
669 524 52 30 &

184 548 83 38 sic
232 548 83 38 est
279 548 95 38 dare
339 548 119 38 primum
422 548 71 38 in
457 548 107 38 actu.
529 548 154 38 similiter
636 548 59 38 ibi

176 581 224 34 consyderatitur
362 581 112 34 tales
437 581 125 34 motus,
525 581 75 34 vt
549 581 150 34 proueniunt

184 610 54 33 a
206 610 108 33 motore
281 610 140 33 naturali,
389 610 75 33 qui
432 610 75 33 est
475 610 118 33 finitae
561 610 140 33 virtutis,
658 610 43 33 vn

185 641 78 34 de
224 641 168 34 Commenta.
353 641 129 34 ibidem
444 641 129 34 dicit.
534 641 90 34 non
586 641 103 34 enim
637 641 65 34 se-

183 674 112 33 quitur
261 674 67 33 in
295 674 179 33 alteratione,
440 674 67 33 si
473 674 145 33 diuiditur
574 674 123 33 alteratum

183 705 69 33 in
218 705 162 33 infinitum,
345 705 69 33 vt
380 705 127 33 propter
472 705 81 33 hoc
518 705 104 33 etiam
576 705 127 33 alteratio

181 736 136 34 diuidatur
285 736 63 34 in
317 736 136 34 infinitum
421 736 126 34 scilicet
515 736 136 34 inquantum
620 736 73 34 fit
651 736 42 34 ab

179 766 162 42 alterante.
306 766 92 42 quod
364 766 104 42 ideo,
433 766 69 42 vt
468 766 92 42 mihi
526 766 139 42 videtur,
618 766 81 42 appo-

181 800 101 34 suit
245 800 165 34 Commenta.
371 800 101 34 quia
435 800 114 34 aliud
511 800 89 34 est
549 800 139 34 consydera

185 833 76 33 re
223 833 216 33 alterationem,
401 833 165 33 inquantum
529 833 178 33 alteratio,
656 833 38 33 &

183 862 108 37 aliud
255 862 157 37 inquantum
376 862 145 37 prouenit
484 862 72 37 ab
520 862 169 37 alterante.
641 862 60 37 nam

181 901 149 29 alterans
293 901 100 29 agit
355 901 87 29 per
404 901 124 29 formam
492 901 62 29 &
516 901 149 29 virtutem
616 901 87 29 natu-

182 932 120 30 ralem,
266 932 96 30 quae
326 932 96 30 sunt
386 932 168 30 terminatae
517 932 180 30 necessario,
649 932 48 30 vt

184 964 128 35 patet.
274 964 77 35 2.
313 964 77 35 de
351 964 116 35 anima
428 964 128 35 contra
518 964 180 35 Empedoclem
647 964 51 35 de

179 990 109 30 motu
247 990 177 30 augnmenti
383 990 109 30 tex.
451 990 150 30 commen.
560 990 82 30 4.
587 990 109 30 omnium

178 1016 133 34 natura
271 1016 213 34 constantium,
444 1016 93 34 &c.
497 1016 80 34 Et
537 1016 107 34 ideo
590 1016 107 34 subdit

176 1053 192 29 Commentator.
332 1053 132 29 ibidem,
428 1053 96 29 quod
487 1053 108 29 prima
559 1053 108 29 pars,
631 1053 96 29 quae

176 1079 82 35 fit
223 1079 70 35 ex
258 1079 187 35 alteratione,
410 1079 82 35 est
457 1079 176 35 determinata
586 1079 117 35 necessa-

183 1116 95 30 tio,
242 1116 59 30 &
266 1116 142 30 alterans
373 1116 107 30 agens
444 1116 107 30 ipsam
515 1116 83 30 est
550 1116 142 30 determina-

182 1148 91 30 tum.
238 1148 57 30 &
261 1148 68 30 si
295 1148 102 30 prima
363 1148 102 30 pars,
431 1148 91 30 quae
487 1148 79 30 fit
533 1148 68 30 ex
555 1148 136 30 transmuta-

180 1177 118 33 tione,
263 1177 83 33 non
310 1177 106 33 esset
381 1177 189 33 determinata,
534 1177 59 33 &
558 1177 106 33 agens
616 1177 83 33 trans

177 1206 127 36 mutans
266 1206 114 36 ipsum
342 1206 89 36 non
392 1206 114 36 esset
468 1206 202 36 determinatae
620 1206 76 36 vir-

184 1244 112 30 tutis,
262 1244 90 30 tunc
318 1244 112 30 omnia,
397 1244 101 30 sicut
464 1244 90 30 illi
520 1244 134 30 fingunt,
609 1244 90 30 essent

177 1269 78 37 in
216 1269 155 37 continua
332 1269 246 37 transmutatione,
539 1269 65 37 &
552 1269 142 37 continge-

183 1299 79 39 ret
228 1299 67 39 vt
261 1299 101 39 inter
329 1299 90 39 duas
385 1299 225 39 transuiutationes
565 1299 135 39 sensibiles

183 1332 84 37 non
231 1332 108 37 esset
303 1332 108 37 quies
363 1332 96 37 media.

213 1368 114 33 Sexta
289 1368 203 33 contradictio
454 1368 89 33 est
505 1368 76 33 in
543 1368 139 33 commen.
632 1368 63 33 1A.

182 1395 107 44 Dicit
254 1395 119 44 plures
337 1395 167 44 qualitares
468 1395 215 44 transmutabiles
635 1395 60 44 non

184 1429 154 33 recipere
300 1429 115 33 magis
376 1429 64 33 &
402 1429 128 33 minus.
492 1429 115 33 Huius
569 1429 115 33 taien
633 1429 64 33 op-

186 1461 120 42 positum
273 1461 109 42 habet.
349 1461 54 42 3
371 1461 120 42 physic.
458 1461 120 42 commen.
545 1461 76 42 10.
588 1461 65 42 &.
621 1461 65 42 3.
643 1461 54 42 31.

185 1488 66 42 &.
218 1488 77 42 10.
262 1488 154 42 metiphysi.
383 1488 121 42 commen.
472 1488 77 42 13.
516 1488 88 42 Nisi
571 1488 99 42 esset
626 1488 66 42 quod

179 1521 106 42 illud
250 1521 189 42 intelligitur
404 1521 142 42 secundum
510 1521 118 42 actum,
593 1521 83 42 aut
628 1521 71 42 for-

178 1555 69 31 te
213 1555 139 31 loquitur
317 1555 69 31 de
352 1555 185 31 qualitatibus
491 1555 197 31 transniutabili-

180 1586 81 32 bus
226 1586 81 32 per
272 1586 150 32 accidens.
387 1586 161 32 qualitates
513 1586 104 32 enim,
582 1586 92 32 quae
640 1586 81 32 per

177 1620 250 37 transmutationem
387 1620 92 37 per
440 1620 158 37 accidens
545 1620 144 37 acquirun-

177 1648 94 34 tur,
236 1648 83 34 non
283 1648 130 34 oportet
378 1648 94 34 quod
437 1648 153 34 recipiant
555 1648 106 34 magis
625 1648 59 34 &
637 1648 59 34 mi-

182 1681 86 33 nus,
236 1681 97 33 sicut
301 1681 76 33 est
344 1681 65 33 de
377 1681 119 33 secunda
463 1681 108 33 specie
539 1681 162 33 qualitatis.
658 1681 32 33 7

181 1717 146 34 physico.
290 1717 121 34 commen
375 1717 85 34 20.
424 1717 73 34 &.
460 1717 73 34 3.
497 1717 170 34 metaphysi.
618 1717 73 34 com-

181 1749 80 34 men
226 1749 80 34 19.
272 1749 148 34 similiter
385 1749 159 34 qualitates
510 1749 125 34 quartae
590 1749 102 34 speciei

177 1773 80 38 non
222 1773 149 38 recipiunt
337 1773 103 38 magis
405 1773 57 38 &
428 1773 114 38 minus,
508 1773 103 38 sicut
577 1773 114 38 patet.
645 1773 46 38 7.

185 1807 98 43 phy.
246 1807 172 43 commen.13.
381 1807 74 43 &.
406 1807 61 43 16.

215 1836 125 38 Septinia
308 1836 135 38 contradi.
412 1836 73 38 est
454 1836 62 38 in
485 1836 83 38 tex.
537 1836 73 38 37.
579 1836 104 38 Arist.
641 1836 52 38 di-

179 1876 109 30 uidit
251 1876 109 30 motum
324 1876 85 30 per
372 1876 73 30 se
409 1876 73 30 in
445 1876 121 30 illud,
530 1876 97 30 quod
578 1876 121 30 mouetur,

723 148 67 30 ex
756 148 79 30 se,
801 148 67 30 i.
835 148 79 30 per
880 148 157 30 principium
1003 148 168 30 intrinsecum
1127 148 112 30 existens

727 178 70 38 in
762 178 82 38 eo,
809 178 70 38 vt
844 178 140 38 habentia
949 178 129 38 animas,
1043 178 58 38 &
1066 178 70 38 in
1101 178 105 38 illud
1160 178 70 38 quod

721 212 127 30 mouetur
814 212 69 30 ab
848 212 104 30 alio,
918 212 69 30 i.
952 212 58 30 a
975 212 150 30 principio
1079 212 150 30 extrinseco,

720 240 69 42 vt
754 240 92 42 sunt
811 240 160 42 inanimata.
937 240 57 42 &
960 240 115 42 talia,
1040 240 69 42 vt
1075 240 115 42 inquit
1143 240 92 42 Philo-

718 268 133 38 sophus,
815 268 97 38 quae
875 268 145 38 mouentur
985 268 73 38 ab
1021 268 109 38 alio,
1081 268 158 38 dupliciter,

718 308 122 30 moueri
803 308 147 30 possunt,
914 308 122 30 natura
999 308 171 30 videlicet,
1134 308 61 30 &
1146 308 86 30 extra

720 339 154 31 naturam.
836 339 115 31 extra
912 339 141 31 naturam
1015 339 154 31 mouentur
1130 339 77 31 vt
1156 339 77 31 ter-

719 364 72 29 ra
755 364 131 29 sursum,
851 364 60 29 &
874 364 108 29 ignis
946 364 143 29 deorsum:
1054 364 120 29 natura
1137 364 96 29 vero
1185 364 48 29 vt

719 394 106 41 ignis
790 394 129 41 sursum,
884 394 59 41 &
908 394 106 41 terra
978 394 141 41 deorsum.
1084 394 82 41 vbi
1131 394 106 41 patet
1190 394 47 41 de

721 430 164 36 intentione
850 430 117 36 Arist.
932 430 59 36 &
956 430 129 36 Commen.
1049 430 129 36 fuisse,
1132 430 105 36 gratita

718 457 61 34 &
742 457 110 34 leuia
816 457 122 34 moueri
901 457 73 34 ab
938 457 184 34 extrinseco.
1085 457 110 34 Cuius
1146 457 86 34 tamen

718 488 159 34 oppositum
840 488 135 34 scribit
939 488 123 34 Commen
1024 488 74 34 in
1061 488 159 34 infinitis
1172 488 61 34 lo-

721 518 77 33 cis,
770 518 68 33 vt.
808 518 58 33 2.
837 518 77 33 phy.
885 518 106 33 commen.
963 518 58 33 i.
992 518 58 33 &.
1021 518 58 33 3.
1050 518 58 33 &.
1079 518 58 33 7.
1108 518 77 33 phy.
1156 518 77 33 com.
1194 518 39 33 2.

722 549 64 37 &.
754 549 64 37 3.
786 549 96 37 coeli
850 549 117 37 commen.
935 549 74 37 26.
978 549 53 37 &
999 549 96 37 alibi
1063 549 160 37 infiuities.
1180 549 53 37 Di-

721 580 110 36 cimus
794 580 85 36 nos
843 580 110 36 istam
916 580 122 36 fuisse
1001 580 122 36 Arist.
1074 580 159 36 indubitatam

719 610 175 32 sententiam,
859 610 82 32 qui
906 610 70 32 in
941 610 198 32 quaestionibus
1104 610 128 32 arduis,
1197 610 58 32 &

713 643 189 33 difficilibus,
868 643 67 33 vt
902 643 111 33 inquit
980 643 111 33 Themi.
1057 643 78 33 in.
1102 643 67 33 3.
1135 643 67 33 de
1157 643 78 33 anima

716 672 128 34 loquitur
812 672 128 34 secundum
908 672 160 34 proprietate
1036 672 53 34 n
1057 672 139 34 serionis,
1164 672 53 34 &
1175 672 53 34 non

723 708 78 37 per
767 708 167 37 metaphoras.
901 708 67 37 in
934 708 78 37 hoc
978 708 89 37 enim
1034 708 89 37 ipse
1090 708 67 37 in
1112 708 122 37 plerisque

719 736 149 34 redarguit
833 736 149 34 Platonem.
947 736 91 34 Dico
1004 736 126 34 igitur,
1096 736 91 34 quod
1142 736 91 34 propie

711 768 104 35 illud
781 768 128 35 dicitur
874 768 104 35 motum
943 768 81 35 per
990 768 70 35 se
1024 768 70 35 ex
1059 768 81 35 se,
1106 768 93 35 quod
1152 768 81 35 appa-

713 799 82 36 ret
760 799 117 36 moueri
842 799 70 36 ab
877 799 117 36 aliquo
958 799 152 36 principio
1075 799 93 36 intr
1122 799 105 36 inseco,

714 830 112 36 nullo
788 830 124 36 motore
875 830 174 36 extrinseco
1012 830 199 36 sensibiliter
1161 830 62 36 mo-

719 869 110 29 uente
792 869 61 29 &
817 869 196 29 sensibiliter
976 869 184 29 concurrente
1123 869 73 29 ad
1147 869 86 29 talem

713 890 123 39 motum.
799 890 86 39 hoc
848 890 111 39 autem
922 890 86 39 est
971 890 172 39 animalibus
1094 890 135 39 proprium.

710 929 107 36 quia
776 929 160 36 videntur
896 929 107 36 post
963 929 173 36 perfectam
1096 929 146 36 quietem
1189 929 40 36 a

712 957 159 36 principio
834 957 172 36 intrinseco
969 957 135 36 moueri,
1068 957 86 36 non
1104 957 123 36 apparen-

715 988 71 30 te
751 988 118 30 aliquo
833 988 165 30 extrinseco
962 988 118 30 motore
1045 988 188 30 sensibiliter
1186 988 47 30 ex

713 1017 151 43 citante,
826 1017 88 43 aut
877 1017 138 43 mouente
977 1017 113 43 illa.
1052 1017 63 43 &
1077 1017 88 43 hoc
1115 1017 113 43 proprie

719 1053 92 37 apud
777 1053 127 37 Graecos
870 1053 127 37 dicitur
962 1053 104 37 motum
1032 1053 69 37 ex
1066 1053 69 37 se
1101 1053 81 37 per
1147 1053 81 37 se.
1182 1053 46 37 ta

712 1079 78 35 le
751 1079 116 35 autem
828 1079 90 35 non
880 1079 142 35 videmus
983 1079 155 35 accidere
1100 1079 78 35 in
1126 1079 103 35 aliquo

715 1109 202 37 inanimatorum,
881 1109 83 37 sed
929 1109 119 37 semper
1012 1109 131 37 videmus
1107 1109 95 37 quod
1155 1109 71 37 ali-

719 1142 102 38 quod
783 1142 178 38 exteriorum
923 1142 115 38 mouet
1000 1142 115 38 ipsa.
1076 1142 76 38 si
1114 1142 102 38 enim
1165 1142 64 38 mo-

711 1181 132 29 ueantur
807 1181 72 29 de
843 1181 144 29 potentia
951 1181 192 29 accidentali,
1095 1181 132 29 concurrit

709 1212 151 30 remouens
823 1212 176 30 prohibens.
961 1212 75 30 &,
999 1212 75 30 si
1036 1212 151 30 mouentur
1150 1212 75 30 de
1175 1212 50 30 po

715 1236 112 38 tentia
793 1236 168 38 essentiali,
928 1236 146 38 concurrit
1040 1236 134 38 generas.
1140 1236 67 38 Et
1163 1236 67 38 ideo

715 1275 88 26 cum
765 1275 88 26 hoc
815 1275 175 26 fundamento
952 1275 163 26 procedens
1077 1275 125 26 Arist.
1152 1275 75 26 com-

713 1301 115 30 clusit
793 1301 115 30 grauia
873 1301 57 30 &
896 1301 103 30 leuia
965 1301 80 30 in.
1011 1301 69 30 S.
1045 1301 92 30 phy.
1103 1301 57 30 &
1126 1301 103 30 etiam
1183 1301 46 30 in

716 1333 73 33 4.
752 1333 110 33 coeli
826 1333 61 33 &
850 1333 86 33 mun
899 1333 98 33 esse
961 1333 73 33 de
997 1333 122 33 numero
1083 1333 122 33 eorum,
1157 1333 73 33 quae

717 1362 154 32 mouentur
833 1362 77 32 ab
871 1362 180 32 extrinseco
1013 1362 141 32 motore.
1115 1362 103 32 Vnde
1167 1362 64 32 Com

713 1393 126 33 menta.
801 1393 88 33 in.
852 1393 75 33 4.
889 1393 113 33 coeli
964 1393 63 33 &
990 1393 100 33 mun.
1052 1393 75 33 in
1090 1393 126 33 commen
1165 1393 63 33 1S.

717 1424 126 34 inquit.
808 1424 69 34 In
843 1424 80 34 hoc
889 1424 138 34 capitulo
992 1424 92 34 vult
1050 1424 149 34 perficere
1153 1424 69 34 ser-

710 1453 130 37 monem
796 1453 87 37 de
839 1453 115 37 modo
912 1453 130 37 motus
998 1453 231 37 elementorum,
1186 1453 72 37 &

714 1492 139 32 ostendere
822 1492 118 32 quomodo
907 1492 139 32 mouentur,
1015 1492 54 32 &
1036 1492 161 32 determinare
1165 1492 86 32 quod

716 1518 76 37 non
760 1518 131 37 mouentur
858 1518 65 37 ex
890 1518 65 37 se
923 1518 65 37 in
956 1518 76 37 rei
999 1518 142 37 veritate,
1108 1518 76 37 sed
1152 1518 65 37 ex
1174 1518 54 37 ex-

712 1556 141 30 trinseco.
821 1556 65 30 Et
853 1556 76 30 hoc
897 1556 98 30 clare
962 1556 130 30 elicitur
1060 1556 65 30 ex
1093 1556 109 30 verbis
1158 1556 65 30 tex.

711 1585 90 32 ibi.
767 1585 79 32 vbi
812 1585 90 32 Ari.
868 1585 90 32 post
924 1585 112 32 longam
1003 1585 213 32 perscrutationem
1171 1585 56 32 fi-

717 1614 120 36 naliter
804 1614 152 36 concludit.
924 1614 54 36 &
945 1614 98 36 mouet
1011 1614 98 36 etiam
1076 1614 54 36 &
1098 1614 87 36 quod
1152 1614 54 36 a
1163 1614 65 36 prin

722 1644 76 39 cipio
772 1644 84 39 fecit,
831 1644 51 39 et
857 1644 51 39 id
882 1644 68 39 quod
924 1644 118 39 subtraxit,
1017 1644 59 39 aut
1051 1644 118 39 vniversali
1135 1644 93 39 resiliit,

705 1682 188 28 quemadmodum
856 1682 125 28 dictum
944 1682 88 28 est
994 1682 75 28 in
1031 1682 125 28 primis
1107 1682 125 28 sermoni-

706 1708 95 39 bus,
765 1708 71 39 in
801 1708 118 39 quibus
884 1708 213 39 determinauimus
1061 1708 95 39 quod
1120 1708 107 39 nihil
1180 1708 47 39 ho

709 1740 89 39 rum
760 1740 115 39 ipsum
837 1740 140 39 seipsum
939 1740 128 39 mouet.
1028 1740 89 39 vbi
1079 1740 153 39 expresse
1194 1740 64 39 &

718 1772 105 31 clare
788 1772 105 31 patet
859 1772 164 31 vtrobique,
987 1772 58 31 &
1011 1772 82 31 in.
1058 1772 70 31 E.
1093 1772 82 31 phy
1139 1772 58 31 &
1151 1772 82 31 etiam

718 1799 64 35 n.
750 1799 64 35 4.
783 1799 97 35 coeli
847 1799 97 35 istam
911 1799 86 35 sine
965 1799 97 35 dubio
1029 1799 107 35 fuisse
1104 1799 107 35 Arist.
1169 1799 64 35 sen-

717 1830 134 47 tentiam,
818 1830 90 47 quod
874 1830 112 47 grauia
952 1830 56 47 &
974 1830 112 47 leuia,
1053 1830 56 47 &
1064 1830 168 47 vniuersaliter

715 1869 121 37 omnia
795 1869 175 37 inanimata
930 1869 108 37 sunt
997 1869 81 37 de
1038 1869 148 37 nunmero
1132 1869 94 37 moto
