1416 2066
175 165 82 50 quod
226 165 112 50 aliquid
308 165 72 50 sit
349 165 61 50 in
379 165 82 50 actu
430 165 51 50 &
451 165 61 50 in
482 165 123 50 potentia
574 165 72 50 per
604 165 82 50 eandem

176 199 107 37 formam
251 199 128 37 respectu
347 199 128 37 eiusdem,
443 199 85 37 tunc
497 199 85 37 enim
550 199 107 37 rueret
614 199 75 37 totus

181 233 133 33 octauus
278 233 97 33 phy.
338 233 60 33 &
362 233 145 33 demratio
471 233 169 33 Philosophi
604 233 85 33 in.
641 233 48 33 S.

173 263 83 41 phy.
225 263 83 41 tex.
277 263 83 41 com.
329 263 73 41 49.
370 263 73 41 vbi
412 263 94 41 habet
474 263 83 41 quod
526 263 94 41 totum
588 263 73 41 non
620 263 62 41 poss

175 301 78 35 per
219 301 67 35 se
253 301 111 35 mouere
330 301 111 35 totum,
408 301 89 35 quia
464 301 89 35 tunc
519 301 89 35 idem
575 301 100 35 esset
642 301 67 35 in

174 333 87 32 actu
229 333 54 32 &
250 333 65 32 in
283 333 142 32 potentia.
392 333 109 32 Rueret
468 333 98 32 etiam
534 333 98 32 ratio
599 333 87 32 Com.
642 333 44 32 3.

180 360 86 34 coeli
238 360 77 34 com.
286 360 67 34 26.
324 360 67 34 vbi
363 360 86 34 habet
420 360 77 34 quod
468 360 125 34 elementum
564 360 67 34 non
603 360 77 34 pont
641 360 48 34 es.

178 391 61 35 se
208 391 71 35 per
249 391 61 35 se
279 391 111 35 mouens,
360 391 51 35 &
380 391 71 35 per
421 391 61 35 se
451 391 91 35 motum
512 391 121 35 secundum
593 391 91 35 formam,

174 422 87 36 quia,
232 422 67 36 cum
271 422 96 36 moueat
338 422 115 36 secundum
424 422 77 36 quod
472 422 67 36 est
511 422 87 36 actu,
569 422 48 36 &
578 422 106 36 subiectum

171 451 100 35 motus
237 451 78 35 sit
282 451 78 35 ens
326 451 67 35 in
359 451 100 35 actu.
426 451 67 35 &,
459 451 78 35 cum
504 451 78 35 non
548 451 78 35 sit
592 451 67 35 in
614 451 67 35 actu

178 483 65 39 nisi
219 483 57 39 per
251 483 90 39 formam,
316 483 65 39 tunc
357 483 65 39 idem
398 483 98 39 secundum
471 483 65 39 idem
512 483 155 39 essentialilitur
634 483 57 39 esset

171 520 127 36 mouens
260 520 63 36 &
286 520 127 36 motum,
374 520 63 36 &
400 520 76 36 in
438 520 102 36 actu
501 520 63 36 &
527 520 76 36 in
552 520 127 36 potentia

177 545 79 34 vnde
226 545 88 34 licet
285 545 118 34 secundum
374 545 167 34 Peripateticos
511 545 79 34 idem
560 545 69 34 sit
600 545 59 34 in
619 545 69 34 poten

182 578 72 33 tia
223 578 52 33 &
244 578 62 33 in
275 578 93 33 actu,
336 578 93 33 tamen
398 578 72 33 hoc
440 578 72 33 non
481 578 72 33 pot
522 578 83 33 esse
574 578 72 33 per
615 578 62 33 se
635 578 52 33 re-

177 610 111 38 spectu
255 610 133 38 eiusdem.
355 610 100 38 forma
421 610 100 38 esnti
488 610 78 38 per
532 610 67 38 se
566 610 111 38 mouet,
632 610 56 38 sed

174 641 118 33 mouetur
260 641 75 33 per
303 641 129 33 accidens
400 641 118 33 ratione
486 641 140 33 materiae,
594 641 54 33 &
616 641 65 33 vt
637 641 54 33 est

176 672 88 44 forma
235 672 59 44 in
265 672 118 44 materia.
353 672 79 44 Dico
402 672 98 44 igitur
471 672 79 44 ait,
520 672 79 44 quod
569 672 98 44 ignis,
638 672 69 44 in¬

175 707 109 38 quantum
254 707 69 38 est
294 707 60 38 in
324 707 89 38 actu,
383 707 69 38 per
423 707 149 38 caliditatem
542 707 79 38 agit
592 707 60 38 in
612 707 69 38 aquam

178 736 152 35 inquantum
295 736 93 35 aqua
353 736 82 35 est
400 736 70 35 in
435 736 140 35 potentia
540 736 128 35 calida:
634 736 82 35 sed

176 766 83 41 aqua
228 766 73 41 non
269 766 73 41 est
311 766 62 41 in
342 766 125 41 potentia
435 766 104 41 calida
508 766 114 41 ratione
580 766 104 41 frigidi-

176 796 112 38 tatis:
254 796 90 38 quia
311 796 90 38 ista
367 796 135 38 potentia
468 796 79 38 est
513 796 135 38 passiua,
614 796 56 38 &
626 796 67 38 vnum

176 828 184 38 contrariorum
325 828 81 38 non
371 828 81 38 est
417 828 161 38 receptiuum
544 828 138 38 alterius
636 828 58 38 con

175 860 102 33 trarij.
249 860 84 33 licet
305 860 74 33 enim
351 860 111 33 frigidum
435 860 74 33 actu
481 860 65 33 sit
518 860 102 33 calidum
583 860 102 33 potentia,

172 890 72 35 hoc
213 890 72 35 est
254 890 113 35 ratione
337 890 155 35 priuationis
460 890 124 35 annexae,
553 890 82 35 quae
605 890 72 35 est
646 890 62 35 in

172 924 138 43 materia,
276 924 92 43 quae
334 924 81 43 non
380 924 92 43 pont
437 924 150 43 expoliari
553 924 58 43 a
564 924 127 43 contrarie

175 955 74 41 tate
221 955 111 41 secundum
305 955 93 41 totum.
370 955 121 41 similiter
463 955 74 41 aqua
509 955 56 41 vt
537 955 65 41 est
574 955 74 41 actu
611 955 84 41 frigida

177 986 80 32 agit
227 986 60 32 in
257 986 99 32 ignem,
326 986 70 32 qui
366 986 70 32 est
406 986 119 32 potentia
495 986 119 32 frigids,
585 986 70 32 sed
614 986 80 32 ignis,

171 1016 76 34 non
215 1016 120 34 dicitur
302 1016 87 34 esse
356 1016 130 34 potentia
454 1016 141 34 frigidus,
563 1016 130 34 loquendo
650 1016 43 34 de

172 1053 125 37 potentia
265 1053 135 37 priuatiua
369 1053 114 37 ratione
453 1053 167 37 caliditatis:
588 1053 83 37 quia
630 1053 62 37 tunc

176 1081 129 41 talidum,
273 1081 129 41 remanens
370 1081 129 41 calidum,
467 1081 75 41 pot
510 1081 129 41 recipere
596 1081 97 41 frigidi

179 1112 98 34 tatem:
248 1112 68 34 sed
287 1112 68 34 est
326 1112 107 34 ratione
404 1112 127 34 materiae,
502 1112 78 34 quae
550 1112 78 34 stat
599 1112 68 34 sub
629 1112 68 34 forma

181 1145 87 40 ignis
240 1145 107 40 calidi.
317 1145 58 40 Et
346 1145 87 40 ideo.
405 1145 58 40 I.
434 1145 58 40 de
463 1145 136 40 gneratione
570 1145 68 40 te.
608 1145 78 40 com.
657 1145 49 40 4

180 1174 117 36 laudans
265 1174 138 36 Dlogenem,
372 1174 96 36 dicit
436 1174 96 36 quod,
500 1174 64 36 si
531 1174 74 36 non
574 1174 106 36 essent
638 1174 53 36 ex-

183 1209 78 33 vno
227 1209 111 33 omnia,
305 1209 78 33 non
350 1209 100 33 esset
417 1209 111 33 facere
495 1209 56 33 &
517 1209 89 33 pati
562 1209 123 33 adinuicem

178 1240 61 33 Et
208 1240 81 33 ideo
259 1240 102 33 Arist.
331 1240 92 33 dicit
392 1240 81 33 quod
443 1240 71 33 est
483 1240 81 33 ista
534 1240 143 33 necessaria
636 1240 51 33 con

173 1271 95 43 ditio
237 1271 63 43 in
269 1271 85 43 hoc,
321 1271 85 43 quod
374 1271 85 43 fiat
427 1271 85 43 ista
480 1271 95 43 mutua
543 1271 106 43 actio,
617 1271 53 43 &
628 1271 63 43 pas-

171 1304 79 34 sio,
220 1304 59 34 vt
250 1304 69 34 sit
289 1304 118 34 communis
377 1304 118 34 materia.
466 1304 79 34 quia
515 1304 69 34 per
554 1304 118 34 materiam
633 1304 49 34 com

178 1333 101 37 munem
245 1333 135 37 vtrumque
346 1333 79 37 est
391 1333 67 37 in
425 1333 146 37 potentia,
538 1333 112 37 sedper
605 1333 90 37 formas

178 1366 121 42 diuersas
269 1366 121 42 vtrumque
359 1366 71 42 est
400 1366 121 42 itractu,
490 1366 50 42 &
511 1366 121 42 vtrumque
601 1366 81 42 agit
642 1366 50 42 per

174 1399 102 35 illud,
245 1399 81 35 quid
296 1399 71 35 est
336 1399 81 35 sibi
387 1399 132 35 proprium,
489 1399 51 35 &
509 1399 122 35 vtrunque
590 1399 102 35 patitur,

174 1429 67 44 per
213 1429 96 44 illud,
280 1429 58 44 in
309 1429 67 44 quo
347 1429 67 44 est
385 1429 163 44 communicatio.
519 1429 77 44 Vnde
567 1429 86 44 Aris.
625 1429 67 44 in.
654 1429 38 44 1.

169 1452 97 46 lib.
229 1452 73 46 de
266 1452 109 46 onat.
338 1452 60 46 &
362 1452 121 46 Corru.
447 1452 97 46 isto
508 1452 97 46 modo
556 1452 133 46 conciliat

179 1500 146 32 opiniones
291 1500 169 32 Antiquorum.
427 1500 113 32 quidam
505 1500 90 32 enim
562 1500 135 32 actionem
652 1500 45 32 et

173 1528 147 38 passionem
286 1528 125 38 dicebat
377 1528 102 38 fieri
445 1528 113 38 merito
524 1528 136 38 similis,
626 1528 57 38 &
637 1528 57 38 qui

178 1558 77 37 dam
222 1558 110 37 merito
299 1558 208 37 contrarietatis.
474 1558 88 37 ipse
529 1558 99 37 dicit
594 1558 88 37 quod
638 1558 55 37 cum

173 1588 100 34 totum
239 1588 111 34 videre
317 1588 166 34 debuissent,
450 1588 111 34 partem
527 1588 133 34 viderunt
616 1588 66 34 ani-

178 1621 74 32 bo.
221 1621 84 32 vnde
273 1621 84 32 tex.
326 1621 84 32 com.
379 1621 74 32 30.
421 1621 148 32 determinat
537 1621 84 32 quod
579 1621 106 32 receptio

173 1653 67 37 est
212 1653 96 37 merito
279 1653 173 37 similitudinis:
423 1653 77 37 quia
471 1653 77 37 quae
519 1653 134 37 patiuntur,
615 1653 77 37 dciunt

172 1683 142 45 conuenire
281 1683 65 45 in
314 1683 98 45 eodem
379 1683 109 45 gnens,
456 1683 65 45 i.
489 1683 131 45 subiecto
587 1683 76 45 seu
620 1683 65 45 mate

171 1716 86 38 ria,
225 1716 54 38 &
246 1716 97 38 actio
311 1716 75 38 est
354 1716 107 38 merito
429 1716 204 38 contrarietatis.
600 1716 75 38 non
632 1716 54 38 igi

174 1747 72 39 tur
215 1747 93 39 ignis
277 1747 72 39 per
318 1747 62 39 se
349 1747 93 39 agit,
410 1747 51 39 &
431 1747 72 39 per
472 1747 62 39 se
503 1747 113 39 paritur
575 1747 113 39 calidita-

174 1781 81 32 tem,
224 1781 71 32 ita
265 1781 81 32 quod
315 1781 131 32 caliditas
416 1781 71 32 sit
456 1781 71 32 per
496 1781 60 32 se
527 1781 101 32 ratio,
597 1781 71 32 per
628 1781 60 32 quam

175 1812 94 34 agit,
237 1812 52 34 &
258 1812 73 34 per
299 1812 83 34 quam
352 1812 114 34 patitu:
435 1812 73 34 sed
476 1812 83 34 agit
528 1812 73 34 per
560 1812 135 34 caliditatem

176 1845 74 37 per
219 1845 74 37 se,
261 1845 53 37 &
282 1845 74 37 per
324 1845 105 37 eandem
398 1845 116 37 patitur
482 1845 74 37 per
524 1845 127 37 accides.
619 1845 53 37 &
630 1845 63 37 quia

176 1877 83 37 omne
227 1877 72 37 per
269 1877 114 37 accides
351 1877 134 37 reducitur
454 1877 62 37 ad
485 1877 72 37 per
527 1877 72 37 se,
568 1877 72 37 per
609 1877 62 37 se
630 1877 62 37 uari

177 1900 108 46 ratione
256 1900 118 46 materiae
344 1900 128 46 subiectae
443 1900 108 46 calori,
522 1900 69 46 sic
561 1900 69 46 non
600 1900 69 46 est
640 1900 69 46 in¬

708 165 159 37 conueniens.
836 165 85 37 quia
889 165 96 37 dicit
953 165 85 37 Com.
1006 165 85 37 quod
1059 165 96 37 forma
1122 165 64 37 vt
1144 165 74 37 forms

706 204 115 30 mouet,
786 204 80 30 sed
832 204 69 30 vt
866 204 80 30 est
912 204 69 30 in
946 204 126 30 materia
1038 204 126 30 mouetu:
1129 204 92 30 quia
1175 204 46 30 mo

705 236 76 32 tio
748 236 119 32 passiua
835 236 76 32 est
878 236 54 32 a
900 236 119 32 materia
987 236 76 32 non
1030 236 54 32 a
1052 236 108 32 forma.
1128 236 76 32 ita
1160 236 65 32 dic-

713 262 58 40 se
742 262 87 40 aqua,
800 262 77 40 quod
848 262 67 40 per
886 262 154 40 frigiditatem
1011 262 67 40 per
1050 262 58 40 se
1079 262 77 40 agit
1127 262 58 40 in
1146 262 77 40 ignem,

705 294 64 36 vt
737 294 75 36 est
780 294 64 36 in
812 294 128 36 potentia
909 294 118 36 passiua
994 294 75 36 per
1037 294 64 36 se
1069 294 75 36 per
1101 294 118 36 materiam,

712 325 112 38 ecundum
793 325 82 38 quam
844 325 71 38 est
885 325 122 38 potentia
977 325 71 38 sir
1018 325 102 38 igida:
1089 325 51 38 &
1110 325 92 38 eadem
1161 325 61 38 aqua

708 364 126 34 patitur,
803 364 63 34 vt
835 364 74 34 est
877 364 63 34 in
908 364 126 34 potentia
1003 364 116 34 passiua
1087 364 74 34 per
1119 364 105 34 materiam

712 389 73 36 per
753 389 62 36 se
784 389 62 36 vt
816 389 73 36 est
857 389 125 36 potentia
951 389 114 36 ealida:
1034 389 73 36 sed
1075 389 73 36 per
1107 389 114 36 frigidita

705 427 75 32 tem
748 427 86 32 aqua
802 427 75 32 non
845 427 75 32 est
888 427 65 32 in
921 427 129 32 potentia
1017 427 129 32 passiua,
1114 427 86 32 nisi
1168 427 75 32 per

701 459 143 32 accidens.
811 459 77 32 Sed
855 459 66 32 ad
888 459 187 32 difficultatem
1042 459 66 32 de
1075 459 132 32 excessu,
1163 459 55 32 dic

711 487 78 38 quod
760 487 98 38 quando
829 487 127 38 contraria
926 487 68 38 ita
966 487 78 38 sunt
1015 487 127 38 adaequata
1112 487 59 38 in
1142 487 78 38 suis
1181 487 39 38 po

705 516 127 37 tentiis,
800 516 84 37 quod
853 516 84 37 vnum
906 516 105 37 tantum
980 516 74 37 pot
1022 516 95 37 agere
1085 516 63 37 in
1106 516 116 37 reliquum,

707 548 123 41 quantum
796 548 123 41 alterum
886 548 157 41 resistere,
1009 548 78 41 non
1054 548 134 41 prouenst
1144 548 78 41 actio

703 580 74 30 in
740 580 87 30 hoc
789 580 112 30 casu.
864 580 99 30 Vnde
926 580 99 30 Com.
988 580 74 30 in
1025 580 87 30 hoc
1074 580 112 30 sensu
1136 580 87 30 negat

709 612 114 30 anibas
789 612 160 30 qualitates
914 612 91 30 esse
971 612 103 30 aeque
1040 612 137 30 potentes
1143 612 69 30 in
1166 612 57 30 sum

706 644 68 39 mo
740 644 68 39 in
773 644 124 39 esntis,
864 644 90 39 quia
920 644 90 39 non,
977 644 135 39 pueniret
1078 644 113 39 actio,
1157 644 68 39 vt
1180 644 45 39 pa

716 672 69 34 et.
756 672 59 34 4.
785 672 99 34 mereo.
855 672 79 34 com.
904 672 69 34 10.
944 672 59 34 Et
974 672 79 34 ideo
1023 672 89 34 dicit
1082 672 99 34 Arist.
1152 672 69 34 in.
1181 672 40 34 1.

716 704 69 34 lib.
760 704 52 34 de
786 704 95 34 genera.
855 704 69 34 tex.
898 704 69 34 com.
942 704 61 34 S9.
976 704 43 34 &
994 704 61 34 in.
1028 704 52 34 2.
1054 704 78 34 etiam
1106 704 61 34 te.
1141 704 69 34 com.
1176 704 43 34 SA.

708 740 82 40 quod
759 740 62 40 in
790 740 134 40 mixtione,
893 740 103 40 quando
965 740 134 40 contraria
1068 740 82 40 sunt
1109 740 113 40 adaequata

712 772 129 34 potentiis
811 772 149 34 aequalitur,
930 772 79 34 tunc
980 772 169 34 transniutatur
1119 772 109 34 vtruque
1188 772 40 34 in

706 798 71 36 sui
746 798 101 36 ipsius
817 798 111 36 natura.
898 798 71 36 non
939 798 81 36 enim
989 798 121 36 gneratur
1080 798 121 36 alterum,
1171 798 71 36 sed

716 824 89 43 medium
778 824 106 43 commune.
858 824 53 43 Et
884 824 62 43 ita
920 824 80 43 etiam
973 824 80 43 dicit
1026 824 71 43 Com.
1071 824 62 43 in.
1106 824 53 43 2.
1133 824 53 43 de
1150 824 80 43 genera.

719 860 73 32 om.
760 860 73 32 4g.
802 860 84 32 quod
855 860 105 32 mixtio
928 860 167 32 contrariorum
1064 860 73 32 non
1106 860 84 32 fit,
1147 860 84 32 quando

709 892 141 37 simpiercitur
824 892 97 37 alterum
894 892 115 37 demunatur
982 892 79 37 super
1035 892 106 37 alterum,
1114 892 79 37 neque
1159 892 70 37 quando

717 925 72 32 int
758 925 124 32 aequalem
851 925 145 32 potentiam.
965 925 62 32 si
995 925 83 32 enim
1047 925 124 32 potentia
1130 925 103 32 alterius

715 955 97 31 fuerit
783 955 146 31 simpircitur
900 955 117 31 detunans
987 955 97 31 gnatio
1055 955 78 31 erit
1104 955 126 31 dmuantis,
1201 955 49 31 &

709 989 139 38 corruptio
817 989 129 38 dtunati.
913 989 64 38 &,
945 989 64 38 si
977 989 118 38 fuerint
1063 989 129 38 aequales
1149 989 75 38 poten

711 1019 97 31 tiae,
776 1019 86 31 tunc
829 1019 75 31 non
872 1019 86 31 fiet
926 1019 107 31 altera
1001 1019 107 31 forma,
1077 1019 64 31 vt
1098 1019 129 31 declaratum

712 1049 75 33 est
755 1049 75 33 in,
798 1049 65 33 4.
831 1049 108 33 meteo.
906 1049 75 33 Vbi
949 1049 161 33 animaduerte
1078 1049 86 33 quod
1132 1049 75 33 non
1164 1049 75 33 fuit.

716 1085 108 29 ppinio
792 1085 86 29 Com.
845 1085 86 29 quod
899 1085 75 29 duo
942 1085 140 29 contraria
1050 1085 129 29 aequalia
1147 1085 65 29 in
1168 1085 65 29 gra-

711 1117 95 29 dibus
775 1117 74 29 non
817 1117 116 29 possunt
901 1117 105 29 agere,
975 1117 63 29 vt
1007 1117 95 29 multi
1070 1117 63 29 ex
1102 1117 84 29 ista
1144 1117 84 29 autho-

712 1144 119 34 ritate
795 1144 95 34 male
855 1144 131 34 intella
950 1144 214 34 intellexerunt.
1129 1144 95 34 quia
1176 1144 60 34 hoc

711 1177 79 41 est
756 1177 112 41 contra
834 1177 124 41 sensum.
924 1177 90 41 quia
981 1177 124 41 calidum
1071 1177 79 41 vt.
1116 1177 67 41 S.
1138 1177 90 41 potest

711 1209 85 39 agere
767 1209 57 39 in
795 1209 113 39 frigidum
880 1209 66 39 vt.
918 1209 57 39 9.
946 1209 66 39 sed
984 1209 94 39 sensus
1050 1209 75 39 est.
1097 1209 75 39 quod
1144 1209 57 39 ex
1163 1209 66 39 tali-

712 1239 90 35 bus,
768 1239 90 35 quae
824 1239 90 35 sunt
880 1239 135 35 aequalia
981 1239 67 35 in
1015 1239 157 35 potentiis,
1138 1239 79 35 non
1172 1239 56 35 pet

713 1271 160 36 resultare
836 1271 111 36 forma
909 1271 123 36 media:
995 1271 98 36 quia
1057 1271 135 36 oportet
1143 1271 86 36 talem

714 1302 123 36 formam,
803 1302 67 36 si
837 1302 101 36 debet
904 1302 156 36 prouenire,
1027 1302 145 36 declinare
1139 1302 67 36 ad
1161 1302 67 36 alte

711 1336 73 35 rum
752 1336 177 35 contrariorum,
898 1336 83 35 quid
950 1336 73 35 sit
992 1336 136 35 ditunrans
1096 1336 115 35 dtuati:
1169 1336 63 35 quia

711 1368 78 34 non
756 1368 101 34 datur
823 1368 145 34 complexio
934 1368 168 34 ponderalis.
1068 1368 78 34 nec
1113 1368 123 34 aequale
1191 1368 45 34 ad

712 1399 126 36 pondus.
803 1399 92 36 vnde
861 1399 80 36 sic
906 1399 183 36 intelligitur
1056 1399 161 36 authoritas
1170 1399 69 36 eius

713 1435 81 32 in.
760 1435 69 32 4.
794 1435 116 32 meteo.
875 1435 69 32 in
910 1435 93 32 com.
968 1435 69 32 io
1003 1435 93 32 quia
1060 1435 58 32 &
1084 1435 69 32 in
1118 1435 81 32 10.
1153 1435 81 32 meta.

713 1461 81 37 com.
763 1461 71 37 a3.
804 1461 50 37 &
824 1461 71 37 in.
864 1461 61 37 2.
895 1461 121 37 colliget
986 1461 81 37 cap.
1036 1461 91 37 vlti.
1097 1461 50 37 &
1117 1461 71 37 hic
1157 1461 101 37 semper

715 1492 102 39 eodem
782 1492 90 39 modo
839 1492 147 39 loquitur.
952 1492 113 39 Quidam
1031 1492 90 39 enim
1087 1492 68 39 ex
1121 1492 90 39 illa
1167 1492 56 39 au-

707 1526 138 36 thoritate
813 1526 74 36 in.
856 1526 64 36 4.
888 1526 106 36 meteo.
962 1526 138 36 colligunt
1068 1526 127 36 secundum
1153 1526 74 36 Auer-

712 1564 75 30 non
755 1564 96 30 posse
819 1564 150 30 reactionem
937 1564 96 30 fieri
1001 1564 128 30 secundum
1098 1564 107 30 eandem
1162 1564 64 30 con-

708 1596 165 31 trarietatem:
842 1596 72 31 sed
883 1596 134 31 falluntur
986 1596 72 31 Sed
1027 1596 103 31 opinio
1099 1596 72 31 sua
1140 1596 72 31 est
1171 1596 62 31 ista

710 1619 84 44 quod,
766 1619 94 44 quando
832 1619 84 44 elnta
888 1619 131 44 alterantur
991 1619 47 44 a
1010 1619 122 44 dinuicem,
1104 1619 56 44 si
1132 1619 84 44 debet
1179 1619 56 44 fio-

711 1647 65 44 ri
744 1647 119 44 mixtum,
831 1647 130 44 oportet,
928 1647 87 44 quod
982 1647 119 44 alterum
1069 1647 76 44 sit
1113 1647 119 44 donans,
1199 1647 54 44 &

714 1683 113 39 alterum
796 1683 113 39 dmuatu.
878 1683 72 39 sed
919 1683 93 39 prper
981 1683 72 39 hoc
1022 1683 72 39 non
1063 1683 123 39 sequitur
1146 1683 82 39 illud,

710 1716 80 33 quod
760 1716 80 33 ipsi
811 1716 80 33 sibi
861 1716 131 33 imponunt,
961 1716 70 33 sed
1002 1716 91 33 solum
1062 1716 80 33 quod
1112 1716 70 33 non
1142 1716 91 33 possunt

711 1748 92 41 hre
764 1748 172 41 potentias
896 1748 172 41 aequales.
1028 1748 92 41 nam
1081 1748 132 41 semper
1160 1748 79 41 vnum

713 1780 123 38 duatur
799 1780 160 38 reliquis:
922 1780 61 38 &
946 1780 98 38 ideo
1008 1780 123 38 nuxtum
1094 1780 135 38 mouetur
1180 1780 49 38 ab

715 1817 103 27 elnto
783 1817 137 27 dmuante.
886 1817 57 27 &
908 1817 103 27 licet
977 1817 91 27 sint
1034 1817 68 27 in
1068 1817 137 27 gradibus
1159 1817 80 27 aequa

707 1843 89 32 lia,
763 1843 134 32 potentia
863 1843 100 32 tamen
929 1843 100 32 vnius
996 1843 122 32 superat
1074 1843 156 32 resistentiam

714 1875 142 31 alterius.
823 1875 77 31 nam
867 1875 98 31 ignis
933 1875 66 31 vt
966 1875 77 31 est
1009 1875 87 31 actu
1064 1875 131 31 calidus,
1151 1875 77 31 supe-

714 1909 61 37 rat
749 1909 87 37 aquam,
810 1909 70 37 quae
854 1909 61 37 est
889 1909 105 37 potentia
967 1909 105 37 frigida:
1045 1909 44 37 &
1063 1909 113 37 similiter
1150 1909 52 37 de
1176 1909 78 37 aquae
