1416 2066
203 180 135 46 moni.
293 180 180 46 dicenti,
428 180 165 46 quoniam
532 180 195 46 quemadmodum

216 221 119 45 locus
295 221 132 45 puncti
387 221 92 45 est
440 221 158 45 punctus,
559 221 66 45 &
585 221 119 45 locus
651 221 66 45 su-

222 260 162 55 perficiei
346 260 87 55 est
396 260 199 55 superficies,
558 260 87 55 ita
595 260 125 55 continge

218 301 92 52 ret
271 301 79 52 vt
310 301 119 52 locus
389 301 158 52 corporis
508 301 92 52 sit
561 301 145 52 corpus,
653 301 66 52 po-

221 348 183 41 nentibus
358 348 122 41 vero
434 348 137 41 ipsum
525 348 122 41 esse
586 348 137 41 vltimum

221 388 180 43 continens
359 388 97 43 non
415 388 180 43 contingit
553 388 111 43 haec
622 388 124 43 quae¬

216 417 135 54 stio.
306 417 195 54 D.induxit
456 417 165 54 Quartam
560 417 165 54 quaestio-

221 460 102 46 nem,
285 460 64 46 &
310 460 114 46 dixit
387 460 114 46 neque
463 460 76 46 vt
501 460 89 46 sit
552 460 114 46 nobis
615 460 102 46 aliqua

224 495 151 44 dimensio
338 495 76 44 in
376 495 139 44 finito.
477 495 114 44 illud
552 495 101 44 enim
615 495 101 44 quid
666 495 63 44 est

220 534 124 54 inter
303 534 137 54 locum,
399 534 96 54 &c.
454 534 82 54 i.
495 534 69 54 &
523 534 96 54 non
564 534 151 54 contingit

224 572 117 51 nobis
302 572 78 51 vt
341 572 117 51 locus
419 572 91 51 sit
471 572 169 51 dimensio,
601 572 104 51 quae
653 572 65 51 est

219 612 101 46 inter
286 612 124 46 vltima.
376 612 101 46 illud
443 612 90 46 enim
499 612 90 46 quod
556 612 79 46 est
601 612 101 46 inter
657 612 67 46 vlti

219 652 84 50 ma
261 652 112 50 apud
331 652 112 50 nos,
401 652 140 50 semper
500 652 84 50 in
542 652 84 50 eo
584 652 98 50 est
626 652 84 50 ali-

215 693 116 46 quod
288 693 146 46 corpus
390 693 102 46 non
448 693 175 46 dimensio
565 693 160 46 abstracta

222 732 83 50 am
264 732 166 50 corpore.
388 732 69 50 &
416 732 97 50 sic
471 732 97 50 non
526 732 180 50 contingit
651 732 69 50 no-

223 773 81 36 bis
270 773 138 36 secundum
373 773 92 36 hanc
431 773 161 36 positionem
558 773 69 36 vt
592 773 104 36 locus
661 773 81 36 in¬

227 808 108 43 digeat
303 808 97 43 loco.
367 808 118 43 quoniam
453 808 97 43 locus
518 808 86 43 apud
571 808 86 43 nos,
614 808 108 43 secundum

223 844 80 57 quod
273 844 70 57 est
313 844 100 57 finis,
382 844 70 57 est
422 844 60 57 in
452 844 110 57 aliquo,
532 844 70 57 non
572 844 120 57 secundum
651 844 60 57 quod

225 885 118 53 aliquid
311 885 75 53 est
354 885 64 53 in
386 885 97 53 loco,
451 885 75 53 sed
494 885 129 53 secundum
590 885 86 53 quod
633 885 86 53 super-

217 924 130 52 ficies
308 924 91 52 est
360 924 78 52 in
399 924 156 52 corpore.
515 924 65 52 &
541 924 104 52 ideo
606 924 91 52 non
645 924 65 52 con

219 965 147 48 ceditur
325 965 107 48 quod
392 965 107 48 omne
459 965 93 48 ens
512 965 93 48 est
565 965 80 48 in
605 965 120 48 loco.
685 965 67 48 &

211 1004 102 39 hoc
270 1004 204 39 intedebat,
430 1004 102 39 cum
489 1004 131 39 dixit
576 1004 131 39 Locus
649 1004 73 39 est

217 1043 64 39 in
249 1043 85 39 vbi,
302 1043 74 39 non
345 1043 127 39 secundum
440 1043 85 39 quod
493 1043 74 39 est
536 1043 64 39 in
567 1043 95 39 loco,
631 1043 74 39 sed
663 1043 53 39 se-

214 1081 118 44 cundum
297 1081 94 44 quod
356 1081 83 44 est
403 1081 106 44 finis
474 1081 71 44 in
509 1081 130 44 finito.
603 1081 71 44 i.
639 1081 71 44 &,
662 1081 59 44 cum

219 1119 124 43 dicitur
309 1119 102 43 locum
377 1119 90 43 esse
433 1119 68 43 in
467 1119 90 43 vbi,
523 1119 79 43 non
568 1119 79 43 est
602 1119 113 43 secundum

218 1162 78 46 quod
267 1162 68 46 est
306 1162 59 46 in
335 1162 88 46 loco,
394 1162 68 46 sed
433 1162 117 46 secundum
521 1162 78 46 quod
570 1162 107 46 dicitur
648 1162 59 46 in
667 1162 49 46 fi-

220 1204 89 45 ne,
271 1204 89 45 qui
322 1204 89 45 est
373 1204 89 45 vna
424 1204 204 45 superficies,
590 1204 89 45 aut
629 1204 89 45 super

215 1236 124 53 ficies
302 1236 124 53 plures
389 1236 99 53 esse
451 1236 75 53 in
488 1236 137 53 finito,
587 1236 112 53 cuius
649 1236 75 53 sunt

215 1276 203 49 superficies.
381 1276 102 49 D.d.
444 1276 89 49 non
495 1276 102 49 enim
559 1276 102 49 omne
622 1276 89 49 ens
660 1276 64 49 est

220 1317 77 49 in
259 1317 116 49 loco,
336 1317 77 49 i.
375 1317 90 49 sed
426 1317 142 49 quaedam
530 1317 116 49 entia
607 1317 103 49 sunt
671 1317 77 49 in

218 1356 143 49 subiecto
325 1356 143 49 scilicet
433 1356 179 49 accidentia,
576 1356 60 49 &
600 1356 119 49 quedam
671 1356 48 49 in

219 1392 93 42 loco
277 1392 139 42 scilicet
381 1392 150 42 indiuidua
497 1392 185 42 substantiae:
648 1392 58 42 &
659 1392 58 42 di-

213 1428 105 47 xit
273 1428 105 47 sed
333 1428 149 47 corpus
437 1428 120 47 quod
512 1428 134 47 habet
587 1428 134 47 moueri.

211 1470 95 52 ad
259 1470 237 52 excipiendum
448 1470 174 52 Tcorpus
559 1470 158 52 mathema-

217 1513 121 41 ticum
297 1513 108 41 quod
364 1513 94 41 non
418 1513 94 41 est
472 1513 81 41 in
512 1513 121 41 loco,
593 1513 108 41 nisi
647 1513 67 41 se-

218 1549 175 53 cundum
324 1549 280 53 imaginationem.

259 1605 87 45 Et
303 1605 145 45 fertur
405 1605 145 45 igitur
506 1605 87 45 ad
550 1605 116 45 suum
608 1605 116 45 ipsius

219 1653 133 51 locum
308 1653 221 51 vnumquodque
470 1653 250 51 rationabiliter.

221 1692 109 54 quod
289 1692 109 54 enim
357 1692 217 54 consequenter
534 1692 109 54 est,
602 1692 68 54 &
615 1692 109 54 tangit

216 1742 102 44 non
274 1742 102 44 vi,
332 1742 189 44 congeneum
477 1742 116 44 est.
549 1742 131 44 atque
622 1742 102 44 simul

216 1788 142 46 adnata
315 1788 228 46 inpassibilia
500 1788 128 46 sunt:
586 1788 114 46 quae
643 1788 71 46 ve-

215 1820 92 46 ro
261 1820 92 46 se
307 1820 185 46 tangunt,
445 1820 185 46 passiua,
584 1820 77 46 &
599 1820 123 46 actiua

205 1869 126 54 sunt
284 1869 220 54 adinuicem.
456 1869 94 54 Et
503 1869 141 54 manet
582 1869 141 54 igitur,

742 181 146 54 natura
845 181 117 54 omne
918 181 88 54 in
962 181 161 54 proprio
1079 181 132 54 loco,
1152 181 102 54 vnum-

736 228 158 42 quodque
851 228 101 42 non
908 228 302 42 irrationabiliter.
1153 228 86 42 ete.

743 269 102 45 nim
802 269 117 45 pars
875 269 117 45 haec
948 269 88 45 in
992 269 117 45 toto
1065 269 132 45 loco,
1153 269 88 45 vt
1182 269 59 45 di

741 308 152 55 uisibilis
858 308 93 55 pers
916 308 70 55 ad
951 308 105 55 totum
1021 308 93 55 est:
1080 308 82 55 vt,
1126 308 82 55 cum
1161 308 82 55 aquai

732 353 152 41 moueat
838 353 167 41 aliquis
959 353 167 41 partem,
1080 353 106 41 aut
1126 353 121 41 aeris.

784 404 93 63 Et
831 404 140 63 recte
924 404 233 63 vnumquodque
1095 404 156 63 corporum

742 453 202 53 transfertur
903 453 81 53 ad
944 453 135 53 eundem
1038 453 135 53 locum,
1132 453 81 53 oe
1159 453 81 53 enim

737 501 112 62 quod
807 501 98 62 est
863 501 197 62 consequens
1018 501 169 62 aliquod,
1145 501 84 62 et
1173 501 70 62 co-

735 554 160 65 tangens
852 554 145 65 ipsum,
953 554 87 65 no
997 554 102 65 est
1055 554 174 65 violente
1171 554 73 65 vni

739 605 148 63 geneum
843 605 89 63 cu
887 605 104 63 eo.
946 605 104 63 cum
1005 605 148 63 igitur
1109 605 118 63 ista
1168 605 74 63 fue

740 653 120 46 rint,
819 653 80 46 ex
859 653 93 46 eo,
913 653 106 46 quod
979 653 106 46 esse
1046 653 173 46 continuu,
1179 653 93 46 non

735 701 139 63 agent
827 701 93 63 in
874 701 93 63 se
920 701 201 63 adinuice,
1075 701 77 63 &
1106 701 108 63 cum
1152 701 93 63 fue-

734 748 114 62 rint
805 748 243 62 contangentia,
1005 748 128 62 agent
1090 748 86 62 in
1133 748 86 62 se
1162 748 71 62 ad-

733 796 175 62 inuicem,
865 796 102 62 aut
923 796 190 62 patientur
1070 796 73 62 a
1084 796 161 62 seinuice.

737 844 87 62 Et
780 844 188 62 quaelibet
925 844 116 62 reru
997 844 203 62 naturalium
1142 844 101 62 quie-

735 892 110 62 scit
804 892 82 62 in
845 892 110 62 loco
914 892 110 62 sibi
982 892 165 62 proprio.
1106 892 69 62 &
1133 892 96 62 hoc
1174 892 69 62 re-

733 940 124 63 ctum
810 940 124 63 est,
887 940 108 63 cum
949 940 124 63 pars
1026 940 124 63 etia
1088 940 154 63 quiescit

732 988 85 62 in
774 988 127 62 toto.
859 988 70 62 &
887 988 141 62 illud,
985 988 113 62 quod
1056 988 99 62 est
1112 988 85 62 in
1140 988 99 62 loco,

732 1036 190 62 dispositio
881 1036 108 62 eius
949 1036 108 62 est,
1017 1036 122 62 sicut
1085 1036 162 62 dispositio

731 1084 142 63 partis
830 1084 156 63 diuisae
944 1084 85 63 ad
986 1084 199 63 vniuersum.
1143 1084 85 63 v.
1185 1084 85 63 g.

736 1132 114 62 cum
801 1132 179 62 aliquis
931 1132 147 62 motor
1029 1132 179 62 mouerit
1143 1132 98 62 par-

735 1191 112 52 tem
799 1191 144 52 aquae
895 1191 80 52 ,
928 1191 80 52 &
944 1191 128 52 aeris.

776 1276 97 44 Cum
831 1276 124 44 dixit
914 1276 111 44 quod
983 1276 83 44 ex
1025 1276 97 44 hac
1066 1276 180 44 definitione

737 1317 225 53 dissoluuntur
920 1317 211 53 quaestiones
1074 1317 169 53 accidentes

740 1356 67 50 in
773 1356 101 50 loco,
840 1356 134 50 incoepit
941 1356 145 50 declarare
1053 1356 101 50 etiam
1120 1356 89 50 quod
1176 1356 67 50 ex
1198 1356 56 50 il-

734 1397 105 49 lis
794 1397 120 49 poet
869 1397 120 49 homo
944 1397 120 49 dare
1020 1397 165 49 causam,
1140 1397 90 49 ex
1170 1397 75 49 qua

738 1437 230 46 vnumquodque
921 1437 184 46 corporum
1059 1437 153 46 habet,
1151 1437 92 46 pro-

735 1474 116 51 prie
808 1474 131 51 locum
895 1474 174 51 proprium
1026 1474 87 51 ex
1070 1474 131 51 locis
1142 1474 102 51 natu-

738 1509 143 45 ralibus,
845 1509 60 45 &
869 1509 95 45 quod
929 1509 83 45 qui
977 1509 107 45 dicit
1048 1509 107 45 locum
1120 1509 95 45 esse
1167 1509 72 45 ima-

739 1549 80 55 ne
779 1549 93 55 non
832 1549 133 55 potest
925 1549 106 55 dare
991 1549 133 55 causam
1084 1549 119 55 eius,
1163 1549 106 55 quod

734 1589 155 54 apparet
846 1589 84 54 ex
889 1589 211 54 diuersitate
1057 1589 183 54 specierum
1184 1589 56 54 lo

738 1635 88 45 ci
782 1635 161 45 propter
899 1635 234 45 diuersitatem
1075 1635 161 45 specierum

736 1668 183 52 corporum,
877 1668 70 52 &
905 1668 141 52 dixit:
1004 1668 85 52 Et
1046 1668 141 52 recte,
1144 1668 99 52 &c.
1187 1668 56 52 i.

735 1709 90 49 &,
780 1709 105 49 cum
840 1709 135 49 locus
930 1709 105 49 sit
990 1709 165 49 vltimum
1096 1709 150 49 corporis

737 1757 201 29 continens
891 1757 186 29 locatum,
1030 1757 155 29 rectum
1139 1757 108 29 est
1185 1757 62 29 vt

738 1787 250 39 vnumquodque
939 1787 200 39 corporum
1072 1787 167 39 transfe-

733 1828 128 38 ratur
818 1828 85 38 ad
860 1828 128 38 locum
945 1828 184 38 proprium,
1087 1828 99 38 cum
1130 1828 113 38 trans-

730 1866 143 57 fertur
830 1866 86 57 ad
873 1866 157 57 vltimum
987 1866 171 57 corporis
1115 1866 114 57 sibi
1173 1866 71 57 pro
