1416 2066
157 172 137 70 tulo:
248 172 106 70 sed
309 172 106 70 non
370 172 259 70 contunguntur,
568 172 106 70 neque

166 232 241 59 coniungutur
359 232 145 59 etiam
455 232 161 59 motus.
568 232 112 59 Sed
616 232 64 59 om

172 285 114 45 nia,
243 285 114 45 quae
314 285 99 45 non
371 285 114 45 sunt
442 285 170 45 vniuoca,
569 285 99 45 non
612 285 71 45 con

166 325 219 58 iunguntur,
339 325 141 58 verbi
433 325 172 58 gratita
542 325 141 58 dicere,

173 373 127 58 quare
258 373 113 58 ista
328 373 99 58 non
385 373 240 58 coniunguntur,
568 373 113 58 scili-

170 417 97 49 cet
225 417 97 49 est
281 417 152 49 acutius
391 417 193 49 perforans,
543 417 97 49 aut
584 417 97 49 vinm,

169 461 104 61 aut
229 461 149 61 neuma,
333 461 119 61 quod
407 461 164 61 dicitur
526 461 134 61 vita.
601 461 74 61 Di-

164 509 134 64 camus
253 509 119 64 quia
328 509 119 64 ista
402 509 119 64 sunt
477 509 208 64 aequiuoca,
625 509 60 64 et

171 556 120 62 ideo
246 556 105 62 non
306 556 256 62 coniunguntur.
517 556 105 62 sed
563 556 120 62 neuma,

172 603 118 58 quod
246 603 177 58 dicitur,
378 603 133 58 vita,
467 603 103 58 non
511 603 162 58 contungun

171 648 108 59 tur
232 648 108 59 cum
294 648 186 59 neumate,
434 648 124 59 quod
511 648 170 59 dicitur
619 648 62 59 a-

168 697 125 57 mara
246 697 140 57 vita:
340 697 125 57 quia
417 697 156 57 acumen
526 697 93 57 in
573 697 109 57 eis
620 697 62 57 ha

166 741 111 59 bet
230 741 159 59 eandem
341 741 206 59 rationem.
499 741 79 59 &
531 741 143 59 forte
611 741 63 59 vt

176 788 150 46 locitas
285 788 95 46 hic
340 788 95 46 non
395 788 95 46 est
449 788 177 46 velocitas
572 788 109 46 illic-

167 833 76 60 &
197 833 106 60 hoc
258 833 167 60 dignius
379 833 106 60 est
440 833 91 60 in
470 833 212 60 alteratione,

165 892 84 38 &
182 892 253 38 translatione.

191 932 119 47 Cum
259 932 186 47 induxit
394 932 220 47 sermonem,
564 932 102 47 ex
597 932 85 47 quo

166 980 204 43 existimatur
329 980 109 43 quod
397 980 122 43 motus
478 980 136 43 rectus
573 980 95 43 est
614 980 68 43 pro

168 1012 212 48 portionalis
337 1012 127 48 motui
422 1012 198 48 circulari,
563 1012 113 48 reuer-

169 1050 100 40 sus
226 1050 100 40 est
283 1050 86 40 ad
326 1050 228 40 improbabile,
511 1050 114 40 quod
568 1050 114 40 contin

170 1092 84 43 git
218 1092 96 43 huic
278 1092 168 43 positioni,
410 1092 60 43 &
434 1092 120 43 dixit:
518 1092 96 43 Sed,
578 1092 72 43 si
602 1092 72 43 com-

177 1124 187 49 iungantur,
324 1124 94 49 &c.
377 1124 80 49 i.
418 1124 67 49 &
444 1124 161 49 sequetur
565 1124 107 49 quia
618 1124 54 49 mo

172 1161 102 44 tus
231 1161 146 44 rectus
333 1161 102 44 non
391 1161 131 44 habet
464 1161 218 44 rectitudinem,

171 1197 121 52 nisi
247 1197 166 52 propter
368 1197 242 52 magnitudinem
549 1197 121 52 rectam

173 1236 66 52 &
199 1236 171 52 similiter
330 1236 118 52 motus
409 1236 197 52 circularis,
554 1236 131 52 propter.

174 1274 247 51 magnitudinem
374 1274 232 51 circularem.
560 1274 93 51 Si
590 1274 93 51 igi-

171 1312 98 42 tur
227 1312 127 42 motus
312 1312 141 42 rectus
410 1312 98 42 sit
466 1312 169 42 aequalis
579 1312 98 42 motui

175 1349 181 50 circulari,
317 1349 168 50 contingit
446 1349 181 50 necessario
588 1349 77 50 vt
614 1349 64 50 ma-

171 1389 147 45 gnitudo
277 1389 120 45 recta
358 1389 93 45 sit
411 1389 160 45 aequalis
518 1389 160 45 circulari:

170 1421 120 51 eroo
245 1421 271 51 superponuntur.
471 1421 105 51 sed
531 1421 135 51 notum
606 1421 75 51 est

173 1451 101 55 quod
237 1451 114 55 sinea
313 1451 114 55 recta
389 1451 89 55 non
440 1451 203 55 superponitur
592 1451 76 55 cir-

179 1498 134 49 culari:
276 1498 61 49 &
301 1498 134 49 necesse
398 1498 97 49 est,
459 1498 73 49 vt
495 1498 110 49 illa,
568 1498 97 49 quae
617 1498 61 49 men

174 1532 143 53 surant
274 1532 86 53 se
316 1532 200 53 adinuicem,
473 1532 86 53 vt
502 1532 171 53 superponan

174 1571 87 49 tur
223 1571 99 49 sibi
285 1571 173 49 adinuicem.
421 1571 74 49 Et
458 1571 111 49 dixit
533 1571 124 49 illud,
607 1571 74 49 quid

167 1609 165 41 diximus
287 1609 150 41 prius,
392 1609 75 41 &
422 1609 105 41 per
481 1609 90 41 se
526 1609 105 41 non
571 1609 105 41 dixit

176 1648 134 48 prius,
270 1648 108 48 quod
337 1648 161 48 sequitur
458 1648 81 48 ex
498 1648 94 48 hac
539 1648 134 48 positio-

178 1693 85 42 ne,
227 1693 73 42 vt
263 1693 110 42 linea
336 1693 110 42 recta
410 1693 85 42 sit
458 1693 146 42 aequalis
556 1693 122 42 circula-

172 1722 90 49 ri.
224 1722 142 49 quoniam
327 1722 90 49 hoc
379 1722 155 49 sequitur
495 1722 78 49 ex
534 1722 116 49 illo,
598 1722 78 49 quid

174 1757 159 48 sequitur
293 1757 80 48 ex
333 1757 119 48 prima
413 1757 186 48 positione,
545 1757 133 48 scilicet

164 1797 109 53 quod
232 1797 82 53 vt
273 1797 123 53 motus
355 1797 191 53 circularis
491 1797 191 53 coniungatur,

691 188 102 38 cum
750 188 116 38 motu
822 188 145 38 recto,
924 188 73 38 &
953 188 102 38 est
1011 188 87 38 vt
1054 188 131 38 motus
1127 188 87 38 cir-

695 454 106 37 non
755 454 257 37 coniunguntur.
967 454 91 37 i.
1012 454 106 37 non
1058 454 151 37 habebunt

697 223 151 43 cularis
807 223 96 43 sit
862 223 164 43 aequalis
985 223 137 43 recto.
1067 223 137 43 Quoniam,

687 261 94 49 si
734 261 94 49 ex
781 261 125 49 hoc,
859 261 125 49 quod
937 261 172 49 ponitur
1062 261 125 49 quod
1125 261 78 49 duo

691 298 121 49 isti
767 298 137 49 motus
858 298 258 49 coniunguntur,
1055 298 152 49 sequitur

703 333 72 53 vt
739 333 96 53 sint
799 333 155 53 aequales,
918 333 60 53 &
942 333 72 53 ex
978 333 96 53 hoc,
1038 333 96 53 quod
1097 333 96 53 sunt
1145 333 60 53 ae-

692 372 164 48 quales,
811 372 179 48 fequitur
946 372 89 48 vt
990 372 194 48 maonitudo
1124 372 75 48 re-

703 401 84 50 eta
751 401 84 50 sit
799 401 144 50 aequalis
907 401 168 50 circulari.
1039 401 144 50 D.dixit:
1147 401 84 50 sed

694 487 232 47 proportionem
882 487 130 47 inter
968 487 101 47 se,
1026 487 116 47 quia
1099 487 101 47 non
1142 487 58 47 su

702 522 198 40 perponuntur
860 522 119 40 sibi.
939 522 106 40 D.d.
1005 522 119 40 neque
1084 522 119 40 etiam
1150 522 53 40 mo

697 566 89 37 tus
748 566 254 37 communiunguntur.
964 566 76 37 i.
1003 566 76 37 &,
1041 566 89 37 cum
1092 566 114 37 inter
1155 566 51 37 ma

694 605 201 44 gnitudines
852 605 101 44 non
909 605 101 44 est
967 605 201 44 proportio.
1111 605 86 44 ergo

691 641 144 34 neque
787 641 144 34 inter
883 641 160 34 motus.
995 641 160 34 Deinde
1091 641 112 34 dedit

690 672 174 51 causam,
816 672 142 51 quare
911 672 110 51 non
958 672 237 51 coniunguntur,

691 711 74 43 &
721 711 149 43 dixit:
825 711 104 43 Sed
885 711 149 43 omnia,
989 711 119 43 quae
1063 711 104 43 non
1108 711 89 43 sunt

696 749 176 49 vniuoca,
828 749 103 49 non
887 749 264 49 coniuinguntur.
1092 749 103 49 Bein-

694 787 89 38 de
739 787 163 38 induxit
857 787 178 38 exemplum
991 787 89 38 de
1021 787 178 38 aequiuocis

703 821 54 49 &
725 821 108 49 dixit:
800 821 97 49 verbi
865 821 119 49 gratia,
952 821 76 49 &c.
995 821 108 49 idest,
1070 821 130 49 quoniam,
1157 821 43 49 si

699 865 144 46 aliquis
803 865 196 46 quaesiuerit
960 865 117 46 quare
1038 865 91 46 non
1091 865 91 46 est
1130 865 65 46 com

692 898 157 50 paratio
806 898 129 50 inter
892 898 143 50 acumen
992 898 129 50 stili
1063 898 143 50 perforan

696 935 113 51 tis,
766 935 71 51 &
795 935 127 51 vini,
879 935 71 51 &
908 935 169 51 neumatis
1035 935 141 51 acuti,
1119 935 85 51 quod

699 973 148 50 dicitur
806 973 148 50 acutius
914 973 134 50 acuto,
1008 973 161 50 dicitur,
1115 973 81 50 quia

696 1012 94 47 hoc
749 1012 121 47 nomen
830 1012 135 47 acumen
924 1012 148 47 dicitur
1032 1012 81 47 in
1072 1012 94 47 eis
1113 1012 94 47 aequi

689 1049 125 42 uoce.
772 1049 83 42 in
814 1049 208 42 instrumento
980 1049 111 42 enim
1049 1049 125 42 ratio
1119 1049 69 42 eis

695 1092 98 38 est
751 1092 196 38 abscindere
905 1092 140 38 ligna,
1003 1092 84 38 in
1045 1092 112 38 vino
1101 1092 98 38 autem

701 1132 165 42 pungere
821 1132 180 42 linguam,
956 1132 90 42 in
1001 1132 165 42 neumate
1106 1132 90 42 vero

702 1162 187 40 percunere
845 1162 158 40 auditum
961 1162 187 40 fortiter.
1090 1162 115 40 Deinde

698 1197 122 42 dicit:
783 1197 61 42 &
807 1197 110 42 forte
880 1197 158 42 velocitas
1002 1197 97 42 hic,
1063 1197 85 42 &c.
1100 1197 97 42 idest,

699 1236 69 39 &
727 1236 124 39 forte
809 1236 96 39 hoc
864 1236 138 39 verbum
961 1236 179 39 velocitas
1085 1236 110 39 dictum

695 1274 86 40 de
738 1274 114 40 motu
809 1274 200 40 circulari,
966 1274 71 40 &
995 1274 86 40 de
1038 1274 114 40 motu
1095 1274 100 40 recto

691 1312 98 42 est
747 1312 126 42 etiam
831 1312 210 42 aequiuocum.
999 1312 70 42 &
1027 1312 140 42 dixit,
1111 1312 84 42 for-

697 1349 98 51 re,
753 1349 112 51 quia
823 1349 98 51 non
880 1349 98 51 ita
936 1349 155 51 apparet
1034 1349 169 51 aequiuoca-

697 1394 97 32 tio
753 1394 83 32 in
794 1394 97 32 eo,
850 1394 125 32 sicut
933 1394 83 32 in
975 1394 97 32 hoc
1030 1394 139 32 nomine
1114 1394 83 32 acu-

694 1421 108 46 men.
762 1421 95 46 Et,
816 1421 108 46 quia
884 1421 95 46 hoc
938 1421 203 46 apparentius
1100 1421 95 46 est
1141 1421 54 46 in

698 1468 191 30 velocitate,
851 1468 102 30 quae
915 1468 140 30 dicitur
1017 1468 76 30 de
1042 1468 153 30 alteratio-

696 1500 87 39 ne,
745 1500 124 39 dixit:
832 1500 62 39 &
857 1500 137 39 dignius
957 1500 99 39 est,
1019 1500 87 39 &c.
1069 1500 124 39 idest,
1156 1500 62 39 &

697 1540 102 38 cum
756 1540 161 38 dicimus
873 1540 117 38 quod
946 1540 117 38 hoc.
1019 1540 131 38 nomen
1106 1540 73 38 a
1121 1540 73 38 ve-

690 1574 163 36 locitas
809 1574 193 36 aequiuoce
957 1574 163 36 dicitur
1075 1574 89 36 de
1105 1574 89 36 motu

690 1612 189 46 circulari,
839 1612 68 46 &
866 1612 135 46 recto,
961 1612 135 46 quanto
1056 1612 122 46 magis
1123 1612 68 46 di-

702 1648 104 43 itur
767 1648 169 43 aequiuoce
897 1648 78 43 de
936 1648 208 43 alteratione,
1106 1648 65 43 &
1119 1648 78 43 tram

681 1685 154 37 slatione.

727 1749 111 45 An
783 1749 185 45 primum
913 1749 185 45 quidem
1043 1749 130 45 hoc
1098 1749 93 45 non

693 1793 124 58 verum
776 1793 111 58 est,
845 1793 124 58 quod,
928 1793 83 58 si
970 1793 97 58 non
1025 1793 111 58 sint
1080 1793 111 58 aequi
