1416 2066
200 156 147 46 titatem,
310 156 86 46 cui
359 156 184 46 respondeant
507 156 135 46 minimum
593 156 135 46 alteratum

205 196 111 32 esse,
278 196 135 32 minimum
377 196 160 32 gnerabile
500 196 74 32 de
536 196 111 32 forma
598 196 135 32 elementi.

204 228 69 32 &,
239 228 92 32 quia
297 228 92 32 post
354 228 104 32 illud
423 228 127 32 minimum
516 228 138 32 qualitas
619 228 81 32 per
654 228 69 32 par-

205 261 82 31 tem
252 261 94 31 ante
311 261 118 31 partem
394 261 165 31 generatur,
523 261 59 31 &
547 261 94 31 sit,
606 261 82 31 ita
641 261 94 31 dicunt

202 291 82 33 de
243 291 123 33 forma
325 291 164 33 elementi
448 291 109 33 post
516 291 150 33 minimum
612 291 123 33 gnabile

202 325 73 37 sui
243 325 73 37 fit
285 325 73 37 per
326 325 104 37 partem
399 325 83 37 ante
451 325 104 37 partem
524 325 62 37 in
555 325 146 37 infinitum.
659 325 73 37 Alii-

204 356 95 31 vero
263 356 118 31 magnae
346 356 189 31 authoritatis
500 356 95 31 viri
559 356 118 31 tenent
641 356 71 31 de
665 356 59 31 in-

206 388 145 38 tentione
315 388 109 38 Auer.
388 388 121 38 formas
473 388 194 38 elementorum,
630 388 85 38 cum
666 388 61 38 il-

204 419 70 33 lae
244 419 160 33 intensibiles
374 419 80 33 sint
424 419 50 33 &
444 419 170 33 remissibiles,
583 419 120 33 secundum
663 419 70 33 ipsum

202 452 77 34 ad
241 452 192 34 intensionem
395 452 64 34 &
420 452 192 34 remissionem
574 452 128 34 suorum
651 452 77 34 acci

210 482 133 33 dentium
306 482 133 33 intendi
403 482 60 33 &
427 482 145 33 remitti,
535 482 60 33 &
559 482 108 33 satis
620 482 108 33 probabi

205 515 117 35 liter
283 515 130 35 videre
373 515 91 35 meo
425 515 130 35 tenent
516 515 91 35 non
568 515 104 35 dari
619 515 117 35 minimum

203 546 74 41 ex
240 546 110 41 parte
313 546 123 41 formae
399 546 74 41 in
436 546 147 41 talibus.
546 546 61 41 &
558 546 172 41 consequenter

208 581 117 31 tenent
290 581 94 31 quod
349 581 70 31 in
384 581 188 31 qualitatibus
537 581 129 31 ipsorum
619 581 106 31 elemen-

201 613 126 29 torum
285 613 98 29 non
341 613 98 29 est
396 613 112 29 dare
466 613 153 29 minima,
578 613 112 29 immo
633 613 98 29 tales

203 644 169 39 qualitates
335 644 181 39 indiicuntur
480 644 84 39 per
528 644 120 39 partem
613 644 96 39 ante
661 644 72 39 par-

208 677 77 37 tem
252 677 66 37 in
285 677 155 37 infinitum.
407 677 55 37 &
429 677 100 37 ratio
496 677 77 37 est
540 677 100 37 ista.
606 677 89 37 quia
651 677 77 37 tales

213 708 153 36 qualitates
333 708 109 36 habent
410 708 164 36 contrarium:
540 708 76 36 vbi
584 708 98 36 autem
639 708 87 36 contra

212 742 95 29 netas
275 742 74 29 ibi
317 742 168 29 resistentia:
453 742 74 29 vbi
495 742 95 29 autem
558 742 158 29 resistentia
674 742 53 29 ibi

212 771 63 39 de
243 771 157 39 necessitate
369 771 147 39 successio,
484 771 94 39 sicut
547 771 94 39 patet
610 771 73 39 in.
652 771 63 39 4.
673 771 52 39 phi

211 802 92 33 sic.
268 802 92 33 com.
326 802 81 33 7i.
372 802 58 33 &
395 802 92 33 ita,
452 802 69 33 si
487 802 104 33 debet
556 802 115 33 induci
625 802 104 33 minimus

212 832 116 41 gradus
294 832 140 41 caloris,
398 832 81 41 cum
445 832 105 41 talis
515 832 163 41 contrarium
631 832 93 41 habeat

210 869 125 33 quomodo
300 869 68 33 in
334 869 136 33 instanti
436 869 147 33 inducetur
550 869 79 33 non
595 869 113 33 video.
674 869 57 33 &
686 869 45 33 in

212 895 165 35 veritate
336 895 124 35 istud
419 895 193 35 argumentum
570 895 110 35 apud
639 895 83 35 me
666 895 69 35 est

202 926 106 42 satis
273 926 130 42 efficax
367 926 83 42 pro
415 926 94 42 ista
474 926 94 42 via.
532 926 59 42 &
556 926 118 42 multi,
639 926 83 42 qui
674 926 59 42 op-

207 958 144 42 positam
311 958 131 42 partem
403 958 183 42 tenuerunt,
546 958 91 42 non
585 958 144 42 potuerunt

214 997 138 29 euadere
315 997 75 29 ab
353 997 88 29 hoc
403 997 163 29 argumento
528 997 100 29 sine
591 997 138 29 incursu
679 997 50 29 in

213 1021 147 39 grauiora
323 1021 232 39 inconuenientia.
518 1021 73 39 Et
555 1021 98 39 ideo
604 1021 122 39 probabi-

209 1053 90 37 lius
265 1053 124 37 videtur
355 1053 102 37 nobis
423 1053 113 37 tenere
502 1053 90 37 viam
559 1053 113 37 istam,
638 1053 68 37 ad
660 1053 68 37 quam

207 1085 155 38 pauciora
323 1085 232 38 inconuenientia
516 1085 180 38 sequuntur,
645 1085 90 38 iuxta

211 1119 93 35 illud
273 1119 83 35 Com.
325 1119 62 35 2.
356 1119 104 35 coeli.
428 1119 83 35 com.
480 1119 62 35 i.
511 1119 62 35 ex
542 1119 135 35 sententia
636 1119 93 35 Alexam.

209 1149 179 37 sustentati
350 1149 115 37 sumus
426 1149 115 37 super
503 1149 179 37 sermonibus
630 1149 102 37 istius

213 1182 113 36 viri,
289 1182 100 36 quia
351 1182 163 36 inuenimus
476 1182 88 36 eos
527 1182 113 36 magis
602 1182 138 36 remotos
689 1182 38 36 a

216 1212 228 36 contradictione
406 1212 101 36 Vnde
469 1212 139 36 dicimus
571 1212 89 36 non
621 1212 101 36 dari
672 1212 63 36 mi-

207 1246 109 31 nimam
280 1246 182 31 qualitatem,
425 1246 146 31 loquendo
535 1246 73 31 de
559 1246 170 31 qualitatibus

212 1276 178 39 habentibus
352 1276 191 39 contrarium.
504 1276 64 39 &
530 1276 114 39 licet
606 1276 89 39 non
644 1276 89 39 detur

210 1315 144 36 propter
314 1315 157 36 rationem
432 1315 131 36 dictam
523 1315 131 36 minima
601 1315 131 36 qualitas

214 1340 112 42 tamen
288 1340 100 42 bene
351 1340 137 42 tenemus
450 1340 87 42 dan
500 1340 137 42 minimum
587 1340 137 42 alteratum

218 1373 105 39 quia
284 1373 79 39 in
323 1373 145 39 talibus
428 1373 118 39 datur
507 1373 105 39 bene
573 1373 145 39 minimum
665 1373 66 39 quo

216 1405 71 36 ad
252 1405 165 36 subiectum,
382 1405 83 36 non
429 1405 106 36 tamen
500 1405 130 36 quantum
594 1405 71 36 ad
618 1405 106 36 formam,

215 1436 80 38 Et.
260 1436 69 38 si
295 1436 149 38 adducatur
410 1436 161 38 authoritas
536 1436 92 38 Com.
594 1436 80 38 in.
640 1436 69 38 S.
663 1436 57 38 phy

218 1471 82 38 com.
269 1471 72 38 22.
310 1471 72 38 vbi
351 1471 92 38 dicit
412 1471 82 38 quod
463 1471 61 38 in
494 1471 82 38 omni
545 1471 82 38 motu
596 1471 72 38 est
637 1471 82 38 dare
678 1471 51 38 pri

210 1501 103 38 mum:
274 1501 64 38 &
300 1501 90 38 per
351 1501 179 38 consequens
492 1501 77 38 in
531 1501 103 38 motu
582 1501 141 38 alteratio

215 1538 87 32 nis
264 1538 87 32 est
314 1538 99 32 dare
376 1538 136 32 primum,
475 1538 62 32 &
500 1538 87 32 ita
549 1538 136 32 dabitur
636 1538 99 32 minima

209 1564 84 38 qua
257 1564 119 38 litas.
340 1564 72 38 Ad
376 1564 84 38 hoc
424 1564 131 38 dicimus
519 1564 95 38 quod
579 1564 95 38 bene
639 1564 72 38 in
662 1564 72 38 omni

218 1595 95 39 motu
277 1595 83 39 est
325 1595 95 39 dare
384 1595 130 39 primum,
479 1595 107 39 verum
550 1595 83 39 est
598 1595 130 39 quantum
681 1595 47 39 ad

212 1634 128 32 subiectum,
313 1634 64 32 non
349 1634 82 32 autem
404 1634 156 32 vniversaliter
532 1634 64 32 hoc
569 1634 64 32 est
606 1634 82 32 verum
652 1634 82 32 quantum

219 1661 67 36 ad
252 1661 123 36 formam,
342 1661 56 36 &
364 1661 78 36 ita
409 1661 123 36 dicimus
498 1661 89 36 quod
554 1661 67 36 in
588 1661 89 36 motu
632 1661 101 36 altera-

218 1694 119 36 tionis
301 1694 83 36 est
349 1694 95 36 dare
408 1694 119 36 primum
491 1694 166 36 alteratum,
622 1694 83 36 non
658 1694 71 36 pri-

219 1726 86 36 mam
268 1726 172 36 qualitatem
403 1726 86 36 per
452 1726 197 36 alterationem
600 1726 135 36 inductam.

223 1760 58 35 &
247 1760 82 35 per
293 1760 105 35 istam
364 1760 117 35 glosam
445 1760 152 35 soluuntur
562 1760 105 35 omnes
621 1760 105 35 authori

218 1788 115 38 tates,
299 1788 69 38 in
334 1788 115 38 quibus
414 1788 92 38 Com.
472 1788 127 38 videtur
564 1788 115 38 ponere
633 1788 104 38 minimum

219 1821 64 37 in
251 1821 117 37 talibus
336 1821 117 37 formis,
421 1821 85 37 quae
475 1821 106 37 variae
549 1821 53 37 &
570 1821 96 37 ferem
624 1821 106 37 infinita

215 1856 106 34 sunt.
286 1856 141 34 Loquendo
392 1856 106 34 autem
463 1856 71 34 de
498 1856 118 34 formis
569 1856 165 34 materialibus

219 1888 149 34 mixtotum,
333 1888 91 34 quia
390 1888 103 34 illae
459 1888 91 34 sunt
516 1888 103 34 verae
573 1888 160 34 substantiae,

217 1917 59 53 &
241 1917 83 53 non
288 1917 189 53 intenduntur,
441 1917 106 53 neque
512 1917 189 53 remittuntur,
653 1917 83 53 tales

750 165 161 36 acquiruntur
879 165 183 36 partibiliter.
1030 165 75 36 sed
1073 165 86 36 ista
1116 165 161 36 partibilitas,

754 196 56 47 &
776 196 146 47 successio
888 196 79 47 non
933 196 101 47 habet
1001 196 123 47 attendi
1090 196 90 47 sic,
1146 196 90 47 quod
1191 196 90 47 conti-

753 231 80 40 nue
798 231 80 40 per
844 231 114 40 partem
924 231 91 40 ante
981 231 114 40 partem
1060 231 68 40 in
1095 231 137 40 infinitu
1186 231 91 40 acqui-

753 262 137 45 rantur,
852 262 87 45 sed
902 262 187 45 acquiruntur
1051 262 87 45 per
1101 262 137 45 minima.
1188 262 87 45 prius

753 293 95 35 enim
813 293 167 35 disponitur
944 293 131 35 materia
1039 293 191 35 qualitatiue,
1194 293 60 35 &
1206 293 71 35 quan

744 325 154 37 titatiue,
863 325 59 37 &
887 325 119 37 deinde
970 325 190 37 introducitur
1124 325 95 37 vnum
1171 325 107 37 minimum

747 357 122 31 formae
832 357 73 31 in
869 357 110 31 primo
943 357 86 31 non
992 357 98 31 esse
1053 357 122 31 formae
1126 357 147 31 praeceden-

747 388 98 33 tis.
808 388 61 33 &
832 388 86 33 sic
881 388 73 33 de
918 388 135 33 secundo
1016 388 122 33 minimo
1102 388 147 33 dicendum
1200 388 73 33 est.

750 420 51 37 &
770 420 71 37 sic
811 420 163 37 intelligitur
943 420 102 37 dictum
1014 420 92 37 Auer.
1075 420 71 37 hic
1116 420 132 37 dicentis,
1218 420 81 37 quod

754 453 79 30 non
799 453 124 30 cessant
889 453 113 30 partes
968 453 158 30 spermatis.
1092 453 79 30 per
1138 453 113 30 partes
1205 453 68 30 enim

747 482 158 36 spermatis,
871 482 57 36 &
894 482 90 36 hois
950 482 158 36 intelligit
1075 482 90 36 ipse
1131 482 124 36 minima,
1210 482 57 36 qua

748 512 165 33 successiue,
880 512 66 33 i.
913 512 88 33 vnum
968 512 88 33 post
1023 512 99 33 aliud
1089 512 165 33 inducuntur,
1221 512 77 33 non

750 544 169 34 successiue,
885 544 90 34 quia
942 544 147 34 continue.
1055 544 79 34 His
1100 544 113 34 igitur
1167 544 102 34 stanti-

745 576 98 35 bus,
806 576 184 35 respondetur
953 576 147 35 soluendo
1051 576 220 35 contradictionem,

755 612 85 41 per
803 612 146 41 loquendo
913 612 73 41 de
949 612 182 41 generatione
1095 612 182 41 simplicium,
1228 612 49 41 ta

747 642 86 33 lis
796 642 86 33 fit
845 642 173 33 successiue
981 642 74 33 ad
1018 642 111 33 modum
1092 642 173 33 declaratum
1215 642 62 33 ex-

755 673 69 42 hoc
795 673 89 42 tamen
854 673 69 42 non
894 673 119 42 sequetur
983 673 159 42 generationem
1112 673 89 42 illam
1172 673 79 42 esse
1221 673 69 42 mo

752 704 91 34 tum.
808 704 91 34 quia
865 704 79 34 est
910 704 136 34 fallacia
1012 704 193 34 consequentis.
1171 704 91 34 quia
1216 704 57 34 vl-

751 740 75 38 tra
794 740 203 38 diuisibilitatem
965 740 107 38 formae
1040 740 150 38 requiritur
1157 740 86 38 quod
1200 740 75 38 subie

753 768 86 34 ctum
807 768 97 34 motus
872 768 75 34 sit
915 768 75 34 ens
958 768 65 34 in
990 768 97 34 actu,
1055 768 65 34 ad
1087 768 75 34 hoc
1130 768 86 34 quod
1184 768 75 34 sit
1216 768 54 34 ve-

753 799 71 35 re
789 799 118 35 motus.
871 799 95 35 Vnde
930 799 106 35 etiam
1001 799 201 35 Linconiensis.
1167 799 71 35 i.
1190 799 83 35 poste

747 836 88 29 rio.
802 836 66 29 in
835 836 88 29 fine
890 836 110 29 illius
967 836 143 29 capituli.
1077 836 66 29 Si
1110 836 99 29 autem
1176 836 77 29 est
1209 836 66 29 idem

746 864 185 34 syllogistica
897 864 196 34 interrogatio.
1058 864 104 34 super
1128 864 92 34 isto
1174 864 104 34 exemplo

755 898 162 42 Philosophi
883 898 139 42 dicentis
987 898 104 42 ignem
1057 898 139 42 generari
1161 898 70 42 in
1184 898 93 42 multi-

753 932 119 35 plicata
840 932 140 35 analogia,
947 932 97 35 dicit
1012 932 86 35 quod
1066 932 65 35 in
1098 932 162 35 simplicibus
1217 932 54 35 for

747 961 78 40 ma
786 961 157 40 generata
904 961 131 40 induit
995 961 131 40 partem
1087 961 157 40 materiae
1192 961 78 40 post

747 994 119 37 partem
830 994 179 37 successiue:
973 994 95 37 quia
1033 994 95 37 pars
1092 994 155 37 generanti
1200 994 71 37 pro-

748 1028 146 30 pinquior
857 1028 122 30 citius
943 1028 183 30 praeparatur
1089 1028 73 30 ad
1113 1028 158 30 receptionem

750 1053 116 37 formae
831 1053 208 37 substantialis:
1005 1053 93 37 vnde
1063 1053 104 37 prius
1132 1053 127 37 recipit
1213 1053 58 37 eam

756 1088 63 41 am
787 1088 84 41 pars
839 1088 136 41 remotior.
944 1088 73 41 sed
986 1088 105 41 inquit
1059 1088 94 41 quod,
1122 1088 73 41 cum
1164 1088 84 41 pars
1206 1088 63 41 ali-

750 1125 82 34 qua
797 1125 129 34 recipit
891 1125 117 34 formam
973 1125 211 34 substantialem,
1149 1125 82 34 non
1184 1125 82 34 vltra

748 1157 129 29 recipit
842 1157 177 29 intensionem
984 1157 71 29 in
1019 1157 106 29 prima
1089 1157 106 29 forma
1148 1157 118 29 recepta.

744 1183 93 35 sed,
803 1183 70 35 si
838 1183 105 35 forma
908 1183 187 35 accidentalis
1060 1183 117 35 fuerit
1142 1183 129 35 recepta
1223 1183 47 35 in

744 1214 125 43 aliquo,
835 1214 80 43 pot
880 1214 125 43 intendi
971 1214 171 43 successiue,
1108 1214 102 43 vsque
1176 1214 68 43 ad
1199 1214 68 43 sum-

747 1252 82 34 mum
794 1252 140 34 caloris:
899 1252 58 34 &
923 1252 93 34 erit
981 1252 152 34 alteratio
1098 1252 175 34 successiua,
1238 1252 58 34 &

755 1284 76 31 per
798 1284 184 31 diuersitatem,
950 1284 54 31 &
972 1284 206 31 diuisibilitatem
1145 1284 130 31 caloris,
1243 1284 54 31 &

747 1316 101 35 etiam
814 1316 123 35 propter
903 1316 168 35 receptionem
1037 1316 112 35 partis
1116 1316 89 35 eius
1171 1316 89 35 post
1216 1316 56 35 par

746 1342 83 38 tem
794 1342 71 38 in
829 1342 107 38 parte
900 1342 95 38 sua,
960 1342 59 38 &
983 1342 95 38 hanc
1043 1342 202 38 successionem,
1197 1342 71 38 quae

747 1374 76 41 est
791 1374 76 41 per
834 1374 175 41 diuersitatem
976 1374 76 41 vel
1020 1374 207 41 diuisibilitatem
1184 1374 87 41 formae

752 1407 130 35 recepta,
850 1407 76 35 non
893 1407 98 35 habet
959 1407 185 35 generationem.
1111 1407 98 35 tamen
1165 1407 98 35 gnratio

746 1438 154 41 substantiae
869 1438 82 41 bene
920 1438 92 41 habet
981 1438 174 41 successionem,
1125 1438 82 41 quae
1176 1438 72 41 est
1217 1438 72 41 per

748 1469 200 44 diuisibilitatem
917 1469 127 44 materiae
1012 1469 158 44 recipientis
1139 1469 105 44 formam
1202 1469 63 44 sub-

751 1501 138 45 stantialem
859 1501 59 45 in
889 1501 89 45 parte
948 1501 69 45 sua
987 1501 79 45 post
1037 1501 108 45 partem.
1115 1501 59 45 Et
1145 1501 69 45 per
1184 1501 79 45 ista
1224 1501 49 45 di-

755 1532 80 37 cta
800 1532 125 37 Linconi
891 1532 102 37 ensis
959 1532 148 37 voluerunt
1073 1532 114 37 aliqui
1141 1532 137 37 concordare

755 1567 109 45 quomodo
834 1567 128 45 generatio
933 1567 69 45 sit
973 1567 148 45 successiua,
1091 1567 49 45 &
1111 1567 109 45 quomodo
1180 1567 89 45 suecef-

746 1600 110 34 sione
819 1600 123 34 caret.
905 1600 86 34 Sed
954 1600 135 34 iudicio
1052 1600 86 34 meo
1101 1600 110 34 islud
1175 1600 86 34 non
1212 1600 61 34 pot

748 1629 96 37 stare
812 1629 117 37 quantum
897 1629 64 37 ad
929 1629 106 37 omnia.
1003 1629 74 37 Nam
1046 1629 127 37 secundum
1141 1629 96 37 Auer.
1205 1629 64 37 in
1226 1629 53 37 for

755 1663 84 35 mis
803 1663 167 35 simplicium
934 1663 84 35 pot
982 1663 96 35 esse
1042 1663 155 35 successio
1161 1663 72 35 in
1185 1663 84 35 forma

754 1695 133 43 recepta.
853 1695 88 43 quia
909 1695 88 43 ipse
964 1695 99 43 tenet
1030 1695 88 43 quod
1085 1695 110 43 formae
1152 1695 121 43 elemento-

749 1725 93 45 rum
802 1725 213 45 intenduntur,
975 1725 67 45 &
1002 1725 213 45 remittuntur.
1176 1725 67 45 &
1189 1725 80 45 ideo

753 1764 109 37 adhuc
825 1764 133 37 remanet
922 1764 181 37 difficultas
1067 1764 145 37 qualiter
1164 1764 109 37 genera-

756 1792 80 34 tio
801 1792 115 34 formae
882 1792 138 34 elementi
985 1792 69 34 ab
1020 1792 172 34 alteratione
1146 1792 126 34 distingua

752 1825 87 42 tur,
807 1825 76 42 cum
850 1825 142 42 vtrobique
959 1825 76 42 sit
1003 1825 120 42 vtraque
1090 1825 153 42 successio,
1199 1825 76 42 maxi-

752 1857 68 41 me
786 1857 135 41 secundum
887 1857 135 41 secundam
989 1857 102 41 viam.
1057 1857 68 41 Et
1090 1857 124 41 propter
1181 1857 79 41 hoc
1215 1857 56 41 di-

751 1886 96 36 cimus
815 1886 86 36 quod
869 1886 160 36 differentia
997 1886 75 36 est
1040 1886 64 36 ex
1072 1886 96 36 parte
1136 1886 139 36 subiecti,
1243 1886 53 36 &

750 1924 70 31 ex
785 1924 105 31 parte
855 1924 139 31 termini.
959 1924 93 31 quia
1018 1924 151 31 subiectum
1122 1924 151 31 gnrationis,
