1416 2066
210 141 167 59 negantes
336 141 126 59 ipsum
419 141 126 59 esse,
503 141 70 59 &
531 141 139 59 dixit:
628 141 98 59 Sed
684 141 84 59 in

221 189 128 38 ipsum
306 189 114 38 esse
377 189 114 38 sunt
449 189 114 38 loca
505 189 214 38 dubitationis,

221 221 178 51 D.incoepit
361 221 153 51 numerare
476 221 115 51 illa,
552 221 64 51 &
578 221 76 51 d.
603 221 140 51 quaeritur

225 265 82 51 enim
276 265 71 51 &c.
317 265 61 51 i.
347 265 122 51 queritur
439 265 82 51 enim
490 265 92 51 vtrum
551 265 102 51 corpus
623 265 82 51 sit,
664 265 71 51 adeo,

224 304 88 46 quod
279 304 110 46 corpus
356 304 77 46 sit
401 304 99 46 locus
467 304 133 46 corporis
566 304 133 46 scilicet
655 304 77 46 adeo,

222 342 91 53 quod
278 342 80 53 sit
324 342 125 53 aliquod
415 342 125 53 corpus,
506 342 91 53 quod
563 342 125 53 dicitur
653 342 68 53 in
676 342 57 53 re-

215 381 127 45 spectu
304 381 152 45 alterius
418 381 165 45 corporis.
545 381 114 45 locus
621 381 101 45 enim
672 381 63 45 est

220 420 113 46 locus
295 420 138 46 locati,
395 420 88 46 aut
445 420 88 46 est
495 420 100 46 alia
557 420 125 46 natura
645 420 63 46 a
657 420 75 46 cor-

220 468 127 44 pore.
304 468 127 44 Qunam
389 468 127 44 primo
473 468 155 44 oportet
572 468 155 44 perseruta

224 499 75 52 ri
262 499 75 52 de
300 499 138 52 genere,
401 499 88 52 sub
451 499 88 52 quo
501 499 176 52 collocatur
627 499 88 52 locus

224 540 97 51 quid
284 540 97 51 sit.
345 540 85 51 res
393 540 97 51 enim
454 540 97 51 quae
514 540 97 51 sunt
575 540 157 51 ignoratae
684 540 48 51 de

217 576 214 55 finitionis,
388 576 243 55 perscrutandum
588 576 100 55 est
631 576 100 55 primo

221 615 87 55 de
264 615 145 55 genere
366 615 145 55 earum,
467 615 131 55 &post
554 615 87 55 de
583 615 145 55 differen

225 653 94 45 tia,
284 653 117 45 quando
366 653 129 45 vtraque
460 653 94 45 pars
518 653 187 45 definitionis
659 653 70 45 fue-

223 694 76 53 rit
266 694 108 53 ignoti
342 694 86 53 esse
396 694 130 53 scilicet
493 694 108 53 genus,
569 694 54 53 &
580 694 151 53 differentia:

228 732 115 50 sicut
305 732 90 50 est
356 732 179 50 dispositio
497 732 77 50 in
535 732 115 50 loco.
599 732 128 50 D.incoe-

223 774 94 47 pit
276 774 202 47 perscrutari
438 774 81 47 de
478 774 108 47 hoc,
545 774 67 47 &
572 774 81 47 d.
599 774 121 47 Dicamus

223 821 88 40 &c.
274 821 75 40 i.
311 821 138 40 dicamus
411 821 138 40 igitur,
511 821 138 40 quoniam
599 821 125 40 existima

222 852 87 47 tur
271 852 112 47 locus
346 852 100 47 esse
408 852 125 47 corpus
495 852 87 47 non
545 852 125 47 aliud,
620 852 112 47 quoniam

228 888 190 42 existimatur
380 888 101 42 quod
444 888 114 42 locus
520 888 114 42 habet
596 888 101 42 tres
646 888 89 42 dimen

226 933 131 38 siones,
321 933 190 38 longitudinem
476 933 143 38 scilicet
583 933 60 38 &
595 933 131 38 latitudi-

220 965 131 45 nem,
302 965 82 45 &
335 965 230 45 profundum:
515 965 82 45 &
548 965 148 45 omne,
630 965 99 45 quod

227 1006 125 45 habet
311 1006 112 45 tres
380 1006 223 45 dimensiones,
562 1006 98 45 est
604 1006 125 45 corpus:

230 1044 111 46 ergo
299 1044 124 46 locus
382 1044 97 46 est
438 1044 152 46 corpus.
548 1044 180 46 D.induxit
673 1044 55 46 im

235 1085 184 49 ossibile,
377 1085 113 49 quod
447 1085 170 49 sequitur
575 1085 85 49 ex
618 1085 99 49 hac
660 1085 71 49 po-

227 1131 159 44 sitione,
346 1131 66 44 &
372 1131 132 44 dixit:
465 1131 93 44 sed
518 1131 93 44 est
558 1131 172 44 impossibile

228 1164 76 53 vt
266 1164 89 53 sit
317 1164 139 53 corpus,
418 1164 89 53 &c.
469 1164 76 53 i.
507 1164 89 53 sed
558 1164 89 53 est
596 1164 139 53 impossibi

224 1201 82 53 le
265 1201 123 53 locum
347 1201 109 53 esse
416 1201 150 53 corpus.
525 1201 178 53 contingit
648 1201 82 53 enim

219 1252 90 44 duo
270 1252 141 44 corpora
373 1252 102 44 esse
437 1252 77 44 in
475 1252 115 44 eodem
552 1252 102 44 loco
603 1252 128 44 secundum

229 1285 232 47 penetrationem:
423 1285 142 47 quoniam
526 1285 168 47 continget
655 1285 77 47 vt
680 1285 52 47 di

222 1324 183 49 mensiones
363 1324 169 49 corporis
490 1324 141 49 locati
574 1324 155 49 penetrent

226 1359 191 44 dimensiones
379 1359 114 44 loci.
455 1359 102 44 quod
519 1359 89 44 est
557 1359 178 44 impossibile.

261 1413 178 46 Amplius,
395 1413 89 46 si
440 1413 104 46 est
499 1413 178 46 corporis
618 1413 104 46 locus

218 1436 96 62 ac
266 1436 273 62 receptaculum,
491 1436 224 62 manifestum
651 1436 80 62 est

219 1497 124 58 quod
296 1497 77 58 &
327 1497 247 58 superficiei,
527 1497 77 58 &
543 1497 185 58 reliquorum

216 1549 269 37 terminorum.
432 1549 162 37 eadem
539 1549 144 37 enim
611 1549 108 37 cont

220 1581 145 53 ueniet
322 1581 131 53 ratio
410 1581 102 53 vbi
468 1581 145 53 namque
570 1581 131 53 erant
642 1581 73 53 pri

218 1625 145 57 aquae
315 1625 162 57 plana,
428 1625 145 57 erunt
525 1625 162 57 rursum
638 1625 129 57 quae

219 1669 123 37 sunt
296 1669 154 37 aeris.
403 1669 92 37 At
449 1669 123 37 vero
511 1669 215 37 differentiam

220 1708 169 46 nullam
339 1708 186 46 habemus
474 1708 186 46 puncti,
609 1708 85 46 &
626 1708 102 46 loci

220 1749 180 54 puncti.
351 1749 164 54 quare,
465 1749 98 54 si
514 1749 147 54 neque
612 1749 98 54 ab
645 1749 82 54 hoc

222 1792 101 43 est
279 1792 130 43 locus
366 1792 188 43 diuersus,
511 1792 130 43 neque
598 1792 87 43 ab
627 1792 101 43 alio-

209 1836 121 55 rum
278 1836 155 55 vllo,
381 1836 155 55 neque
485 1836 121 55 est
537 1836 190 55 quicquam,

746 141 228 61 praeter
912 141 311 61 vnumquodque
1140 141 104 61 ho-

754 189 132 50 rum,
821 189 132 50 locus.

800 228 85 68 Et
842 228 142 68 etiam,
941 228 85 68 si
984 228 142 68 corpus
1083 228 127 68 habet
1154 228 113 68 locum,

745 276 224 62 manifestum
921 276 112 62 est
985 276 128 62 quod
1064 276 160 62 planum
1160 276 112 62 etiam

751 322 148 56 habet
849 322 164 56 locum,
964 322 82 56 &
997 322 131 56 alia
1079 322 180 56 vltima,
1210 322 82 56 &

752 372 122 65 quod
828 372 122 65 illa
904 372 137 65 eadem
996 372 137 65 ratio
1088 372 183 65 sequitur
1210 372 61 65 in

746 420 149 65 istis.
850 420 104 65 vbi
910 420 119 65 enim
984 420 134 65 primo
1074 420 164 65 fuerunt
1178 420 89 65 su

748 469 182 61 perficies
888 469 140 61 aquae,
986 469 126 61 illic
1070 469 126 61 etiam
1154 469 112 61 sunt
1210 469 56 61 su

747 517 181 61 perficies
886 517 139 61 aeris.
983 517 97 61 Sed
1039 517 125 61 nulla
1108 517 153 61 differen-

744 565 104 62 tia
804 565 104 62 est
863 565 119 62 apud
938 565 104 62 nos
997 565 134 62 inter
1086 565 179 62 punctum,
1205 565 60 62 et

749 613 127 69 locum
834 613 156 69 puncti.
947 613 85 69 si
989 613 141 69 igitur
1088 613 127 69 locus
1159 613 99 69 pucti

742 661 109 62 non
805 661 109 62 est
867 661 140 62 aliud
960 661 125 62 quam
1038 661 187 62 punctus.
1163 661 93 62 ergo

745 708 140 66 neque
839 708 140 66 locus
932 708 187 66 alicuius
1072 708 171 66 aliorum
1181 708 78 66 est

746 756 137 54 aliud
837 756 92 54 ab
883 756 122 54 eis,
960 756 76 54 &
990 756 137 54 locus
1082 756 137 54 nihil
1158 756 107 54 aliud

757 805 116 62 est,
829 805 116 62 quam
902 805 189 62 quodlibet
1032 805 145 62 istorum.

791 852 109 46 Ista
859 852 95 46 est
914 852 122 46 quasi
995 852 217 46 ratiocinatio
1172 852 95 46 per
1213 852 54 46 se

756 893 177 45 destruens
893 893 123 45 locum
975 893 123 45 esse:
1056 893 68 45 &
1084 893 164 45 incoepit
1193 893 68 45 ser

745 940 148 47 monem
843 940 82 47 a
876 940 231 47 syllogismo
1041 940 214 47 hypothetico

755 974 169 48 continuo,
885 974 143 48 dicente
989 974 78 48 si
1029 974 130 48 corpus
1120 974 91 48 sit
1159 974 91 48 locus

748 1013 103 49 &c.
807 1013 73 49 &
836 1013 176 49 intendit
968 1013 103 49 per
1027 1013 146 49 planum
1115 1013 146 49 superfi-

754 1053 130 50 ciem,
840 1053 72 50 &
869 1053 101 50 per
927 1053 115 50 alia
999 1053 144 50 vltima
1099 1053 159 50 lineam,
1215 1053 72 50 &

757 1092 165 49 punctum.
881 1092 207 49 superficies
1046 1092 110 49 enim
1115 1092 96 49 est
1157 1092 96 49 vlti-

748 1132 119 51 mum
816 1132 221 51 corporis.
986 1132 170 51 Deinde
1087 1132 170 51 incoepit

748 1172 176 38 declarare
884 1172 244 38 continuationem
1087 1172 136 38 istius
1169 1172 81 38 syl-

753 1209 162 42 logismi,
874 1209 68 42 &
901 1209 135 42 dixit:
996 1209 95 42 vbi
1050 1209 95 42 eni
1104 1209 122 42 primo
1171 1209 81 42 fue-

749 1245 123 45 runt.
831 1245 96 45 &c.
886 1245 82 45 i.
927 1245 123 45 illud
1009 1245 123 45 enim,
1091 1245 109 45 quod
1146 1245 109 45 sequi-

752 1286 93 44 tut
805 1286 79 44 ex
844 1286 212 44 translatione
1017 1286 79 44 in
1056 1286 106 44 hoc,
1123 1286 106 44 quod
1176 1286 79 44 cor-

753 1325 104 53 pus
812 1325 133 53 habet
901 1325 148 53 locum,
1005 1325 119 53 idem
1079 1325 178 53 sequitur
1213 1325 89 53 in

748 1368 106 42 hoc,
814 1368 106 42 quod
880 1368 198 42 superficies
1038 1368 132 42 habeat
1131 1368 132 42 locum,
1223 1368 66 42 &

744 1405 152 54 linea,
850 1405 76 54 &
880 1405 182 54 punctus.
1017 1405 228 54 Syllogismus
1184 1405 76 54 sic

751 1445 217 51 componitur.
924 1445 232 51 Superficies,
1112 1445 72 51 &
1127 1445 130 51 vniuer-

744 1483 162 55 saliter
862 1483 148 55 vltima
966 1483 177 55 corporum
1099 1483 103 55 ita
1143 1483 118 55 succe-

744 1529 117 44 dunt
818 1529 132 44 super
905 1529 132 44 idem,
993 1529 132 44 sicut
1081 1529 161 44 corpus:
1184 1529 73 44 &om

745 1561 86 54 ne,
794 1561 98 54 quod
855 1561 86 54 est
905 1561 111 54 tale,
978 1561 86 54 est
1027 1561 74 54 in
1064 1561 111 54 loco:
1138 1561 98 54 ergo
1187 1561 74 54 su

754 1599 185 43 perficies,
899 1599 66 43 &
926 1599 132 43 vltima
1019 1599 106 43 sunt
1085 1599 79 43 in
1125 1599 119 43 loco.
1191 1599 66 43 De-

746 1639 123 48 inde
823 1639 169 48 induxit
946 1639 261 48 conclusionem,
1161 1639 77 48 &
1176 1639 77 48 di-

750 1678 106 44 xit:
816 1678 93 44 Sed
869 1678 93 44 non
922 1678 93 44 est
975 1678 212 44 differentia,
1133 1678 106 44 &caet.

770 1719 83 43 Et
812 1719 111 43 ista
881 1719 181 43 conclusio
1021 1719 167 43 sequitur
1146 1719 83 43 ex
1174 1719 83 43 dua-

750 1757 102 52 bus
809 1757 277 52 propositionibus
1027 1757 219 52 hypotheticis,

750 1796 77 38 &
780 1796 154 38 duabus
889 1796 247 38 cateporicis.
1089 1796 139 38 Prima
1166 1796 93 38 enim

750 1828 212 63 hypothetica
920 1828 113 63 est,
990 1828 170 63 quoniam,
1118 1828 85 63 si
1146 1828 113 63 vltima
