<?xml version="1.0" encoding="UTF-8"?>
<alto xmlns:xsi="http://www.w3.org/2001/XMLSchema-instance"
      xmlns="http://www.loc.gov/standards/alto/ns-v2#"
      xmlns:page="http://schema.primaresearch.org/PAGE/gts/pagecontent/2013-07-15"
      xsi:schemaLocation="http://www.loc.gov/standards/alto/ns-v2# http://www.loc.gov/standards/alto/alto.xsd">
   <Description>
      <MeasurementUnit>pixel</MeasurementUnit>
      <OCRProcessing ID="IdOcr">
         <ocrProcessingStep>
            <processingDateTime>2021-02-13T08:25:28.259-05:00</processingDateTime>
            <processingSoftware>
               <softwareCreator>READ COOP</softwareCreator>
               <softwareName>Transkribus</softwareName>
            </processingSoftware>
         </ocrProcessingStep>
      </OCRProcessing>
   </Description>
   <Tags/>
   <Layout>
      <Page ID="Page1" PHYSICAL_IMG_NR="1" HEIGHT="2066" WIDTH="1416">
         <TopMargin HEIGHT="0" WIDTH="1416" VPOS="0" HPOS="0"/>
         <LeftMargin HEIGHT="2066" WIDTH="0" VPOS="0" HPOS="0"/>
         <RightMargin HEIGHT="2066" WIDTH="0" VPOS="0" HPOS="1416"/>
         <BottomMargin HEIGHT="0" WIDTH="1416" VPOS="2066" HPOS="0"/>
         <PrintSpace HEIGHT="2066" WIDTH="1416" VPOS="0" HPOS="0">
            <TextBlock ID="TextRegion_1610832829448_1520"
                       HEIGHT="1745"
                       WIDTH="516"
                       VPOS="141"
                       HPOS="158">
               <Shape>
                  <Polygon POINTS="158,141 674,141 674,1886 158,1886"/>
               </Shape>
               <TextLine ID="line_1610832829536_1523"
                         BASELINE="242"
                         HEIGHT="61"
                         WIDTH="517"
                         VPOS="181"
                         HPOS="153">
                  <String HEIGHT="61" WIDTH="117" VPOS="181" HPOS="136" CONTENT="cum"/>
                  <SP HEIGHT="61" WIDTH="17" VPOS="181" HPOS="253"/>
                  <String HEIGHT="61"
                          WIDTH="133"
                          VPOS="181"
                          HPOS="203"
                          CONTENT="dico"/>
                  <SP HEIGHT="61" WIDTH="17" VPOS="181" HPOS="336"/>
                  <String HEIGHT="61"
                          WIDTH="217"
                          VPOS="181"
                          HPOS="286"
                          CONTENT="generatum"/>
                  <SP HEIGHT="61" WIDTH="17" VPOS="181" HPOS="503"/>
                  <String HEIGHT="61"
                          WIDTH="200"
                          VPOS="181"
                          HPOS="453"
                          CONTENT="simplex,"/>
                  <SP HEIGHT="61" WIDTH="17" VPOS="181" HPOS="653"/>
                  <String HEIGHT="61"
                          WIDTH="83"
                          VPOS="181"
                          HPOS="587"
                          CONTENT="ho"
                          SUBS_TYPE="HypPart1"
                          SUBS_CONTENT="hominem,"/>
                  <HYP CONTENT="-"/>
               </TextLine>
               <TextLine ID="r2l3"
                         BASELINE="291"
                         HEIGHT="56"
                         WIDTH="498"
                         VPOS="235"
                         HPOS="169">
                  <String HEIGHT="56"
                          WIDTH="178"
                          VPOS="235"
                          HPOS="151"
                          CONTENT="minem,"
                          SUBS_TYPE="HypPart2"
                          SUBS_CONTENT="hominem,"/>
                  <SP HEIGHT="56" WIDTH="18" VPOS="235" HPOS="329"/>
                  <String HEIGHT="56" WIDTH="89" VPOS="235" HPOS="276" CONTENT="&amp;"/>
                  <SP HEIGHT="56" WIDTH="18" VPOS="235" HPOS="365"/>
                  <String HEIGHT="56" WIDTH="125" VPOS="235" HPOS="311" CONTENT="non"/>
                  <SP HEIGHT="56" WIDTH="18" VPOS="235" HPOS="436"/>
                  <String HEIGHT="56"
                          WIDTH="213"
                          VPOS="235"
                          HPOS="382"
                          CONTENT="musicum:"/>
                  <SP HEIGHT="56" WIDTH="18" VPOS="235" HPOS="596"/>
                  <String HEIGHT="56" WIDTH="89" VPOS="235" HPOS="543" CONTENT="&amp;"/>
                  <SP HEIGHT="56" WIDTH="18" VPOS="235" HPOS="631"/>
                  <String HEIGHT="56" WIDTH="125" VPOS="235" HPOS="578" CONTENT="in¬"/>
                  <SP HEIGHT="56" WIDTH="18" VPOS="235" HPOS="703"/>
                  <String HEIGHT="56" WIDTH="36" VPOS="235" HPOS="631" CONTENT=""/>
               </TextLine>
               <TextLine ID="r2l4"
                         BASELINE="339"
                         HEIGHT="63"
                         WIDTH="496"
                         VPOS="276"
                         HPOS="165">
                  <String HEIGHT="63"
                          WIDTH="186"
                          VPOS="276"
                          HPOS="150"
                          CONTENT="telligo,"/>
                  <SP HEIGHT="63" WIDTH="16" VPOS="276" HPOS="336"/>
                  <String HEIGHT="63" WIDTH="109" VPOS="276" HPOS="289" CONTENT="cum"/>
                  <SP HEIGHT="63" WIDTH="16" VPOS="276" HPOS="398"/>
                  <String HEIGHT="63"
                          WIDTH="124"
                          VPOS="276"
                          HPOS="351"
                          CONTENT="dico"/>
                  <SP HEIGHT="63" WIDTH="16" VPOS="276" HPOS="475"/>
                  <String HEIGHT="63"
                          WIDTH="202"
                          VPOS="276"
                          HPOS="429"
                          CONTENT="generatum"/>
                  <SP HEIGHT="63" WIDTH="16" VPOS="276" HPOS="630"/>
                  <String HEIGHT="63"
                          WIDTH="93"
                          VPOS="276"
                          HPOS="568"
                          CONTENT="sim"
                          SUBS_TYPE="HypPart1"
                          SUBS_CONTENT="simplex,"/>
                  <HYP CONTENT="-"/>
               </TextLine>
               <TextLine ID="r2l5"
                         BASELINE="386"
                         HEIGHT="61"
                         WIDTH="516"
                         VPOS="325"
                         HPOS="158">
                  <String HEIGHT="61"
                          WIDTH="155"
                          VPOS="325"
                          HPOS="141"
                          CONTENT="plex,"
                          SUBS_TYPE="HypPart2"
                          SUBS_CONTENT="simplex,"/>
                  <SP HEIGHT="61" WIDTH="17" VPOS="325" HPOS="296"/>
                  <String HEIGHT="61"
                          WIDTH="189"
                          VPOS="325"
                          HPOS="244"
                          CONTENT="hominem"/>
                  <SP HEIGHT="61" WIDTH="17" VPOS="325" HPOS="433"/>
                  <String HEIGHT="61"
                          WIDTH="206"
                          VPOS="325"
                          HPOS="382"
                          CONTENT="musicum:"/>
                  <SP HEIGHT="61" WIDTH="17" VPOS="325" HPOS="588"/>
                  <String HEIGHT="61" WIDTH="86" VPOS="325" HPOS="536" CONTENT="&amp;"/>
                  <SP HEIGHT="61" WIDTH="17" VPOS="325" HPOS="622"/>
                  <String HEIGHT="61"
                          WIDTH="120"
                          VPOS="325"
                          HPOS="554"
                          CONTENT="intel"/>
               </TextLine>
               <TextLine ID="r2l6"
                         BASELINE="435"
                         HEIGHT="53"
                         WIDTH="501"
                         VPOS="382"
                         HPOS="166">
                  <String HEIGHT="53"
                          WIDTH="129"
                          VPOS="382"
                          HPOS="150"
                          CONTENT="ligo"/>
                  <SP HEIGHT="53" WIDTH="16" VPOS="382" HPOS="279"/>
                  <String HEIGHT="53"
                          WIDTH="145"
                          VPOS="382"
                          HPOS="231"
                          CONTENT="etiam"/>
                  <SP HEIGHT="53" WIDTH="16" VPOS="382" HPOS="376"/>
                  <String HEIGHT="53" WIDTH="113" VPOS="382" HPOS="328" CONTENT="per"/>
                  <SP HEIGHT="53" WIDTH="16" VPOS="382" HPOS="441"/>
                  <String HEIGHT="53"
                          WIDTH="210"
                          VPOS="382"
                          HPOS="392"
                          CONTENT="generatum"/>
                  <SP HEIGHT="53" WIDTH="16" VPOS="382" HPOS="602"/>
                  <String HEIGHT="53"
                          WIDTH="129"
                          VPOS="382"
                          HPOS="538"
                          CONTENT="compo"
                          SUBS_TYPE="HypPart1"
                          SUBS_CONTENT="compositum,"/>
                  <HYP CONTENT="-"/>
               </TextLine>
               <TextLine ID="r2l7"
                         BASELINE="477"
                         HEIGHT="56"
                         WIDTH="492"
                         VPOS="421"
                         HPOS="171">
                  <String HEIGHT="56"
                          WIDTH="159"
                          VPOS="421"
                          HPOS="155"
                          CONTENT="situm,"
                          SUBS_TYPE="HypPart2"
                          SUBS_CONTENT="compositum,"/>
                  <SP HEIGHT="56" WIDTH="16" VPOS="421" HPOS="314"/>
                  <String HEIGHT="56"
                          WIDTH="175"
                          VPOS="421"
                          HPOS="266"
                          CONTENT="hominem"/>
                  <SP HEIGHT="56" WIDTH="16" VPOS="421" HPOS="441"/>
                  <String HEIGHT="56" WIDTH="111" VPOS="421" HPOS="393" CONTENT="non"/>
                  <SP HEIGHT="56" WIDTH="16" VPOS="421" HPOS="504"/>
                  <String HEIGHT="56"
                          WIDTH="175"
                          VPOS="421"
                          HPOS="457"
                          CONTENT="musicum"/>
                  <SP HEIGHT="56" WIDTH="16" VPOS="421" HPOS="631"/>
                  <String HEIGHT="56"
                          WIDTH="95"
                          VPOS="421"
                          HPOS="568"
                          CONTENT="fie"
                          SUBS_TYPE="HypPart1"
                          SUBS_CONTENT="fieri"/>
                  <HYP CONTENT="-"/>
               </TextLine>
               <TextLine ID="r2l8"
                         BASELINE="515"
                         HEIGHT="48"
                         WIDTH="508"
                         VPOS="467"
                         HPOS="167">
                  <String HEIGHT="48"
                          WIDTH="98"
                          VPOS="467"
                          HPOS="151"
                          CONTENT="ri"
                          SUBS_TYPE="HypPart2"
                          SUBS_CONTENT="fieri"/>
                  <SP HEIGHT="48" WIDTH="16" VPOS="467" HPOS="249"/>
                  <String HEIGHT="48"
                          WIDTH="180"
                          VPOS="467"
                          HPOS="200"
                          CONTENT="hominem"/>
                  <SP HEIGHT="48" WIDTH="16" VPOS="467" HPOS="380"/>
                  <String HEIGHT="48"
                          WIDTH="197"
                          VPOS="467"
                          HPOS="331"
                          CONTENT="musicum."/>
                  <SP HEIGHT="48" WIDTH="16" VPOS="467" HPOS="528"/>
                  <String HEIGHT="48" WIDTH="115" VPOS="467" HPOS="478" CONTENT="Sed"/>
                  <SP HEIGHT="48" WIDTH="16" VPOS="467" HPOS="593"/>
                  <String HEIGHT="48"
                          WIDTH="147"
                          VPOS="467"
                          HPOS="528"
                          CONTENT="alterum"/>
               </TextLine>
               <TextLine ID="r2l9"
                         BASELINE="564"
                         HEIGHT="56"
                         WIDTH="501"
                         VPOS="508"
                         HPOS="166">
                  <String HEIGHT="56"
                          WIDTH="139"
                          VPOS="508"
                          HPOS="152"
                          CONTENT="duorum"/>
                  <SP HEIGHT="56" WIDTH="14" VPOS="508" HPOS="291"/>
                  <String HEIGHT="56"
                          WIDTH="153"
                          VPOS="508"
                          HPOS="249"
                          CONTENT="illorum"/>
                  <SP HEIGHT="56" WIDTH="14" VPOS="508" HPOS="403"/>
                  <String HEIGHT="56"
                          WIDTH="153"
                          VPOS="508"
                          HPOS="361"
                          CONTENT="dicitur"/>
                  <SP HEIGHT="56" WIDTH="14" VPOS="508" HPOS="514"/>
                  <String HEIGHT="56"
                          WIDTH="125"
                          VPOS="508"
                          HPOS="472"
                          CONTENT="fieri"/>
                  <SP HEIGHT="56" WIDTH="14" VPOS="508" HPOS="597"/>
                  <String HEIGHT="56" WIDTH="84" VPOS="508" HPOS="556" CONTENT="ex"/>
                  <SP HEIGHT="56" WIDTH="14" VPOS="508" HPOS="639"/>
                  <String HEIGHT="56" WIDTH="84" VPOS="508" HPOS="584" CONTENT="hoc,"/>
               </TextLine>
               <TextLine ID="r2l10"
                         BASELINE="610"
                         HEIGHT="46"
                         WIDTH="512"
                         VPOS="564"
                         HPOS="162">
                  <String HEIGHT="46" WIDTH="69" VPOS="564" HPOS="148" CONTENT="&amp;"/>
                  <SP HEIGHT="46" WIDTH="14" VPOS="564" HPOS="217"/>
                  <String HEIGHT="46"
                          WIDTH="125"
                          VPOS="564"
                          HPOS="176"
                          CONTENT="fieri"/>
                  <SP HEIGHT="46" WIDTH="14" VPOS="564" HPOS="300"/>
                  <String HEIGHT="46"
                          WIDTH="111"
                          VPOS="564"
                          HPOS="259"
                          CONTENT="hoc."/>
                  <SP HEIGHT="46" WIDTH="14" VPOS="564" HPOS="370"/>
                  <String HEIGHT="46"
                          WIDTH="152"
                          VPOS="564"
                          HPOS="328"
                          CONTENT="dicimus"/>
                  <SP HEIGHT="46" WIDTH="14" VPOS="564" HPOS="480"/>
                  <String HEIGHT="46"
                          WIDTH="111"
                          VPOS="564"
                          HPOS="439"
                          CONTENT="enim"/>
                  <SP HEIGHT="46" WIDTH="14" VPOS="564" HPOS="549"/>
                  <String HEIGHT="46"
                          WIDTH="111"
                          VPOS="564"
                          HPOS="508"
                          CONTENT="quod"/>
                  <SP HEIGHT="46" WIDTH="14" VPOS="564" HPOS="619"/>
                  <String HEIGHT="46" WIDTH="83" VPOS="564" HPOS="577" CONTENT="ex"/>
                  <SP HEIGHT="46" WIDTH="14" VPOS="564" HPOS="660"/>
                  <String HEIGHT="46" WIDTH="69" VPOS="564" HPOS="605" CONTENT="non"/>
               </TextLine>
               <TextLine ID="r2l11"
                         BASELINE="666"
                         HEIGHT="54"
                         WIDTH="502"
                         VPOS="612"
                         HPOS="165">
                  <String HEIGHT="54"
                          WIDTH="152"
                          VPOS="612"
                          HPOS="150"
                          CONTENT="musico"/>
                  <SP HEIGHT="54" WIDTH="15" VPOS="612" HPOS="302"/>
                  <String HEIGHT="54" WIDTH="106" VPOS="612" HPOS="256" CONTENT="fit"/>
                  <SP HEIGHT="54" WIDTH="15" VPOS="612" HPOS="363"/>
                  <String HEIGHT="54"
                          WIDTH="183"
                          VPOS="612"
                          HPOS="317"
                          CONTENT="musicus,"/>
                  <SP HEIGHT="54" WIDTH="15" VPOS="612" HPOS="500"/>
                  <String HEIGHT="54" WIDTH="106" VPOS="612" HPOS="454" CONTENT="aut"/>
                  <SP HEIGHT="54" WIDTH="15" VPOS="612" HPOS="561"/>
                  <String HEIGHT="54" WIDTH="106" VPOS="612" HPOS="515" CONTENT="non"/>
                  <SP HEIGHT="54" WIDTH="15" VPOS="612" HPOS="621"/>
                  <String HEIGHT="54"
                          WIDTH="106"
                          VPOS="612"
                          HPOS="561"
                          CONTENT="musi"
                          SUBS_TYPE="HypPart1"
                          SUBS_CONTENT="musicus"/>
                  <HYP CONTENT="-"/>
               </TextLine>
               <TextLine ID="r2l12"
                         BASELINE="706"
                         HEIGHT="49"
                         WIDTH="506"
                         VPOS="657"
                         HPOS="166">
                  <String HEIGHT="49"
                          WIDTH="104"
                          VPOS="657"
                          HPOS="151"
                          CONTENT="cus"
                          SUBS_TYPE="HypPart2"
                          SUBS_CONTENT="musicus"/>
                  <SP HEIGHT="49" WIDTH="15" VPOS="657" HPOS="255"/>
                  <String HEIGHT="49" WIDTH="104" VPOS="657" HPOS="211" CONTENT="sit"/>
                  <SP HEIGHT="49" WIDTH="15" VPOS="657" HPOS="315"/>
                  <String HEIGHT="49"
                          WIDTH="179"
                          VPOS="657"
                          HPOS="270"
                          CONTENT="musicus,"/>
                  <SP HEIGHT="49" WIDTH="15" VPOS="657" HPOS="449"/>
                  <String HEIGHT="49"
                          WIDTH="179"
                          VPOS="657"
                          HPOS="404"
                          CONTENT="reliquum"/>
                  <SP HEIGHT="49" WIDTH="15" VPOS="657" HPOS="583"/>
                  <String HEIGHT="49"
                          WIDTH="119"
                          VPOS="657"
                          HPOS="538"
                          CONTENT="vero"/>
                  <SP HEIGHT="49" WIDTH="15" VPOS="657" HPOS="657"/>
                  <String HEIGHT="49" WIDTH="74" VPOS="657" HPOS="598" CONTENT="non"/>
               </TextLine>
               <TextLine ID="r2l13"
                         BASELINE="767"
                         HEIGHT="67"
                         WIDTH="501"
                         VPOS="700"
                         HPOS="170">
                  <String HEIGHT="67" WIDTH="88" VPOS="700" HPOS="155" CONTENT="in"/>
                  <SP HEIGHT="67" WIDTH="15" VPOS="700" HPOS="244"/>
                  <String HEIGHT="67"
                          WIDTH="118"
                          VPOS="700"
                          HPOS="199"
                          CONTENT="omni"/>
                  <SP HEIGHT="67" WIDTH="15" VPOS="700" HPOS="317"/>
                  <String HEIGHT="67"
                          WIDTH="162"
                          VPOS="700"
                          HPOS="273"
                          CONTENT="dicitur"/>
                  <SP HEIGHT="67" WIDTH="15" VPOS="700" HPOS="435"/>
                  <String HEIGHT="67"
                          WIDTH="192"
                          VPOS="700"
                          HPOS="391"
                          CONTENT="vtrunque."/>
                  <SP HEIGHT="67" WIDTH="15" VPOS="700" HPOS="583"/>
                  <String HEIGHT="67" WIDTH="103" VPOS="700" HPOS="538" CONTENT="non"/>
                  <SP HEIGHT="67" WIDTH="15" VPOS="700" HPOS="642"/>
                  <String HEIGHT="67" WIDTH="88" VPOS="700" HPOS="583" CONTENT="enim"/>
               </TextLine>
               <TextLine ID="line_1610832829537_1525"
                         BASELINE="811"
                         HEIGHT="64"
                         WIDTH="508"
                         VPOS="747"
                         HPOS="153">
                  <String HEIGHT="64"
                          WIDTH="175"
                          VPOS="747"
                          HPOS="137"
                          CONTENT="dicimus"/>
                  <SP HEIGHT="64" WIDTH="16" VPOS="747" HPOS="312"/>
                  <String HEIGHT="64"
                          WIDTH="127"
                          VPOS="747"
                          HPOS="264"
                          CONTENT="quod"/>
                  <SP HEIGHT="64" WIDTH="16" VPOS="747" HPOS="391"/>
                  <String HEIGHT="64" WIDTH="95" VPOS="747" HPOS="344" CONTENT="ex"/>
                  <SP HEIGHT="64" WIDTH="16" VPOS="747" HPOS="439"/>
                  <String HEIGHT="64"
                          WIDTH="159"
                          VPOS="747"
                          HPOS="391"
                          CONTENT="homine"/>
                  <SP HEIGHT="64" WIDTH="16" VPOS="747" HPOS="550"/>
                  <String HEIGHT="64" WIDTH="111" VPOS="747" HPOS="502" CONTENT="fit"/>
                  <SP HEIGHT="64" WIDTH="16" VPOS="747" HPOS="613"/>
                  <String HEIGHT="64"
                          WIDTH="111"
                          VPOS="747"
                          HPOS="550"
                          CONTENT="musi"
                          SUBS_TYPE="HypPart1"
                          SUBS_CONTENT="musicus,"/>
                  <HYP CONTENT="-"/>
               </TextLine>
               <TextLine ID="r2l15"
                         BASELINE="858"
                         HEIGHT="61"
                         WIDTH="377"
                         VPOS="797"
                         HPOS="168">
                  <String HEIGHT="61"
                          WIDTH="116"
                          VPOS="797"
                          HPOS="154"
                          CONTENT="cus,"
                          SUBS_TYPE="HypPart2"
                          SUBS_CONTENT="musicus,"/>
                  <SP HEIGHT="61" WIDTH="15" VPOS="797" HPOS="270"/>
                  <String HEIGHT="61" WIDTH="102" VPOS="797" HPOS="226" CONTENT="sed"/>
                  <SP HEIGHT="61" WIDTH="15" VPOS="797" HPOS="328"/>
                  <String HEIGHT="61"
                          WIDTH="116"
                          VPOS="797"
                          HPOS="284"
                          CONTENT="homo"/>
                  <SP HEIGHT="61" WIDTH="15" VPOS="797" HPOS="400"/>
                  <String HEIGHT="61" WIDTH="102" VPOS="797" HPOS="357" CONTENT="fit"/>
                  <SP HEIGHT="61" WIDTH="15" VPOS="797" HPOS="458"/>
                  <String HEIGHT="61"
                          WIDTH="145"
                          VPOS="797"
                          HPOS="400"
                          CONTENT="musicus."/>
               </TextLine>
               <TextLine ID="r2l17"
                         BASELINE="922"
                         HEIGHT="46"
                         WIDTH="469"
                         VPOS="876"
                         HPOS="207">
                  <String HEIGHT="46" WIDTH="83" VPOS="876" HPOS="193" CONTENT="Et"/>
                  <SP HEIGHT="46" WIDTH="14" VPOS="876" HPOS="276"/>
                  <String HEIGHT="46" WIDTH="97" VPOS="876" HPOS="235" CONTENT="est"/>
                  <SP HEIGHT="46" WIDTH="14" VPOS="876" HPOS="331"/>
                  <String HEIGHT="46"
                          WIDTH="207"
                          VPOS="876"
                          HPOS="290"
                          CONTENT="manifestum,"/>
                  <SP HEIGHT="46" WIDTH="14" VPOS="876" HPOS="497"/>
                  <String HEIGHT="46"
                          WIDTH="110"
                          VPOS="876"
                          HPOS="455"
                          CONTENT="quod"/>
                  <SP HEIGHT="46" WIDTH="14" VPOS="876" HPOS="566"/>
                  <String HEIGHT="46"
                          WIDTH="152"
                          VPOS="876"
                          HPOS="524"
                          CONTENT="aliquid"/>
                  <SP HEIGHT="46" WIDTH="14" VPOS="876" HPOS="676"/>
                  <String HEIGHT="46" WIDTH="55" VPOS="876" HPOS="621" CONTENT="ge"/>
               </TextLine>
               <TextLine ID="r2l18"
                         BASELINE="967"
                         HEIGHT="50"
                         WIDTH="500"
                         VPOS="917"
                         HPOS="168">
                  <String HEIGHT="50"
                          WIDTH="145"
                          VPOS="917"
                          HPOS="155"
                          CONTENT="neratur"/>
                  <SP HEIGHT="50" WIDTH="13" VPOS="917" HPOS="300"/>
                  <String HEIGHT="50" WIDTH="79" VPOS="917" HPOS="260" CONTENT="ex"/>
                  <SP HEIGHT="50" WIDTH="13" VPOS="917" HPOS="339"/>
                  <String HEIGHT="50"
                          WIDTH="145"
                          VPOS="917"
                          HPOS="300"
                          CONTENT="aliquo,"/>
                  <SP HEIGHT="50" WIDTH="13" VPOS="917" HPOS="444"/>
                  <String HEIGHT="50" WIDTH="92" VPOS="917" HPOS="405" CONTENT="aut"/>
                  <SP HEIGHT="50" WIDTH="13" VPOS="917" HPOS="497"/>
                  <String HEIGHT="50" WIDTH="79" VPOS="917" HPOS="457" CONTENT="ab"/>
                  <SP HEIGHT="50" WIDTH="13" VPOS="917" HPOS="536"/>
                  <String HEIGHT="50"
                          WIDTH="145"
                          VPOS="917"
                          HPOS="497"
                          CONTENT="aliquo."/>
                  <SP HEIGHT="50" WIDTH="13" VPOS="917" HPOS="642"/>
                  <String HEIGHT="50" WIDTH="66" VPOS="917" HPOS="602" CONTENT="&amp;"/>
                  <SP HEIGHT="50" WIDTH="13" VPOS="917" HPOS="668"/>
                  <String HEIGHT="50" WIDTH="53" VPOS="917" HPOS="615" CONTENT="in"/>
               </TextLine>
               <TextLine ID="r2l19"
                         BASELINE="995"
                         HEIGHT="36"
                         WIDTH="506"
                         VPOS="959"
                         HPOS="167">
                  <String HEIGHT="36"
                          WIDTH="169"
                          VPOS="959"
                          HPOS="153"
                          CONTENT="tendimus"/>
                  <SP HEIGHT="36" WIDTH="14" VPOS="959" HPOS="322"/>
                  <String HEIGHT="36"
                          WIDTH="155"
                          VPOS="959"
                          HPOS="279"
                          CONTENT="alteram"/>
                  <SP HEIGHT="36" WIDTH="14" VPOS="959" HPOS="434"/>
                  <String HEIGHT="36"
                          WIDTH="141"
                          VPOS="959"
                          HPOS="392"
                          CONTENT="duarum"/>
                  <SP HEIGHT="36" WIDTH="14" VPOS="959" HPOS="532"/>
                  <String HEIGHT="36"
                          WIDTH="197"
                          VPOS="959"
                          HPOS="476"
                          CONTENT="intentionum,"/>
               </TextLine>
               <TextLine ID="r2l20"
                         BASELINE="1042"
                         HEIGHT="46"
                         WIDTH="497"
                         VPOS="996"
                         HPOS="171">
                  <String HEIGHT="46"
                          WIDTH="140"
                          VPOS="996"
                          HPOS="158"
                          CONTENT="quoniam"/>
                  <SP HEIGHT="46" WIDTH="13" VPOS="996" HPOS="298"/>
                  <String HEIGHT="46" WIDTH="89" VPOS="996" HPOS="260" CONTENT="aut"/>
                  <SP HEIGHT="46" WIDTH="13" VPOS="996" HPOS="349"/>
                  <String HEIGHT="46"
                          WIDTH="178"
                          VPOS="996"
                          HPOS="311"
                          CONTENT="intendimus"/>
                  <SP HEIGHT="46" WIDTH="13" VPOS="996" HPOS="490"/>
                  <String HEIGHT="46" WIDTH="89" VPOS="996" HPOS="451" CONTENT="per"/>
                  <SP HEIGHT="46" WIDTH="13" VPOS="996" HPOS="541"/>
                  <String HEIGHT="46"
                          WIDTH="102"
                          VPOS="996"
                          HPOS="502"
                          CONTENT="hanc"/>
                  <SP HEIGHT="46" WIDTH="13" VPOS="996" HPOS="604"/>
                  <String HEIGHT="46"
                          WIDTH="115"
                          VPOS="996"
                          HPOS="553"
                          CONTENT="proposi"/>
               </TextLine>
               <TextLine ID="r2l21"
                         BASELINE="1083"
                         HEIGHT="46"
                         WIDTH="496"
                         VPOS="1037"
                         HPOS="170">
                  <String HEIGHT="46"
                          WIDTH="134"
                          VPOS="1037"
                          HPOS="157"
                          CONTENT="tionem"/>
                  <SP HEIGHT="46" WIDTH="13" VPOS="1037" HPOS="291"/>
                  <String HEIGHT="46" WIDTH="94" VPOS="1037" HPOS="250" CONTENT="rem"/>
                  <SP HEIGHT="46" WIDTH="13" VPOS="1037" HPOS="344"/>
                  <String HEIGHT="46"
                          WIDTH="188"
                          VPOS="1037"
                          HPOS="304"
                          CONTENT="simplicem,"/>
                  <SP HEIGHT="46" WIDTH="13" VPOS="1037" HPOS="492"/>
                  <String HEIGHT="46" WIDTH="94" VPOS="1037" HPOS="452" CONTENT="aut"/>
                  <SP HEIGHT="46" WIDTH="13" VPOS="1037" HPOS="545"/>
                  <String HEIGHT="46"
                          WIDTH="174"
                          VPOS="1037"
                          HPOS="492"
                          CONTENT="compositam,"/>
               </TextLine>
               <TextLine ID="r2l22"
                         BASELINE="1123"
                         HEIGHT="53"
                         WIDTH="490"
                         VPOS="1070"
                         HPOS="179">
                  <String HEIGHT="53" WIDTH="74" VPOS="1070" HPOS="167" CONTENT="v."/>
                  <SP HEIGHT="53" WIDTH="12" VPOS="1070" HPOS="240"/>
                  <String HEIGHT="53" WIDTH="74" VPOS="1070" HPOS="204" CONTENT="g."/>
                  <SP HEIGHT="53" WIDTH="12" VPOS="1070" HPOS="277"/>
                  <String HEIGHT="53" WIDTH="86" VPOS="1070" HPOS="240" CONTENT="cum"/>
                  <SP HEIGHT="53" WIDTH="12" VPOS="1070" HPOS="326"/>
                  <String HEIGHT="53"
                          WIDTH="135"
                          VPOS="1070"
                          HPOS="289"
                          CONTENT="dicimus"/>
                  <SP HEIGHT="53" WIDTH="12" VPOS="1070" HPOS="424"/>
                  <String HEIGHT="53"
                          WIDTH="98"
                          VPOS="1070"
                          HPOS="387"
                          CONTENT="quod"/>
                  <SP HEIGHT="53" WIDTH="12" VPOS="1070" HPOS="485"/>
                  <String HEIGHT="53"
                          WIDTH="98"
                          VPOS="1070"
                          HPOS="449"
                          CONTENT="homo"/>
                  <SP HEIGHT="53" WIDTH="12" VPOS="1070" HPOS="547"/>
                  <String HEIGHT="53" WIDTH="86" VPOS="1070" HPOS="510" CONTENT="fit"/>
                  <SP HEIGHT="53" WIDTH="12" VPOS="1070" HPOS="596"/>
                  <String HEIGHT="53"
                          WIDTH="123"
                          VPOS="1070"
                          HPOS="547"
                          CONTENT="musicus,"/>
               </TextLine>
               <TextLine ID="r2l23"
                         BASELINE="1154"
                         HEIGHT="46"
                         WIDTH="503"
                         VPOS="1108"
                         HPOS="168">
                  <String HEIGHT="46"
                          WIDTH="190"
                          VPOS="1108"
                          HPOS="154"
                          CONTENT="intendimus"/>
                  <SP HEIGHT="46" WIDTH="14" VPOS="1108" HPOS="345"/>
                  <String HEIGHT="46"
                          WIDTH="109"
                          VPOS="1108"
                          HPOS="304"
                          CONTENT="quod"/>
                  <SP HEIGHT="46" WIDTH="14" VPOS="1108" HPOS="413"/>
                  <String HEIGHT="46"
                          WIDTH="150"
                          VPOS="1108"
                          HPOS="372"
                          CONTENT="musicus"/>
                  <SP HEIGHT="46" WIDTH="14" VPOS="1108" HPOS="521"/>
                  <String HEIGHT="46" WIDTH="95" VPOS="1108" HPOS="481" CONTENT="fit"/>
                  <SP HEIGHT="46" WIDTH="14" VPOS="1108" HPOS="576"/>
                  <String HEIGHT="46" WIDTH="82" VPOS="1108" HPOS="535" CONTENT="ex"/>
                  <SP HEIGHT="46" WIDTH="14" VPOS="1108" HPOS="617"/>
                  <String HEIGHT="46"
                          WIDTH="109"
                          VPOS="1108"
                          HPOS="562"
                          CONTENT="simpli"/>
               </TextLine>
               <TextLine ID="r2l24"
                         BASELINE="1201"
                         HEIGHT="52"
                         WIDTH="500"
                         VPOS="1149"
                         HPOS="173">
                  <String HEIGHT="52" WIDTH="90" VPOS="1149" HPOS="160" CONTENT="ci,"/>
                  <SP HEIGHT="52" WIDTH="13" VPOS="1149" HPOS="250"/>
                  <String HEIGHT="52"
                          WIDTH="103"
                          VPOS="1149"
                          HPOS="211"
                          CONTENT="quod"/>
                  <SP HEIGHT="52" WIDTH="13" VPOS="1149" HPOS="314"/>
                  <String HEIGHT="52" WIDTH="90" VPOS="1149" HPOS="276" CONTENT="est"/>
                  <SP HEIGHT="52" WIDTH="13" VPOS="1149" HPOS="365"/>
                  <String HEIGHT="52"
                          WIDTH="115"
                          VPOS="1149"
                          HPOS="327"
                          CONTENT="homo,"/>
                  <SP HEIGHT="52" WIDTH="13" VPOS="1149" HPOS="442"/>
                  <String HEIGHT="52" WIDTH="90" VPOS="1149" HPOS="404" CONTENT="qui"/>
                  <SP HEIGHT="52" WIDTH="13" VPOS="1149" HPOS="494"/>
                  <String HEIGHT="52" WIDTH="90" VPOS="1149" HPOS="455" CONTENT="est"/>
                  <SP HEIGHT="52" WIDTH="13" VPOS="1149" HPOS="545"/>
                  <String HEIGHT="52"
                          WIDTH="167"
                          VPOS="1149"
                          HPOS="506"
                          CONTENT="subiectum"/>
                  <SP HEIGHT="52" WIDTH="13" VPOS="1149" HPOS="673"/>
                  <String HEIGHT="52" WIDTH="51" VPOS="1149" HPOS="622" CONTENT="mu"/>
               </TextLine>
               <TextLine ID="r2l25"
                         BASELINE="1236"
                         HEIGHT="48"
                         WIDTH="504"
                         VPOS="1188"
                         HPOS="167">
                  <String HEIGHT="48"
                          WIDTH="108"
                          VPOS="1188"
                          HPOS="155"
                          CONTENT="sici."/>
                  <SP HEIGHT="48" WIDTH="12" VPOS="1188" HPOS="263"/>
                  <String HEIGHT="48" WIDTH="60" VPOS="1188" HPOS="227" CONTENT="&amp;"/>
                  <SP HEIGHT="48" WIDTH="12" VPOS="1188" HPOS="287"/>
                  <String HEIGHT="48"
                          WIDTH="156"
                          VPOS="1188"
                          HPOS="251"
                          CONTENT="similiter"/>
                  <SP HEIGHT="48" WIDTH="12" VPOS="1188" HPOS="407"/>
                  <String HEIGHT="48" WIDTH="84" VPOS="1188" HPOS="371" CONTENT="cum"/>
                  <SP HEIGHT="48" WIDTH="12" VPOS="1188" HPOS="455"/>
                  <String HEIGHT="48"
                          WIDTH="132"
                          VPOS="1188"
                          HPOS="419"
                          CONTENT="dicimus"/>
                  <SP HEIGHT="48" WIDTH="12" VPOS="1188" HPOS="551"/>
                  <String HEIGHT="48"
                          WIDTH="96"
                          VPOS="1188"
                          HPOS="515"
                          CONTENT="quod"/>
                  <SP HEIGHT="48" WIDTH="12" VPOS="1188" HPOS="611"/>
                  <String HEIGHT="48" WIDTH="84" VPOS="1188" HPOS="575" CONTENT="non"/>
                  <SP HEIGHT="48" WIDTH="12" VPOS="1188" HPOS="659"/>
                  <String HEIGHT="48"
                          WIDTH="60"
                          VPOS="1188"
                          HPOS="611"
                          CONTENT="nu"
                          SUBS_TYPE="HypPart1"
                          SUBS_CONTENT="nusicus"/>
                  <HYP CONTENT="-"/>
               </TextLine>
               <TextLine ID="r2l26"
                         BASELINE="1266"
                         HEIGHT="37"
                         WIDTH="504"
                         VPOS="1229"
                         HPOS="171">
                  <String HEIGHT="37"
                          WIDTH="123"
                          VPOS="1229"
                          HPOS="157"
                          CONTENT="sicus"
                          SUBS_TYPE="HypPart2"
                          SUBS_CONTENT="nusicus"/>
                  <SP HEIGHT="37" WIDTH="14" VPOS="1229" HPOS="280"/>
                  <String HEIGHT="37" WIDTH="95" VPOS="1229" HPOS="239" CONTENT="sit"/>
                  <SP HEIGHT="37" WIDTH="14" VPOS="1229" HPOS="334"/>
                  <String HEIGHT="37"
                          WIDTH="163"
                          VPOS="1229"
                          HPOS="294"
                          CONTENT="musicus,"/>
                  <SP HEIGHT="37" WIDTH="14" VPOS="1229" HPOS="457"/>
                  <String HEIGHT="37"
                          WIDTH="191"
                          VPOS="1229"
                          HPOS="416"
                          CONTENT="intendimus"/>
                  <SP HEIGHT="37" WIDTH="14" VPOS="1229" HPOS="607"/>
                  <String HEIGHT="37"
                          WIDTH="109"
                          VPOS="1229"
                          HPOS="566"
                          CONTENT="quod"/>
                  <SP HEIGHT="37" WIDTH="14" VPOS="1229" HPOS="675"/>
                  <String HEIGHT="37" WIDTH="54" VPOS="1229" HPOS="621" CONTENT="mu"/>
               </TextLine>
               <TextLine ID="r2l27"
                         BASELINE="1314"
                         HEIGHT="51"
                         WIDTH="491"
                         VPOS="1263"
                         HPOS="174">
                  <String HEIGHT="51"
                          WIDTH="94"
                          VPOS="1263"
                          HPOS="164"
                          CONTENT="sicus"/>
                  <SP HEIGHT="51" WIDTH="10" VPOS="1263" HPOS="258"/>
                  <String HEIGHT="51"
                          WIDTH="94"
                          VPOS="1263"
                          HPOS="226"
                          CONTENT="etiam"/>
                  <SP HEIGHT="51" WIDTH="10" VPOS="1263" HPOS="320"/>
                  <String HEIGHT="51" WIDTH="73" VPOS="1263" HPOS="289" CONTENT="fit"/>
                  <SP HEIGHT="51" WIDTH="10" VPOS="1263" HPOS="362"/>
                  <String HEIGHT="51" WIDTH="63" VPOS="1263" HPOS="331" CONTENT="ex"/>
                  <SP HEIGHT="51" WIDTH="10" VPOS="1263" HPOS="393"/>
                  <String HEIGHT="51" WIDTH="63" VPOS="1263" HPOS="362" CONTENT="re"/>
                  <SP HEIGHT="51" WIDTH="10" VPOS="1263" HPOS="425"/>
                  <String HEIGHT="51"
                          WIDTH="136"
                          VPOS="1263"
                          HPOS="393"
                          CONTENT="simplici,"/>
                  <SP HEIGHT="51" WIDTH="10" VPOS="1263" HPOS="529"/>
                  <String HEIGHT="51"
                          WIDTH="84"
                          VPOS="1263"
                          HPOS="498"
                          CONTENT="quae"/>
                  <SP HEIGHT="51" WIDTH="10" VPOS="1263" HPOS="581"/>
                  <String HEIGHT="51" WIDTH="73" VPOS="1263" HPOS="550" CONTENT="est"/>
                  <SP HEIGHT="51" WIDTH="10" VPOS="1263" HPOS="623"/>
                  <String HEIGHT="51" WIDTH="73" VPOS="1263" HPOS="592" CONTENT="non"/>
                  <SP HEIGHT="51" WIDTH="10" VPOS="1263" HPOS="665"/>
                  <String HEIGHT="51" WIDTH="42" VPOS="1263" HPOS="623" CONTENT="mu"/>
               </TextLine>
               <TextLine ID="r2l28"
                         BASELINE="1346"
                         HEIGHT="43"
                         WIDTH="500"
                         VPOS="1303"
                         HPOS="172">
                  <String HEIGHT="43"
                          WIDTH="116"
                          VPOS="1303"
                          HPOS="160"
                          CONTENT="sicus,"/>
                  <SP HEIGHT="43" WIDTH="12" VPOS="1303" HPOS="277"/>
                  <String HEIGHT="43"
                          WIDTH="93"
                          VPOS="1303"
                          HPOS="242"
                          CONTENT="quae"/>
                  <SP HEIGHT="43" WIDTH="12" VPOS="1303" HPOS="335"/>
                  <String HEIGHT="43" WIDTH="81" VPOS="1303" HPOS="300" CONTENT="est"/>
                  <SP HEIGHT="43" WIDTH="12" VPOS="1303" HPOS="381"/>
                  <String HEIGHT="43"
                          WIDTH="140"
                          VPOS="1303"
                          HPOS="346"
                          CONTENT="priuatio"/>
                  <SP HEIGHT="43" WIDTH="12" VPOS="1303" HPOS="486"/>
                  <String HEIGHT="43"
                          WIDTH="128"
                          VPOS="1303"
                          HPOS="451"
                          CONTENT="musici."/>
                  <SP HEIGHT="43" WIDTH="12" VPOS="1303" HPOS="579"/>
                  <String HEIGHT="43" WIDTH="58" VPOS="1303" HPOS="544" CONTENT="&amp;"/>
                  <SP HEIGHT="43" WIDTH="12" VPOS="1303" HPOS="602"/>
                  <String HEIGHT="43"
                          WIDTH="116"
                          VPOS="1303"
                          HPOS="556"
                          CONTENT="similite"/>
               </TextLine>
               <TextLine ID="r2l29"
                         BASELINE="1387"
                         HEIGHT="46"
                         WIDTH="497"
                         VPOS="1341"
                         HPOS="173">
                  <String HEIGHT="46" WIDTH="92" VPOS="1341" HPOS="160" CONTENT="cum"/>
                  <SP HEIGHT="46" WIDTH="13" VPOS="1341" HPOS="251"/>
                  <String HEIGHT="46"
                          WIDTH="157"
                          VPOS="1341"
                          HPOS="212"
                          CONTENT="dicimus,"/>
                  <SP HEIGHT="46" WIDTH="13" VPOS="1341" HPOS="369"/>
                  <String HEIGHT="46"
                          WIDTH="105"
                          VPOS="1341"
                          HPOS="330"
                          CONTENT="quod"/>
                  <SP HEIGHT="46" WIDTH="13" VPOS="1341" HPOS="435"/>
                  <String HEIGHT="46"
                          WIDTH="105"
                          VPOS="1341"
                          HPOS="395"
                          CONTENT="homo"/>
                  <SP HEIGHT="46" WIDTH="13" VPOS="1341" HPOS="500"/>
                  <String HEIGHT="46" WIDTH="92" VPOS="1341" HPOS="461" CONTENT="non"/>
                  <SP HEIGHT="46" WIDTH="13" VPOS="1341" HPOS="552"/>
                  <String HEIGHT="46"
                          WIDTH="144"
                          VPOS="1341"
                          HPOS="513"
                          CONTENT="musicus"/>
                  <SP HEIGHT="46" WIDTH="13" VPOS="1341" HPOS="657"/>
                  <String HEIGHT="46" WIDTH="65" VPOS="1341" HPOS="605" CONTENT="sit"/>
               </TextLine>
               <TextLine ID="r2l30"
                         BASELINE="1429"
                         HEIGHT="44"
                         WIDTH="497"
                         VPOS="1385"
                         HPOS="174">
                  <String HEIGHT="44"
                          WIDTH="166"
                          VPOS="1385"
                          HPOS="160"
                          CONTENT="musicus,"/>
                  <SP HEIGHT="44" WIDTH="14" VPOS="1385" HPOS="326"/>
                  <String HEIGHT="44"
                          WIDTH="193"
                          VPOS="1385"
                          HPOS="284"
                          CONTENT="intendimus"/>
                  <SP HEIGHT="44" WIDTH="14" VPOS="1385" HPOS="478"/>
                  <String HEIGHT="44"
                          WIDTH="110"
                          VPOS="1385"
                          HPOS="436"
                          CONTENT="quod"/>
                  <SP HEIGHT="44" WIDTH="14" VPOS="1385" HPOS="547"/>
                  <String HEIGHT="44"
                          WIDTH="152"
                          VPOS="1385"
                          HPOS="505"
                          CONTENT="musicus"/>
                  <SP HEIGHT="44" WIDTH="14" VPOS="1385" HPOS="657"/>
                  <String HEIGHT="44" WIDTH="69" VPOS="1385" HPOS="602" CONTENT="sit"/>
               </TextLine>
               <TextLine ID="r2l31"
                         BASELINE="1472"
                         HEIGHT="51"
                         WIDTH="491"
                         VPOS="1421"
                         HPOS="171">
                  <String HEIGHT="51" WIDTH="82" VPOS="1421" HPOS="157" CONTENT="ex"/>
                  <SP HEIGHT="51" WIDTH="14" VPOS="1421" HPOS="239"/>
                  <String HEIGHT="51" WIDTH="82" VPOS="1421" HPOS="198" CONTENT="re"/>
                  <SP HEIGHT="51" WIDTH="14" VPOS="1421" HPOS="280"/>
                  <String HEIGHT="51"
                          WIDTH="177"
                          VPOS="1421"
                          HPOS="239"
                          CONTENT="simplici,"/>
                  <SP HEIGHT="51" WIDTH="14" VPOS="1421" HPOS="417"/>
                  <String HEIGHT="51"
                          WIDTH="109"
                          VPOS="1421"
                          HPOS="376"
                          CONTENT="quod"/>
                  <SP HEIGHT="51" WIDTH="14" VPOS="1421" HPOS="485"/>
                  <String HEIGHT="51" WIDTH="95" VPOS="1421" HPOS="444" CONTENT="est"/>
                  <SP HEIGHT="51" WIDTH="14" VPOS="1421" HPOS="539"/>
                  <String HEIGHT="51" WIDTH="95" VPOS="1421" HPOS="498" CONTENT="non"/>
                  <SP HEIGHT="51" WIDTH="14" VPOS="1421" HPOS="594"/>
                  <String HEIGHT="51"
                          WIDTH="123"
                          VPOS="1421"
                          HPOS="539"
                          CONTENT="musicus"/>
               </TextLine>
               <TextLine ID="r2l32"
                         BASELINE="1506"
                         HEIGHT="48"
                         WIDTH="496"
                         VPOS="1458"
                         HPOS="175">
                  <String HEIGHT="48"
                          WIDTH="110"
                          VPOS="1458"
                          HPOS="161"
                          CONTENT="quae"/>
                  <SP HEIGHT="48" WIDTH="14" VPOS="1458" HPOS="271"/>
                  <String HEIGHT="48" WIDTH="96" VPOS="1458" HPOS="230" CONTENT="est"/>
                  <SP HEIGHT="48" WIDTH="14" VPOS="1458" HPOS="327"/>
                  <String HEIGHT="48"
                          WIDTH="165"
                          VPOS="1458"
                          HPOS="285"
                          CONTENT="priuatio"/>
                  <SP HEIGHT="48" WIDTH="14" VPOS="1458" HPOS="451"/>
                  <String HEIGHT="48"
                          WIDTH="152"
                          VPOS="1458"
                          HPOS="409"
                          CONTENT="musici."/>
                  <SP HEIGHT="48" WIDTH="14" VPOS="1458" HPOS="561"/>
                  <String HEIGHT="48" WIDTH="83" VPOS="1458" HPOS="519" CONTENT="&amp;,"/>
                  <SP HEIGHT="48" WIDTH="14" VPOS="1458" HPOS="602"/>
                  <String HEIGHT="48" WIDTH="96" VPOS="1458" HPOS="561" CONTENT="cum"/>
                  <SP HEIGHT="48" WIDTH="14" VPOS="1458" HPOS="657"/>
                  <String HEIGHT="48"
                          WIDTH="69"
                          VPOS="1458"
                          HPOS="602"
                          CONTENT="di"
                          SUBS_TYPE="HypPart1"
                          SUBS_CONTENT="dicimus"/>
                  <HYP CONTENT="-"/>
               </TextLine>
               <TextLine ID="r2l33"
                         BASELINE="1546"
                         HEIGHT="50"
                         WIDTH="505"
                         VPOS="1496"
                         HPOS="168">
                  <String HEIGHT="50"
                          WIDTH="134"
                          VPOS="1496"
                          HPOS="153"
                          CONTENT="cimus"
                          SUBS_TYPE="HypPart2"
                          SUBS_CONTENT="dicimus"/>
                  <SP HEIGHT="50" WIDTH="15" VPOS="1496" HPOS="287"/>
                  <String HEIGHT="50"
                          WIDTH="119"
                          VPOS="1496"
                          HPOS="242"
                          CONTENT="quod"/>
                  <SP HEIGHT="50" WIDTH="15" VPOS="1496" HPOS="361"/>
                  <String HEIGHT="50"
                          WIDTH="119"
                          VPOS="1496"
                          HPOS="317"
                          CONTENT="homo"/>
                  <SP HEIGHT="50" WIDTH="15" VPOS="1496" HPOS="435"/>
                  <String HEIGHT="50"
                          WIDTH="104"
                          VPOS="1496"
                          HPOS="391"
                          CONTENT="non"/>
                  <SP HEIGHT="50" WIDTH="15" VPOS="1496" HPOS="495"/>
                  <String HEIGHT="50"
                          WIDTH="163"
                          VPOS="1496"
                          HPOS="450"
                          CONTENT="musicus"/>
                  <SP HEIGHT="50" WIDTH="15" VPOS="1496" HPOS="614"/>
                  <String HEIGHT="50"
                          WIDTH="104"
                          VPOS="1496"
                          HPOS="569"
                          CONTENT="sit"/>
                  <SP HEIGHT="50" WIDTH="15" VPOS="1496" HPOS="673"/>
                  <String HEIGHT="50" WIDTH="59" VPOS="1496" HPOS="614" CONTENT="mu"/>
               </TextLine>
               <TextLine ID="r2l34"
                         BASELINE="1583"
                         HEIGHT="50"
                         WIDTH="502"
                         VPOS="1533"
                         HPOS="173">
                  <String HEIGHT="50"
                          WIDTH="136"
                          VPOS="1533"
                          HPOS="159"
                          CONTENT="sicus,"/>
                  <SP HEIGHT="50" WIDTH="14" VPOS="1533" HPOS="295"/>
                  <String HEIGHT="50"
                          WIDTH="190"
                          VPOS="1533"
                          HPOS="254"
                          CONTENT="intendimus"/>
                  <SP HEIGHT="50" WIDTH="14" VPOS="1533" HPOS="444"/>
                  <String HEIGHT="50"
                          WIDTH="109"
                          VPOS="1533"
                          HPOS="404"
                          CONTENT="quod"/>
                  <SP HEIGHT="50" WIDTH="14" VPOS="1533" HPOS="512"/>
                  <String HEIGHT="50"
                          WIDTH="149"
                          VPOS="1533"
                          HPOS="471"
                          CONTENT="musicus"/>
                  <SP HEIGHT="50" WIDTH="14" VPOS="1533" HPOS="621"/>
                  <String HEIGHT="50" WIDTH="95" VPOS="1533" HPOS="580" CONTENT="fit"/>
                  <SP HEIGHT="50" WIDTH="14" VPOS="1533" HPOS="675"/>
                  <String HEIGHT="50" WIDTH="54" VPOS="1533" HPOS="621" CONTENT="ex"/>
               </TextLine>
               <TextLine ID="r2l35"
                         BASELINE="1611"
                         HEIGHT="37"
                         WIDTH="495"
                         VPOS="1574"
                         HPOS="176">
                  <String HEIGHT="37"
                          WIDTH="115"
                          VPOS="1574"
                          HPOS="164"
                          CONTENT="duobus"/>
                  <SP HEIGHT="37" WIDTH="12" VPOS="1574" HPOS="280"/>
                  <String HEIGHT="37"
                          WIDTH="138"
                          VPOS="1574"
                          HPOS="245"
                          CONTENT="scilicet"/>
                  <SP HEIGHT="37" WIDTH="12" VPOS="1574" HPOS="383"/>
                  <String HEIGHT="37" WIDTH="69" VPOS="1574" HPOS="349" CONTENT="ex"/>
                  <SP HEIGHT="37" WIDTH="12" VPOS="1574" HPOS="418"/>
                  <String HEIGHT="37"
                          WIDTH="127"
                          VPOS="1574"
                          HPOS="383"
                          CONTENT="homine,"/>
                  <SP HEIGHT="37" WIDTH="12" VPOS="1574" HPOS="510"/>
                  <String HEIGHT="37" WIDTH="58" VPOS="1574" HPOS="475" CONTENT="&amp;"/>
                  <SP HEIGHT="37" WIDTH="12" VPOS="1574" HPOS="533"/>
                  <String HEIGHT="37" WIDTH="81" VPOS="1574" HPOS="498" CONTENT="non"/>
                  <SP HEIGHT="37" WIDTH="12" VPOS="1574" HPOS="579"/>
                  <String HEIGHT="37"
                          WIDTH="127"
                          VPOS="1574"
                          HPOS="544"
                          CONTENT="musico."/>
                  <SP HEIGHT="37" WIDTH="12" VPOS="1574" HPOS="671"/>
                  <String HEIGHT="37" WIDTH="58" VPOS="1574" HPOS="636" CONTENT="&amp;"/>
                  <SP HEIGHT="37" WIDTH="12" VPOS="1574" HPOS="694"/>
                  <String HEIGHT="37" WIDTH="23" VPOS="1574" HPOS="648" CONTENT=""/>
               </TextLine>
               <TextLine ID="r2l36"
                         BASELINE="1650"
                         HEIGHT="38"
                         WIDTH="485"
                         VPOS="1612"
                         HPOS="178">
                  <String HEIGHT="38" WIDTH="94" VPOS="1612" HPOS="165" CONTENT="hoc"/>
                  <SP HEIGHT="38" WIDTH="13" VPOS="1612" HPOS="259"/>
                  <String HEIGHT="38"
                          WIDTH="202"
                          VPOS="1612"
                          HPOS="218"
                          CONTENT="intendebat,"/>
                  <SP HEIGHT="38" WIDTH="13" VPOS="1612" HPOS="421"/>
                  <String HEIGHT="38" WIDTH="94" VPOS="1612" HPOS="380" CONTENT="cum"/>
                  <SP HEIGHT="38" WIDTH="13" VPOS="1612" HPOS="474"/>
                  <String HEIGHT="38"
                          WIDTH="121"
                          VPOS="1612"
                          HPOS="434"
                          CONTENT="dixit"/>
                  <SP HEIGHT="38" WIDTH="13" VPOS="1612" HPOS="555"/>
                  <String HEIGHT="38"
                          WIDTH="135"
                          VPOS="1612"
                          HPOS="515"
                          CONTENT="fortem"/>
                  <SP HEIGHT="38" WIDTH="13" VPOS="1612" HPOS="650"/>
                  <String HEIGHT="38"
                          WIDTH="67"
                          VPOS="1612"
                          HPOS="596"
                          CONTENT="in"
                          SUBS_TYPE="HypPart1"
                          SUBS_CONTENT="intendimus"/>
                  <HYP CONTENT="-"/>
               </TextLine>
               <TextLine ID="r2l37"
                         BASELINE="1703"
                         HEIGHT="53"
                         WIDTH="499"
                         VPOS="1650"
                         HPOS="170">
                  <String HEIGHT="53"
                          WIDTH="181"
                          VPOS="1650"
                          HPOS="155"
                          CONTENT="tendimus"
                          SUBS_TYPE="HypPart2"
                          SUBS_CONTENT="intendimus"/>
                  <SP HEIGHT="53" WIDTH="15" VPOS="1650" HPOS="336"/>
                  <String HEIGHT="53"
                          WIDTH="212"
                          VPOS="1650"
                          HPOS="291"
                          CONTENT="simplicia,"/>
                  <SP HEIGHT="53" WIDTH="15" VPOS="1650" HPOS="503"/>
                  <String HEIGHT="53"
                          WIDTH="106"
                          VPOS="1650"
                          HPOS="457"
                          CONTENT="&amp;c."/>
                  <SP HEIGHT="53" WIDTH="15" VPOS="1650" HPOS="563"/>
                  <String HEIGHT="53" WIDTH="91" VPOS="1650" HPOS="518" CONTENT="Et"/>
                  <SP HEIGHT="53" WIDTH="15" VPOS="1650" HPOS="609"/>
                  <String HEIGHT="53"
                          WIDTH="106"
                          VPOS="1650"
                          HPOS="563"
                          CONTENT="cum"/>
                  <SP HEIGHT="53" WIDTH="15" VPOS="1650" HPOS="669"/>
                  <String HEIGHT="53" WIDTH="60" VPOS="1650" HPOS="609" CONTENT="di"/>
               </TextLine>
               <TextLine ID="r2l38"
                         BASELINE="1730"
                         HEIGHT="45"
                         WIDTH="504"
                         VPOS="1685"
                         HPOS="169">
                  <String HEIGHT="45"
                          WIDTH="103"
                          VPOS="1685"
                          HPOS="156"
                          CONTENT="xit:"/>
                  <SP HEIGHT="45" WIDTH="13" VPOS="1685" HPOS="259"/>
                  <String HEIGHT="45"
                          WIDTH="103"
                          VPOS="1685"
                          HPOS="221"
                          CONTENT="homo"/>
                  <SP HEIGHT="45" WIDTH="13" VPOS="1685" HPOS="324"/>
                  <String HEIGHT="45"
                          WIDTH="181"
                          VPOS="1685"
                          HPOS="285"
                          CONTENT="imniusicus"/>
                  <SP HEIGHT="45" WIDTH="13" VPOS="1685" HPOS="466"/>
                  <String HEIGHT="45" WIDTH="90" VPOS="1685" HPOS="427" CONTENT="fit"/>
                  <SP HEIGHT="45" WIDTH="13" VPOS="1685" HPOS="518"/>
                  <String HEIGHT="45"
                          WIDTH="155"
                          VPOS="1685"
                          HPOS="479"
                          CONTENT="musicus,"/>
                  <SP HEIGHT="45" WIDTH="13" VPOS="1685" HPOS="634"/>
                  <String HEIGHT="45"
                          WIDTH="90"
                          VPOS="1685"
                          HPOS="583"
                          CONTENT="inten"/>
               </TextLine>
               <TextLine ID="r2l39"
                         BASELINE="1779"
                         HEIGHT="46"
                         WIDTH="496"
                         VPOS="1733"
                         HPOS="172">
                  <String HEIGHT="46" WIDTH="79" VPOS="1733" HPOS="161" CONTENT="dit"/>
                  <SP HEIGHT="46" WIDTH="11" VPOS="1733" HPOS="240"/>
                  <String HEIGHT="46"
                          WIDTH="192"
                          VPOS="1733"
                          HPOS="206"
                          CONTENT="generationem,"/>
                  <SP HEIGHT="46" WIDTH="11" VPOS="1733" HPOS="397"/>
                  <String HEIGHT="46"
                          WIDTH="90"
                          VPOS="1733"
                          HPOS="364"
                          CONTENT="quae"/>
                  <SP HEIGHT="46" WIDTH="11" VPOS="1733" HPOS="454"/>
                  <String HEIGHT="46"
                          WIDTH="169"
                          VPOS="1733"
                          HPOS="420"
                          CONTENT="attribuitur"/>
                  <SP HEIGHT="46" WIDTH="11" VPOS="1733" HPOS="589"/>
                  <String HEIGHT="46"
                          WIDTH="124"
                          VPOS="1733"
                          HPOS="544"
                          CONTENT="subiecto,"/>
               </TextLine>
               <TextLine ID="r2l40"
                         BASELINE="1817"
                         HEIGHT="52"
                         WIDTH="502"
                         VPOS="1765"
                         HPOS="171">
                  <String HEIGHT="52" WIDTH="84" VPOS="1765" HPOS="157" CONTENT="in"/>
                  <SP HEIGHT="52" WIDTH="14" VPOS="1765" HPOS="241"/>
                  <String HEIGHT="52" WIDTH="98" VPOS="1765" HPOS="199" CONTENT="quo"/>
                  <SP HEIGHT="52" WIDTH="14" VPOS="1765" HPOS="297"/>
                  <String HEIGHT="52" WIDTH="98" VPOS="1765" HPOS="255" CONTENT="est"/>
                  <SP HEIGHT="52" WIDTH="14" VPOS="1765" HPOS="352"/>
                  <String HEIGHT="52"
                          WIDTH="195"
                          VPOS="1765"
                          HPOS="310"
                          CONTENT="generatum."/>
                  <SP HEIGHT="52" WIDTH="14" VPOS="1765" HPOS="506"/>
                  <String HEIGHT="52" WIDTH="98" VPOS="1765" HPOS="464" CONTENT="Et,"/>
                  <SP HEIGHT="52" WIDTH="14" VPOS="1765" HPOS="561"/>
                  <String HEIGHT="52" WIDTH="98" VPOS="1765" HPOS="520" CONTENT="cum"/>
                  <SP HEIGHT="52" WIDTH="14" VPOS="1765" HPOS="617"/>
                  <String HEIGHT="52"
                          WIDTH="112"
                          VPOS="1765"
                          HPOS="561"
                          CONTENT="dixit:"/>
               </TextLine>
               <TextLine ID="r2l41"
                         BASELINE="1854"
                         HEIGHT="50"
                         WIDTH="501"
                         VPOS="1804"
                         HPOS="170">
                  <String HEIGHT="50" WIDTH="68" VPOS="1804" HPOS="156" CONTENT="&amp;"/>
                  <SP HEIGHT="50" WIDTH="14" VPOS="1804" HPOS="224"/>
                  <String HEIGHT="50"
                          WIDTH="176"
                          VPOS="1804"
                          HPOS="184"
                          CONTENT="immusicus"/>
                  <SP HEIGHT="50" WIDTH="14" VPOS="1804" HPOS="360"/>
                  <String HEIGHT="50"
                          WIDTH="108"
                          VPOS="1804"
                          HPOS="319"
                          CONTENT="fsit"/>
                  <SP HEIGHT="50" WIDTH="14" VPOS="1804" HPOS="427"/>
                  <String HEIGHT="50"
                          WIDTH="162"
                          VPOS="1804"
                          HPOS="387"
                          CONTENT="musicus,"/>
                  <SP HEIGHT="50" WIDTH="14" VPOS="1804" HPOS="549"/>
                  <String HEIGHT="50"
                          WIDTH="162"
                          VPOS="1804"
                          HPOS="509"
                          CONTENT="intendit"/>
                  <SP HEIGHT="50" WIDTH="14" VPOS="1804" HPOS="671"/>
                  <String HEIGHT="50" WIDTH="54" VPOS="1804" HPOS="617" CONTENT="ge"/>
               </TextLine>
               <TextLine ID="r2l42"
                         BASELINE="1882"
                         HEIGHT="38"
                         WIDTH="510"
                         VPOS="1844"
                         HPOS="169">
                  <String HEIGHT="38"
                          WIDTH="182"
                          VPOS="1844"
                          HPOS="157"
                          CONTENT="nerationem,"/>
                  <SP HEIGHT="38" WIDTH="12" VPOS="1844" HPOS="339"/>
                  <String HEIGHT="38"
                          WIDTH="97"
                          VPOS="1844"
                          HPOS="303"
                          CONTENT="quae"/>
                  <SP HEIGHT="38" WIDTH="12" VPOS="1844" HPOS="400"/>
                  <String HEIGHT="38"
                          WIDTH="182"
                          VPOS="1844"
                          HPOS="363"
                          CONTENT="attribuitur"/>
                  <SP HEIGHT="38" WIDTH="12" VPOS="1844" HPOS="545"/>
                  <String HEIGHT="38"
                          WIDTH="158"
                          VPOS="1844"
                          HPOS="509"
                          CONTENT="opposito,"/>
                  <SP HEIGHT="38" WIDTH="12" VPOS="1844" HPOS="667"/>
                  <String HEIGHT="38" WIDTH="61" VPOS="1844" HPOS="618" CONTENT="si."/>
               </TextLine>
            </TextBlock>
            <TextBlock ID="r3" HEIGHT="1783" WIDTH="507" VPOS="141" HPOS="701">
               <Shape>
                  <Polygon POINTS="701,141 701,1924 1208,1924 1208,141"/>
               </Shape>
               <TextLine ID="r3l3"
                         BASELINE="227"
                         HEIGHT="39"
                         WIDTH="500"
                         VPOS="188"
                         HPOS="699">
                  <String HEIGHT="39" WIDTH="73" VPOS="188" HPOS="687" CONTENT="ue"/>
                  <SP HEIGHT="39" WIDTH="12" VPOS="188" HPOS="760"/>
                  <String HEIGHT="39" WIDTH="85" VPOS="188" HPOS="723" CONTENT="sit"/>
                  <SP HEIGHT="39" WIDTH="12" VPOS="188" HPOS="809"/>
                  <String HEIGHT="39"
                          WIDTH="183"
                          VPOS="188"
                          HPOS="772"
                          CONTENT="contrarium,"/>
                  <SP HEIGHT="39" WIDTH="12" VPOS="188" HPOS="955"/>
                  <String HEIGHT="39" WIDTH="98" VPOS="188" HPOS="919" CONTENT="siue"/>
                  <SP HEIGHT="39" WIDTH="12" VPOS="188" HPOS="1016"/>
                  <String HEIGHT="39" WIDTH="85" VPOS="188" HPOS="979" CONTENT="sit"/>
                  <SP HEIGHT="39" WIDTH="12" VPOS="188" HPOS="1065"/>
                  <String HEIGHT="39"
                          WIDTH="159"
                          VPOS="188"
                          HPOS="1028"
                          CONTENT="priuatio."/>
                  <SP HEIGHT="39" WIDTH="12" VPOS="188" HPOS="1187"/>
                  <String HEIGHT="39" WIDTH="61" VPOS="188" HPOS="1138" CONTENT="Et,"/>
               </TextLine>
               <TextLine ID="r3l4"
                         BASELINE="266"
                         HEIGHT="46"
                         WIDTH="511"
                         VPOS="220"
                         HPOS="700">
                  <String HEIGHT="46" WIDTH="108" VPOS="220" HPOS="685" CONTENT="cum"/>
                  <SP HEIGHT="46" WIDTH="15" VPOS="220" HPOS="793"/>
                  <String HEIGHT="46"
                          WIDTH="155"
                          VPOS="220"
                          HPOS="746"
                          CONTENT="dixit:"/>
                  <SP HEIGHT="46" WIDTH="15" VPOS="220" HPOS="901"/>
                  <String HEIGHT="46" WIDTH="77" VPOS="220" HPOS="855" CONTENT="&amp;"/>
                  <SP HEIGHT="46" WIDTH="15" VPOS="220" HPOS="932"/>
                  <String HEIGHT="46"
                          WIDTH="124"
                          VPOS="220"
                          HPOS="886"
                          CONTENT="homo"/>
                  <SP HEIGHT="46" WIDTH="15" VPOS="220" HPOS="1010"/>
                  <String HEIGHT="46" WIDTH="108" VPOS="220" HPOS="963" CONTENT="non"/>
                  <SP HEIGHT="46" WIDTH="15" VPOS="220" HPOS="1072"/>
                  <String HEIGHT="46"
                          WIDTH="170"
                          VPOS="220"
                          HPOS="1025"
                          CONTENT="musicus"/>
                  <SP HEIGHT="46" WIDTH="15" VPOS="220" HPOS="1196"/>
                  <String HEIGHT="46" WIDTH="77" VPOS="220" HPOS="1134" CONTENT="sit"/>
               </TextLine>
               <TextLine ID="r3l5"
                         BASELINE="316"
                         HEIGHT="48"
                         WIDTH="499"
                         VPOS="268"
                         HPOS="701">
                  <String HEIGHT="48"
                          WIDTH="150"
                          VPOS="268"
                          HPOS="689"
                          CONTENT="musicus,"/>
                  <SP HEIGHT="48" WIDTH="12" VPOS="268" HPOS="838"/>
                  <String HEIGHT="48"
                          WIDTH="150"
                          VPOS="268"
                          HPOS="801"
                          CONTENT="intendit"/>
                  <SP HEIGHT="48" WIDTH="12" VPOS="268" HPOS="951"/>
                  <String HEIGHT="48"
                          WIDTH="212"
                          VPOS="268"
                          HPOS="913"
                          CONTENT="generationem,"/>
                  <SP HEIGHT="48" WIDTH="12" VPOS="268" HPOS="1125"/>
                  <String HEIGHT="48"
                          WIDTH="100"
                          VPOS="268"
                          HPOS="1088"
                          CONTENT="quae"/>
                  <SP HEIGHT="48" WIDTH="12" VPOS="268" HPOS="1188"/>
                  <String HEIGHT="48"
                          WIDTH="62"
                          VPOS="268"
                          HPOS="1138"
                          CONTENT="at"
                          SUBS_TYPE="HypPart1"
                          SUBS_CONTENT="attribuitur"/>
                  <HYP CONTENT="-"/>
               </TextLine>
               <TextLine ID="r3l6"
                         BASELINE="350"
                         HEIGHT="49"
                         WIDTH="509"
                         VPOS="301"
                         HPOS="699">
                  <String HEIGHT="49"
                          WIDTH="150"
                          VPOS="301"
                          HPOS="687"
                          CONTENT="tribuitur"
                          SUBS_TYPE="HypPart2"
                          SUBS_CONTENT="attribuitur"/>
                  <SP HEIGHT="49" WIDTH="12" VPOS="301" HPOS="838"/>
                  <String HEIGHT="49"
                          WIDTH="127"
                          VPOS="301"
                          HPOS="803"
                          CONTENT="vtrique"/>
                  <SP HEIGHT="49" WIDTH="12" VPOS="301" HPOS="930"/>
                  <String HEIGHT="49"
                          WIDTH="139"
                          VPOS="301"
                          HPOS="896"
                          CONTENT="scilicet"/>
                  <SP HEIGHT="49" WIDTH="12" VPOS="301" HPOS="1034"/>
                  <String HEIGHT="49"
                          WIDTH="150"
                          VPOS="301"
                          HPOS="1000"
                          CONTENT="subiecto,"/>
                  <SP HEIGHT="49" WIDTH="12" VPOS="301" HPOS="1150"/>
                  <String HEIGHT="49" WIDTH="58" VPOS="301" HPOS="1115" CONTENT="&amp;"/>
                  <SP HEIGHT="49" WIDTH="12" VPOS="301" HPOS="1173"/>
                  <String HEIGHT="49"
                          WIDTH="81"
                          VPOS="301"
                          HPOS="1127"
                          CONTENT="oppo"
                          SUBS_TYPE="HypPart1"
                          SUBS_CONTENT="opposito."/>
                  <HYP CONTENT="-"/>
               </TextLine>
               <TextLine ID="r3l7"
                         BASELINE="378"
                         HEIGHT="37"
                         WIDTH="508"
                         VPOS="341"
                         HPOS="699">
                  <String HEIGHT="37"
                          WIDTH="120"
                          VPOS="341"
                          HPOS="686"
                          CONTENT="sito."
                          SUBS_TYPE="HypPart2"
                          SUBS_CONTENT="opposito."/>
                  <SP HEIGHT="37" WIDTH="13" VPOS="341" HPOS="806"/>
                  <String HEIGHT="37"
                          WIDTH="134"
                          VPOS="341"
                          HPOS="766"
                          CONTENT="Deinde"/>
                  <SP HEIGHT="37" WIDTH="13" VPOS="341" HPOS="900"/>
                  <String HEIGHT="37"
                          WIDTH="160"
                          VPOS="341"
                          HPOS="859"
                          CONTENT="exposuit"/>
                  <SP HEIGHT="37" WIDTH="13" VPOS="341" HPOS="1020"/>
                  <String HEIGHT="37"
                          WIDTH="107"
                          VPOS="341"
                          HPOS="980"
                          CONTENT="haec"/>
                  <SP HEIGHT="37" WIDTH="13" VPOS="341" HPOS="1087"/>
                  <String HEIGHT="37"
                          WIDTH="120"
                          VPOS="341"
                          HPOS="1047"
                          CONTENT="tria,"/>
                  <SP HEIGHT="37" WIDTH="13" VPOS="341" HPOS="1167"/>
                  <String HEIGHT="37" WIDTH="67" VPOS="341" HPOS="1127" CONTENT="&amp;"/>
                  <SP HEIGHT="37" WIDTH="13" VPOS="341" HPOS="1194"/>
                  <String HEIGHT="37"
                          WIDTH="67"
                          VPOS="341"
                          HPOS="1140"
                          CONTENT="di"
                          SUBS_TYPE="HypPart1"
                          SUBS_CONTENT="dixit:"/>
                  <HYP CONTENT="-"/>
               </TextLine>
               <TextLine ID="r3l8"
                         BASELINE="430"
                         HEIGHT="53"
                         WIDTH="512"
                         VPOS="377"
                         HPOS="697">
                  <String HEIGHT="53"
                          WIDTH="114"
                          VPOS="377"
                          HPOS="683"
                          CONTENT="xit:"
                          SUBS_TYPE="HypPart2"
                          SUBS_CONTENT="dixit:"/>
                  <SP HEIGHT="53" WIDTH="14" VPOS="377" HPOS="797"/>
                  <String HEIGHT="53" WIDTH="71" VPOS="377" HPOS="754" CONTENT="&amp;"/>
                  <SP HEIGHT="53" WIDTH="14" VPOS="377" HPOS="825"/>
                  <String HEIGHT="53"
                          WIDTH="199"
                          VPOS="377"
                          HPOS="782"
                          CONTENT="intelligo,"/>
                  <SP HEIGHT="53" WIDTH="14" VPOS="377" HPOS="981"/>
                  <String HEIGHT="53" WIDTH="100" VPOS="377" HPOS="939" CONTENT="cum"/>
                  <SP HEIGHT="53" WIDTH="14" VPOS="377" HPOS="1038"/>
                  <String HEIGHT="53"
                          WIDTH="114"
                          VPOS="377"
                          HPOS="996"
                          CONTENT="dico"/>
                  <SP HEIGHT="53" WIDTH="14" VPOS="377" HPOS="1109"/>
                  <String HEIGHT="53"
                          WIDTH="156"
                          VPOS="377"
                          HPOS="1053"
                          CONTENT="generatum"/>
               </TextLine>
               <TextLine ID="r3l9"
                         BASELINE="466"
                         HEIGHT="49"
                         WIDTH="511"
                         VPOS="417"
                         HPOS="696">
                  <String HEIGHT="49"
                          WIDTH="161"
                          VPOS="417"
                          HPOS="683"
                          CONTENT="simplex,"/>
                  <SP HEIGHT="49" WIDTH="13" VPOS="417" HPOS="844"/>
                  <String HEIGHT="49" WIDTH="94" VPOS="417" HPOS="804" CONTENT="&amp;c."/>
                  <SP HEIGHT="49" WIDTH="13" VPOS="417" HPOS="898"/>
                  <String HEIGHT="49" WIDTH="81" VPOS="417" HPOS="857" CONTENT="i."/>
                  <SP HEIGHT="49" WIDTH="13" VPOS="417" HPOS="938"/>
                  <String HEIGHT="49" WIDTH="67" VPOS="417" HPOS="898" CONTENT="&amp;"/>
                  <SP HEIGHT="49" WIDTH="13" VPOS="417" HPOS="965"/>
                  <String HEIGHT="49"
                          WIDTH="188"
                          VPOS="417"
                          HPOS="925"
                          CONTENT="intelligo,"/>
                  <SP HEIGHT="49" WIDTH="13" VPOS="417" HPOS="1113"/>
                  <String HEIGHT="49" WIDTH="94" VPOS="417" HPOS="1073" CONTENT="cum"/>
                  <SP HEIGHT="49" WIDTH="13" VPOS="417" HPOS="1167"/>
                  <String HEIGHT="49"
                          WIDTH="94"
                          VPOS="417"
                          HPOS="1113"
                          CONTENT="dico"
                          SUBS_TYPE="HypPart1"
                          SUBS_CONTENT="dicoquod"/>
                  <HYP CONTENT="-"/>
               </TextLine>
               <TextLine ID="r3l10"
                         BASELINE="510"
                         HEIGHT="58"
                         WIDTH="503"
                         VPOS="452"
                         HPOS="703">
                  <String HEIGHT="58"
                          WIDTH="103"
                          VPOS="452"
                          HPOS="690"
                          CONTENT="quod"
                          SUBS_TYPE="HypPart2"
                          SUBS_CONTENT="dicoquod"/>
                  <SP HEIGHT="58" WIDTH="13" VPOS="452" HPOS="793"/>
                  <String HEIGHT="58"
                          WIDTH="168"
                          VPOS="452"
                          HPOS="755"
                          CONTENT="generatio"/>
                  <SP HEIGHT="58" WIDTH="13" VPOS="452" HPOS="922"/>
                  <String HEIGHT="58"
                          WIDTH="155"
                          VPOS="452"
                          HPOS="884"
                          CONTENT="generati"/>
                  <SP HEIGHT="58" WIDTH="13" VPOS="452" HPOS="1038"/>
                  <String HEIGHT="58"
                          WIDTH="193"
                          VPOS="452"
                          HPOS="1000"
                          CONTENT="attribuitur"/>
                  <SP HEIGHT="58" WIDTH="13" VPOS="452" HPOS="1193"/>
                  <String HEIGHT="58" WIDTH="64" VPOS="452" HPOS="1142" CONTENT="rei"/>
               </TextLine>
               <TextLine ID="r3l11"
                         BASELINE="542"
                         HEIGHT="49"
                         WIDTH="503"
                         VPOS="493"
                         HPOS="704">
                  <String HEIGHT="49"
                          WIDTH="177"
                          VPOS="493"
                          HPOS="690"
                          CONTENT="simplici,"/>
                  <SP HEIGHT="49" WIDTH="14" VPOS="493" HPOS="867"/>
                  <String HEIGHT="49"
                          WIDTH="190"
                          VPOS="493"
                          HPOS="826"
                          CONTENT="subiectum,"/>
                  <SP HEIGHT="49" WIDTH="14" VPOS="493" HPOS="1017"/>
                  <String HEIGHT="49"
                          WIDTH="109"
                          VPOS="493"
                          HPOS="976"
                          CONTENT="quod"/>
                  <SP HEIGHT="49" WIDTH="14" VPOS="493" HPOS="1085"/>
                  <String HEIGHT="49" WIDTH="95" VPOS="493" HPOS="1044" CONTENT="est"/>
                  <SP HEIGHT="49" WIDTH="14" VPOS="493" HPOS="1139"/>
                  <String HEIGHT="49"
                          WIDTH="109"
                          VPOS="493"
                          HPOS="1098"
                          CONTENT="homo"/>
                  <SP HEIGHT="49" WIDTH="14" VPOS="493" HPOS="1207"/>
                  <String HEIGHT="49" WIDTH="54" VPOS="493" HPOS="1153" CONTENT="in"/>
               </TextLine>
               <TextLine ID="r3l12"
                         BASELINE="578"
                         HEIGHT="46"
                         WIDTH="501"
                         VPOS="532"
                         HPOS="700">
                  <String HEIGHT="46" WIDTH="103" VPOS="532" HPOS="685" CONTENT="hoc"/>
                  <SP HEIGHT="46" WIDTH="15" VPOS="532" HPOS="788"/>
                  <String HEIGHT="46"
                          WIDTH="177"
                          VPOS="532"
                          HPOS="744"
                          CONTENT="exemplo,"/>
                  <SP HEIGHT="46" WIDTH="15" VPOS="532" HPOS="921"/>
                  <String HEIGHT="46" WIDTH="74" VPOS="532" HPOS="877" CONTENT="&amp;"/>
                  <SP HEIGHT="46" WIDTH="15" VPOS="532" HPOS="951"/>
                  <String HEIGHT="46"
                          WIDTH="206"
                          VPOS="532"
                          HPOS="906"
                          CONTENT="oppositum,"/>
                  <SP HEIGHT="46" WIDTH="15" VPOS="532" HPOS="1113"/>
                  <String HEIGHT="46"
                          WIDTH="118"
                          VPOS="532"
                          HPOS="1068"
                          CONTENT="quid"/>
                  <SP HEIGHT="46" WIDTH="15" VPOS="532" HPOS="1186"/>
                  <String HEIGHT="46" WIDTH="74" VPOS="532" HPOS="1127" CONTENT="est"/>
               </TextLine>
               <TextLine ID="r3l13"
                         BASELINE="617"
                         HEIGHT="47"
                         WIDTH="494"
                         VPOS="570"
                         HPOS="707">
                  <String HEIGHT="47" WIDTH="99" VPOS="570" HPOS="693" CONTENT="non"/>
                  <SP HEIGHT="47" WIDTH="14" VPOS="570" HPOS="792"/>
                  <String HEIGHT="47"
                          WIDTH="169"
                          VPOS="570"
                          HPOS="749"
                          CONTENT="musicum:"/>
                  <SP HEIGHT="47" WIDTH="14" VPOS="570" HPOS="919"/>
                  <String HEIGHT="47" WIDTH="71" VPOS="570" HPOS="876" CONTENT="&amp;"/>
                  <SP HEIGHT="47" WIDTH="14" VPOS="570" HPOS="947"/>
                  <String HEIGHT="47"
                          WIDTH="183"
                          VPOS="570"
                          HPOS="905"
                          CONTENT="intelligo"/>
                  <SP HEIGHT="47" WIDTH="14" VPOS="570" HPOS="1088"/>
                  <String HEIGHT="47" WIDTH="99" VPOS="570" HPOS="1046" CONTENT="per"/>
                  <SP HEIGHT="47" WIDTH="14" VPOS="570" HPOS="1145"/>
                  <String HEIGHT="47"
                          WIDTH="113"
                          VPOS="570"
                          HPOS="1088"
                          CONTENT="illud,"/>
               </TextLine>
               <TextLine ID="r3l14"
                         BASELINE="650"
                         HEIGHT="41"
                         WIDTH="508"
                         VPOS="609"
                         HPOS="702">
                  <String HEIGHT="41"
                          WIDTH="131"
                          VPOS="609"
                          HPOS="687"
                          CONTENT="cuius"/>
                  <SP HEIGHT="41" WIDTH="15" VPOS="609" HPOS="818"/>
                  <String HEIGHT="41"
                          WIDTH="189"
                          VPOS="609"
                          HPOS="775"
                          CONTENT="generatio"/>
                  <SP HEIGHT="41" WIDTH="15" VPOS="609" HPOS="963"/>
                  <String HEIGHT="41"
                          WIDTH="218"
                          VPOS="609"
                          HPOS="920"
                          CONTENT="attribuitur"/>
                  <SP HEIGHT="41" WIDTH="15" VPOS="609" HPOS="1137"/>
                  <String HEIGHT="41"
                          WIDTH="102"
                          VPOS="609"
                          HPOS="1094"
                          CONTENT="rei"/>
                  <SP HEIGHT="41" WIDTH="15" VPOS="609" HPOS="1195"/>
                  <String HEIGHT="41" WIDTH="73" VPOS="609" HPOS="1137" CONTENT="com"/>
               </TextLine>
               <TextLine ID="r3l15"
                         BASELINE="688"
                         HEIGHT="40"
                         WIDTH="495"
                         VPOS="648"
                         HPOS="706">
                  <String HEIGHT="40"
                          WIDTH="145"
                          VPOS="648"
                          HPOS="694"
                          CONTENT="positae,"/>
                  <SP HEIGHT="40" WIDTH="12" VPOS="648" HPOS="839"/>
                  <String HEIGHT="40"
                          WIDTH="121"
                          VPOS="648"
                          HPOS="803"
                          CONTENT="illud,"/>
                  <SP HEIGHT="40" WIDTH="12" VPOS="648" HPOS="923"/>
                  <String HEIGHT="40" WIDTH="97" VPOS="648" HPOS="887" CONTENT="quod"/>
                  <SP HEIGHT="40" WIDTH="12" VPOS="648" HPOS="984"/>
                  <String HEIGHT="40"
                          WIDTH="181"
                          VPOS="648"
                          HPOS="947"
                          CONTENT="attribuitur"/>
                  <SP HEIGHT="40" WIDTH="12" VPOS="648" HPOS="1129"/>
                  <String HEIGHT="40"
                          WIDTH="121"
                          VPOS="648"
                          HPOS="1080"
                          CONTENT="vtrique,"/>
               </TextLine>
               <TextLine ID="r3l16"
                         BASELINE="737"
                         HEIGHT="54"
                         WIDTH="514"
                         VPOS="683"
                         HPOS="699">
                  <String HEIGHT="54"
                          WIDTH="119"
                          VPOS="683"
                          HPOS="686"
                          CONTENT="licet"/>
                  <SP HEIGHT="54" WIDTH="13" VPOS="683" HPOS="804"/>
                  <String HEIGHT="54"
                          WIDTH="171"
                          VPOS="683"
                          HPOS="765"
                          CONTENT="opposito,"/>
                  <SP HEIGHT="54" WIDTH="13" VPOS="683" HPOS="936"/>
                  <String HEIGHT="54" WIDTH="66" VPOS="683" HPOS="897" CONTENT="&amp;"/>
                  <SP HEIGHT="54" WIDTH="13" VPOS="683" HPOS="963"/>
                  <String HEIGHT="54"
                          WIDTH="171"
                          VPOS="683"
                          HPOS="923"
                          CONTENT="subiecto,"/>
                  <SP HEIGHT="54" WIDTH="13" VPOS="683" HPOS="1094"/>
                  <String HEIGHT="54"
                          WIDTH="105"
                          VPOS="683"
                          HPOS="1055"
                          CONTENT="quod"/>
                  <SP HEIGHT="54" WIDTH="13" VPOS="683" HPOS="1160"/>
                  <String HEIGHT="54" WIDTH="92" VPOS="683" HPOS="1121" CONTENT="est"/>
                  <SP HEIGHT="54" WIDTH="13" VPOS="683" HPOS="1213"/>
                  <String HEIGHT="54" WIDTH="53" VPOS="683" HPOS="1160" CONTENT="ho"/>
               </TextLine>
               <TextLine ID="r3l17"
                         BASELINE="776"
                         HEIGHT="51"
                         WIDTH="503"
                         VPOS="725"
                         HPOS="704">
                  <String HEIGHT="51" WIDTH="66" VPOS="725" HPOS="693" CONTENT="mo"/>
                  <SP HEIGHT="51" WIDTH="11" VPOS="725" HPOS="759"/>
                  <String HEIGHT="51" WIDTH="77" VPOS="725" HPOS="726" CONTENT="non"/>
                  <SP HEIGHT="51" WIDTH="11" VPOS="725" HPOS="802"/>
                  <String HEIGHT="51"
                          WIDTH="131"
                          VPOS="725"
                          HPOS="770"
                          CONTENT="musicus:"/>
                  <SP HEIGHT="51" WIDTH="11" VPOS="725" HPOS="901"/>
                  <String HEIGHT="51" WIDTH="55" VPOS="725" HPOS="868" CONTENT="&amp;"/>
                  <SP HEIGHT="51" WIDTH="11" VPOS="725" HPOS="923"/>
                  <String HEIGHT="51"
                          WIDTH="186"
                          VPOS="725"
                          HPOS="890"
                          CONTENT="vniversaliter"/>
                  <SP HEIGHT="51" WIDTH="11" VPOS="725" HPOS="1076"/>
                  <String HEIGHT="51"
                          WIDTH="109"
                          VPOS="725"
                          HPOS="1043"
                          CONTENT="dicit:"/>
                  <SP HEIGHT="51" WIDTH="11" VPOS="725" HPOS="1152"/>
                  <String HEIGHT="51"
                          WIDTH="87"
                          VPOS="725"
                          HPOS="1120"
                          CONTENT="quod"/>
                  <SP HEIGHT="51" WIDTH="11" VPOS="725" HPOS="1207"/>
                  <String HEIGHT="51" WIDTH="44" VPOS="725" HPOS="1163" CONTENT="ge"/>
               </TextLine>
               <TextLine ID="r3l18"
                         BASELINE="801"
                         HEIGHT="36"
                         WIDTH="506"
                         VPOS="765"
                         HPOS="698">
                  <String HEIGHT="36"
                          WIDTH="150"
                          VPOS="765"
                          HPOS="684"
                          CONTENT="neratio"/>
                  <SP HEIGHT="36" WIDTH="14" VPOS="765" HPOS="835"/>
                  <String HEIGHT="36"
                          WIDTH="205"
                          VPOS="765"
                          HPOS="794"
                          CONTENT="attribuitur"/>
                  <SP HEIGHT="36" WIDTH="14" VPOS="765" HPOS="999"/>
                  <String HEIGHT="36"
                          WIDTH="178"
                          VPOS="765"
                          HPOS="958"
                          CONTENT="opposito,"/>
                  <SP HEIGHT="36" WIDTH="14" VPOS="765" HPOS="1136"/>
                  <String HEIGHT="36" WIDTH="68" VPOS="765" HPOS="1095" CONTENT="&amp;"/>
                  <SP HEIGHT="36" WIDTH="14" VPOS="765" HPOS="1163"/>
                  <String HEIGHT="36"
                          WIDTH="96"
                          VPOS="765"
                          HPOS="1108"
                          CONTENT="subie"/>
               </TextLine>
               <TextLine ID="r3l19"
                         BASELINE="842"
                         HEIGHT="40"
                         WIDTH="505"
                         VPOS="802"
                         HPOS="702">
                  <String HEIGHT="40"
                          WIDTH="130"
                          VPOS="802"
                          HPOS="686"
                          CONTENT="cto,"/>
                  <SP HEIGHT="40" WIDTH="16" VPOS="802" HPOS="816"/>
                  <String HEIGHT="40" WIDTH="81" VPOS="802" HPOS="767" CONTENT="&amp;"/>
                  <SP HEIGHT="40" WIDTH="16" VPOS="802" HPOS="849"/>
                  <String HEIGHT="40"
                          WIDTH="195"
                          VPOS="802"
                          HPOS="800"
                          CONTENT="ambobus."/>
                  <SP HEIGHT="40" WIDTH="16" VPOS="802" HPOS="995"/>
                  <String HEIGHT="40" WIDTH="81" VPOS="802" HPOS="946" CONTENT="&amp;"/>
                  <SP HEIGHT="40" WIDTH="16" VPOS="802" HPOS="1028"/>
                  <String HEIGHT="40" WIDTH="114" VPOS="802" HPOS="979" CONTENT="per"/>
                  <SP HEIGHT="40" WIDTH="16" VPOS="802" HPOS="1093"/>
                  <String HEIGHT="40"
                          WIDTH="179"
                          VPOS="802"
                          HPOS="1028"
                          CONTENT="oppositum"/>
               </TextLine>
               <TextLine ID="r3l20"
                         BASELINE="884"
                         HEIGHT="43"
                         WIDTH="503"
                         VPOS="841"
                         HPOS="699">
                  <String HEIGHT="43"
                          WIDTH="182"
                          VPOS="841"
                          HPOS="685"
                          CONTENT="intellige"/>
                  <SP HEIGHT="43" WIDTH="14" VPOS="841" HPOS="867"/>
                  <String HEIGHT="43"
                          WIDTH="210"
                          VPOS="841"
                          HPOS="825"
                          CONTENT="contrarium,"/>
                  <SP HEIGHT="43" WIDTH="14" VPOS="841" HPOS="1034"/>
                  <String HEIGHT="43" WIDTH="70" VPOS="841" HPOS="992" CONTENT="&amp;"/>
                  <SP HEIGHT="43" WIDTH="14" VPOS="841" HPOS="1062"/>
                  <String HEIGHT="43"
                          WIDTH="196"
                          VPOS="841"
                          HPOS="1006"
                          CONTENT="priuationem:"/>
               </TextLine>
               <TextLine ID="r3l21"
                         BASELINE="921"
                         HEIGHT="41"
                         WIDTH="503"
                         VPOS="880"
                         HPOS="702">
                  <String HEIGHT="41" WIDTH="94" VPOS="880" HPOS="690" CONTENT="&amp;hoc"/>
                  <SP HEIGHT="41" WIDTH="12" VPOS="880" HPOS="784"/>
                  <String HEIGHT="41" WIDTH="82" VPOS="880" HPOS="749" CONTENT="est"/>
                  <SP HEIGHT="41" WIDTH="12" VPOS="880" HPOS="831"/>
                  <String HEIGHT="41"
                          WIDTH="140"
                          VPOS="880"
                          HPOS="796"
                          CONTENT="commune,"/>
                  <SP HEIGHT="41" WIDTH="12" VPOS="880" HPOS="936"/>
                  <String HEIGHT="41" WIDTH="94" VPOS="880" HPOS="901" CONTENT="siue"/>
                  <SP HEIGHT="41" WIDTH="12" VPOS="880" HPOS="994"/>
                  <String HEIGHT="41"
                          WIDTH="152"
                          VPOS="880"
                          HPOS="959"
                          CONTENT="generatio"/>
                  <SP HEIGHT="41" WIDTH="12" VPOS="880" HPOS="1111"/>
                  <String HEIGHT="41" WIDTH="82" VPOS="880" HPOS="1076" CONTENT="sit"/>
                  <SP HEIGHT="41" WIDTH="12" VPOS="880" HPOS="1158"/>
                  <String HEIGHT="41" WIDTH="70" VPOS="880" HPOS="1123" CONTENT="in"/>
                  <SP HEIGHT="41" WIDTH="12" VPOS="880" HPOS="1193"/>
                  <String HEIGHT="41" WIDTH="58" VPOS="880" HPOS="1147" CONTENT="sub"/>
               </TextLine>
               <TextLine ID="r3l22"
                         BASELINE="968"
                         HEIGHT="50"
                         WIDTH="495"
                         VPOS="918"
                         HPOS="702">
                  <String HEIGHT="50"
                          WIDTH="161"
                          VPOS="918"
                          HPOS="689"
                          CONTENT="stantia,"/>
                  <SP HEIGHT="50" WIDTH="13" VPOS="918" HPOS="849"/>
                  <String HEIGHT="50" WIDTH="94" VPOS="918" HPOS="809" CONTENT="aut"/>
                  <SP HEIGHT="50" WIDTH="13" VPOS="918" HPOS="903"/>
                  <String HEIGHT="50" WIDTH="80" VPOS="918" HPOS="863" CONTENT="in"/>
                  <SP HEIGHT="50" WIDTH="13" VPOS="918" HPOS="943"/>
                  <String HEIGHT="50"
                          WIDTH="120"
                          VPOS="918"
                          HPOS="903"
                          CONTENT="aliis"/>
                  <SP HEIGHT="50" WIDTH="13" VPOS="918" HPOS="1023"/>
                  <String HEIGHT="50"
                          WIDTH="227"
                          VPOS="918"
                          HPOS="970"
                          CONTENT="praedicamentis,"/>
               </TextLine>
               <TextLine ID="r3l23"
                         BASELINE="1009"
                         HEIGHT="53"
                         WIDTH="500"
                         VPOS="956"
                         HPOS="707">
                  <String HEIGHT="53" WIDTH="92" VPOS="956" HPOS="694" CONTENT="Et,"/>
                  <SP HEIGHT="53" WIDTH="13" VPOS="956" HPOS="786"/>
                  <String HEIGHT="53" WIDTH="92" VPOS="956" HPOS="746" CONTENT="cum"/>
                  <SP HEIGHT="53" WIDTH="13" VPOS="956" HPOS="839"/>
                  <String HEIGHT="53"
                          WIDTH="197"
                          VPOS="956"
                          HPOS="799"
                          CONTENT="notificauit"/>
                  <SP HEIGHT="53" WIDTH="13" VPOS="956" HPOS="996"/>
                  <String HEIGHT="53"
                          WIDTH="105"
                          VPOS="956"
                          HPOS="957"
                          CONTENT="quod"/>
                  <SP HEIGHT="53" WIDTH="13" VPOS="956" HPOS="1062"/>
                  <String HEIGHT="53"
                          WIDTH="171"
                          VPOS="956"
                          HPOS="1023"
                          CONTENT="generatio"/>
                  <SP HEIGHT="53" WIDTH="13" VPOS="956" HPOS="1194"/>
                  <String HEIGHT="53"
                          WIDTH="66"
                          VPOS="956"
                          HPOS="1141"
                          CONTENT="at"
                          SUBS_TYPE="HypPart1"
                          SUBS_CONTENT="attribuitur"/>
                  <HYP CONTENT="-"/>
               </TextLine>
               <TextLine ID="r3l24"
                         BASELINE="1042"
                         HEIGHT="48"
                         WIDTH="494"
                         VPOS="994"
                         HPOS="707">
                  <String HEIGHT="48"
                          WIDTH="174"
                          VPOS="994"
                          HPOS="694"
                          CONTENT="tribuitur"
                          SUBS_TYPE="HypPart2"
                          SUBS_CONTENT="attribuitur"/>
                  <SP HEIGHT="48" WIDTH="13" VPOS="994" HPOS="867"/>
                  <String HEIGHT="48" WIDTH="93" VPOS="994" HPOS="827" CONTENT="his"/>
                  <SP HEIGHT="48" WIDTH="13" VPOS="994" HPOS="921"/>
                  <String HEIGHT="48"
                          WIDTH="134"
                          VPOS="994"
                          HPOS="881"
                          CONTENT="duobus"/>
                  <SP HEIGHT="48" WIDTH="13" VPOS="994" HPOS="1014"/>
                  <String HEIGHT="48"
                          WIDTH="214"
                          VPOS="994"
                          HPOS="974"
                          CONTENT="simplicibus,"/>
                  <SP HEIGHT="48" WIDTH="13" VPOS="994" HPOS="1188"/>
                  <String HEIGHT="48"
                          WIDTH="67"
                          VPOS="994"
                          HPOS="1134"
                          CONTENT="de"
                          SUBS_TYPE="HypPart1"
                          SUBS_CONTENT="dedit"/>
                  <HYP CONTENT="-"/>
               </TextLine>
               <TextLine ID="r3l25"
                         BASELINE="1075"
                         HEIGHT="40"
                         WIDTH="500"
                         VPOS="1035"
                         HPOS="703">
                  <String HEIGHT="40"
                          WIDTH="80"
                          VPOS="1035"
                          HPOS="692"
                          CONTENT="dit"
                          SUBS_TYPE="HypPart2"
                          SUBS_CONTENT="dedit"/>
                  <SP HEIGHT="40" WIDTH="11" VPOS="1035" HPOS="771"/>
                  <String HEIGHT="40"
                          WIDTH="148"
                          VPOS="1035"
                          HPOS="737"
                          CONTENT="dicituram"/>
                  <SP HEIGHT="40" WIDTH="11" VPOS="1035" HPOS="885"/>
                  <String HEIGHT="40"
                          WIDTH="102"
                          VPOS="1035"
                          HPOS="851"
                          CONTENT="inter"/>
                  <SP HEIGHT="40" WIDTH="11" VPOS="1035" HPOS="953"/>
                  <String HEIGHT="40"
                          WIDTH="102"
                          VPOS="1035"
                          HPOS="919"
                          CONTENT="illam"/>
                  <SP HEIGHT="40" WIDTH="11" VPOS="1035" HPOS="1021"/>
                  <String HEIGHT="40"
                          WIDTH="136"
                          VPOS="1035"
                          HPOS="987"
                          CONTENT="secundum"/>
                  <SP HEIGHT="40" WIDTH="11" VPOS="1035" HPOS="1123"/>
                  <String HEIGHT="40"
                          WIDTH="114"
                          VPOS="1035"
                          HPOS="1089"
                          CONTENT="vocem,"/>
                  <SP HEIGHT="40" WIDTH="11" VPOS="1035" HPOS="1203"/>
                  <String HEIGHT="40" WIDTH="57" VPOS="1035" HPOS="1169" CONTENT="&amp;"/>
                  <SP HEIGHT="40" WIDTH="11" VPOS="1035" HPOS="1226"/>
                  <String HEIGHT="40" WIDTH="23" VPOS="1035" HPOS="1180" CONTENT=""/>
               </TextLine>
               <TextLine ID="r3l26"
                         BASELINE="1114"
                         HEIGHT="42"
                         WIDTH="498"
                         VPOS="1072"
                         HPOS="705">
                  <String HEIGHT="42"
                          WIDTH="153"
                          VPOS="1072"
                          HPOS="692"
                          CONTENT="secundum"/>
                  <SP HEIGHT="42" WIDTH="13" VPOS="1072" HPOS="845"/>
                  <String HEIGHT="42"
                          WIDTH="102"
                          VPOS="1072"
                          HPOS="807"
                          CONTENT="rem,"/>
                  <SP HEIGHT="42" WIDTH="13" VPOS="1072" HPOS="909"/>
                  <String HEIGHT="42" WIDTH="64" VPOS="1072" HPOS="871" CONTENT="&amp;"/>
                  <SP HEIGHT="42" WIDTH="13" VPOS="1072" HPOS="935"/>
                  <String HEIGHT="42"
                          WIDTH="128"
                          VPOS="1072"
                          HPOS="897"
                          CONTENT="dixit:"/>
                  <SP HEIGHT="42" WIDTH="13" VPOS="1072" HPOS="1024"/>
                  <String HEIGHT="42" WIDTH="89" VPOS="1072" HPOS="986" CONTENT="Sed"/>
                  <SP HEIGHT="42" WIDTH="13" VPOS="1072" HPOS="1075"/>
                  <String HEIGHT="42"
                          WIDTH="140"
                          VPOS="1072"
                          HPOS="1037"
                          CONTENT="alterum"/>
                  <SP HEIGHT="42" WIDTH="13" VPOS="1072" HPOS="1177"/>
                  <String HEIGHT="42"
                          WIDTH="77"
                          VPOS="1072"
                          HPOS="1126"
                          CONTENT="duo"
                          SUBS_TYPE="HypPart1"
                          SUBS_CONTENT="duorum,"/>
                  <HYP CONTENT="-"/>
               </TextLine>
               <TextLine ID="line_1610832505891_1494"
                         BASELINE="1153"
                         HEIGHT="44"
                         WIDTH="504"
                         VPOS="1109"
                         HPOS="701">
                  <String HEIGHT="44"
                          WIDTH="106"
                          VPOS="1109"
                          HPOS="688"
                          CONTENT="rum,"
                          SUBS_TYPE="HypPart2"
                          SUBS_CONTENT="duorum,"/>
                  <SP HEIGHT="44" WIDTH="13" VPOS="1109" HPOS="794"/>
                  <String HEIGHT="44" WIDTH="93" VPOS="1109" HPOS="754" CONTENT="&amp;c."/>
                  <SP HEIGHT="44" WIDTH="13" VPOS="1109" HPOS="847"/>
                  <String HEIGHT="44" WIDTH="80" VPOS="1109" HPOS="807" CONTENT="i."/>
                  <SP HEIGHT="44" WIDTH="13" VPOS="1109" HPOS="887"/>
                  <String HEIGHT="44" WIDTH="93" VPOS="1109" HPOS="847" CONTENT="sed"/>
                  <SP HEIGHT="44" WIDTH="13" VPOS="1109" HPOS="940"/>
                  <String HEIGHT="44"
                          WIDTH="172"
                          VPOS="1109"
                          HPOS="900"
                          CONTENT="oppositum"/>
                  <SP HEIGHT="44" WIDTH="13" VPOS="1109" HPOS="1072"/>
                  <String HEIGHT="44"
                          WIDTH="146"
                          VPOS="1109"
                          HPOS="1033"
                          CONTENT="potest,"/>
                  <SP HEIGHT="44" WIDTH="13" VPOS="1109" HPOS="1178"/>
                  <String HEIGHT="44"
                          WIDTH="80"
                          VPOS="1109"
                          HPOS="1125"
                          CONTENT="pro"
                          SUBS_TYPE="HypPart1"
                          SUBS_CONTENT="proferri"/>
                  <HYP CONTENT="-"/>
               </TextLine>
               <TextLine ID="r3l29"
                         BASELINE="1195"
                         HEIGHT="46"
                         WIDTH="504"
                         VPOS="1149"
                         HPOS="702">
                  <String HEIGHT="46"
                          WIDTH="130"
                          VPOS="1149"
                          HPOS="688"
                          CONTENT="ferri"
                          SUBS_TYPE="HypPart2"
                          SUBS_CONTENT="proferri"/>
                  <SP HEIGHT="46" WIDTH="14" VPOS="1149" HPOS="817"/>
                  <String HEIGHT="46"
                          WIDTH="144"
                          VPOS="1149"
                          HPOS="774"
                          CONTENT="duobus"/>
                  <SP HEIGHT="46" WIDTH="14" VPOS="1149" HPOS="918"/>
                  <String HEIGHT="46"
                          WIDTH="144"
                          VPOS="1149"
                          HPOS="875"
                          CONTENT="modis,"/>
                  <SP HEIGHT="46" WIDTH="14" VPOS="1149" HPOS="1019"/>
                  <String HEIGHT="46"
                          WIDTH="158"
                          VPOS="1149"
                          HPOS="976"
                          CONTENT="dicitur"/>
                  <SP HEIGHT="46" WIDTH="14" VPOS="1149" HPOS="1134"/>
                  <String HEIGHT="46"
                          WIDTH="115"
                          VPOS="1149"
                          HPOS="1091"
                          CONTENT="enim"/>
                  <SP HEIGHT="46" WIDTH="14" VPOS="1149" HPOS="1206"/>
                  <String HEIGHT="46" WIDTH="58" VPOS="1149" HPOS="1148" CONTENT="ip"/>
               </TextLine>
               <TextLine ID="r3l30"
                         BASELINE="1226"
                         HEIGHT="37"
                         WIDTH="500"
                         VPOS="1189"
                         HPOS="703">
                  <String HEIGHT="37" WIDTH="95" VPOS="1189" HPOS="689" CONTENT="sum"/>
                  <SP HEIGHT="37" WIDTH="14" VPOS="1189" HPOS="784"/>
                  <String HEIGHT="37"
                          WIDTH="122"
                          VPOS="1189"
                          HPOS="744"
                          CONTENT="fieri"/>
                  <SP HEIGHT="37" WIDTH="14" VPOS="1189" HPOS="865"/>
                  <String HEIGHT="37"
                          WIDTH="108"
                          VPOS="1189"
                          HPOS="825"
                          CONTENT="hoc,"/>
                  <SP HEIGHT="37" WIDTH="14" VPOS="1189" HPOS="933"/>
                  <String HEIGHT="37" WIDTH="68" VPOS="1189" HPOS="892" CONTENT="&amp;"/>
                  <SP HEIGHT="37" WIDTH="14" VPOS="1189" HPOS="960"/>
                  <String HEIGHT="37" WIDTH="81" VPOS="1189" HPOS="919" CONTENT="ex"/>
                  <SP HEIGHT="37" WIDTH="14" VPOS="1189" HPOS="1000"/>
                  <String HEIGHT="37"
                          WIDTH="108"
                          VPOS="1189"
                          HPOS="960"
                          CONTENT="ipso"/>
                  <SP HEIGHT="37" WIDTH="14" VPOS="1189" HPOS="1068"/>
                  <String HEIGHT="37"
                          WIDTH="122"
                          VPOS="1189"
                          HPOS="1027"
                          CONTENT="fieri"/>
                  <SP HEIGHT="37" WIDTH="14" VPOS="1189" HPOS="1149"/>
                  <String HEIGHT="37"
                          WIDTH="108"
                          VPOS="1189"
                          HPOS="1108"
                          CONTENT="hoc."/>
                  <SP HEIGHT="37" WIDTH="14" VPOS="1189" HPOS="1217"/>
                  <String HEIGHT="37" WIDTH="41" VPOS="1189" HPOS="1162" CONTENT="&amp;"/>
               </TextLine>
               <TextLine ID="r3l31"
                         BASELINE="1274"
                         HEIGHT="47"
                         WIDTH="502"
                         VPOS="1227"
                         HPOS="704">
                  <String HEIGHT="47" WIDTH="88" VPOS="1227" HPOS="691" CONTENT="hoc"/>
                  <SP HEIGHT="47" WIDTH="13" VPOS="1227" HPOS="779"/>
                  <String HEIGHT="47" WIDTH="88" VPOS="1227" HPOS="742" CONTENT="est"/>
                  <SP HEIGHT="47" WIDTH="13" VPOS="1227" HPOS="830"/>
                  <String HEIGHT="47"
                          WIDTH="151"
                          VPOS="1227"
                          HPOS="792"
                          CONTENT="secundum"/>
                  <SP HEIGHT="47" WIDTH="13" VPOS="1227" HPOS="942"/>
                  <String HEIGHT="47"
                          WIDTH="126"
                          VPOS="1227"
                          HPOS="905"
                          CONTENT="idioma"/>
                  <SP HEIGHT="47" WIDTH="13" VPOS="1227" HPOS="1030"/>
                  <String HEIGHT="47"
                          WIDTH="176"
                          VPOS="1227"
                          HPOS="993"
                          CONTENT="Graecorum."/>
                  <SP HEIGHT="47" WIDTH="13" VPOS="1227" HPOS="1168"/>
                  <String HEIGHT="47"
                          WIDTH="88"
                          VPOS="1227"
                          HPOS="1118"
                          CONTENT="&amp;ideo"/>
               </TextLine>
               <TextLine ID="r3l32"
                         BASELINE="1306"
                         HEIGHT="43"
                         WIDTH="505"
                         VPOS="1263"
                         HPOS="702">
                  <String HEIGHT="43"
                          WIDTH="129"
                          VPOS="1263"
                          HPOS="689"
                          CONTENT="dixit:"/>
                  <SP HEIGHT="43" WIDTH="13" VPOS="1263" HPOS="819"/>
                  <String HEIGHT="43"
                          WIDTH="142"
                          VPOS="1263"
                          HPOS="780"
                          CONTENT="dicimus"/>
                  <SP HEIGHT="43" WIDTH="13" VPOS="1263" HPOS="922"/>
                  <String HEIGHT="43"
                          WIDTH="104"
                          VPOS="1263"
                          HPOS="883"
                          CONTENT="enim"/>
                  <SP HEIGHT="43" WIDTH="13" VPOS="1263" HPOS="987"/>
                  <String HEIGHT="43"
                          WIDTH="104"
                          VPOS="1263"
                          HPOS="948"
                          CONTENT="quod"/>
                  <SP HEIGHT="43" WIDTH="13" VPOS="1263" HPOS="1052"/>
                  <String HEIGHT="43" WIDTH="78" VPOS="1263" HPOS="1013" CONTENT="ex"/>
                  <SP HEIGHT="43" WIDTH="13" VPOS="1263" HPOS="1090"/>
                  <String HEIGHT="43"
                          WIDTH="91"
                          VPOS="1263"
                          HPOS="1052"
                          CONTENT="non"/>
                  <SP HEIGHT="43" WIDTH="13" VPOS="1263" HPOS="1142"/>
                  <String HEIGHT="43"
                          WIDTH="117"
                          VPOS="1263"
                          HPOS="1090"
                          CONTENT="musico,"/>
               </TextLine>
               <TextLine ID="r3l33"
                         BASELINE="1346"
                         HEIGHT="40"
                         WIDTH="501"
                         VPOS="1306"
                         HPOS="703">
                  <String HEIGHT="40" WIDTH="88" VPOS="1306" HPOS="690" CONTENT="&amp;c."/>
                  <SP HEIGHT="40" WIDTH="13" VPOS="1306" HPOS="778"/>
                  <String HEIGHT="40"
                          WIDTH="150"
                          VPOS="1306"
                          HPOS="741"
                          CONTENT="reliquum"/>
                  <SP HEIGHT="40" WIDTH="13" VPOS="1306" HPOS="891"/>
                  <String HEIGHT="40"
                          WIDTH="100"
                          VPOS="1306"
                          HPOS="853"
                          CONTENT="vero"/>
                  <SP HEIGHT="40" WIDTH="13" VPOS="1306" HPOS="954"/>
                  <String HEIGHT="40"
                          WIDTH="150"
                          VPOS="1306"
                          HPOS="916"
                          CONTENT="scilicet"/>
                  <SP HEIGHT="40" WIDTH="13" VPOS="1306" HPOS="1066"/>
                  <String HEIGHT="40"
                          WIDTH="163"
                          VPOS="1306"
                          HPOS="1029"
                          CONTENT="subiectum"/>
                  <SP HEIGHT="40" WIDTH="13" VPOS="1306" HPOS="1191"/>
                  <String HEIGHT="40"
                          WIDTH="63"
                          VPOS="1306"
                          HPOS="1141"
                          CONTENT="non"/>
               </TextLine>
               <TextLine ID="r3l34"
                         BASELINE="1390"
                         HEIGHT="49"
                         WIDTH="491"
                         VPOS="1341"
                         HPOS="711">
                  <String HEIGHT="49"
                          WIDTH="148"
                          VPOS="1341"
                          HPOS="700"
                          CONTENT="profertur"/>
                  <SP HEIGHT="49" WIDTH="11" VPOS="1341" HPOS="848"/>
                  <String HEIGHT="49"
                          WIDTH="91"
                          VPOS="1341"
                          HPOS="814"
                          CONTENT="nisi"/>
                  <SP HEIGHT="49" WIDTH="11" VPOS="1341" HPOS="905"/>
                  <String HEIGHT="49" WIDTH="80" VPOS="1341" HPOS="871" CONTENT="vno"/>
                  <SP HEIGHT="49" WIDTH="11" VPOS="1341" HPOS="951"/>
                  <String HEIGHT="49"
                          WIDTH="91"
                          VPOS="1341"
                          HPOS="917"
                          CONTENT="modo"/>
                  <SP HEIGHT="49" WIDTH="11" VPOS="1341" HPOS="1008"/>
                  <String HEIGHT="49"
                          WIDTH="137"
                          VPOS="1341"
                          HPOS="974"
                          CONTENT="scilicet"/>
                  <SP HEIGHT="49" WIDTH="11" VPOS="1341" HPOS="1111"/>
                  <String HEIGHT="49"
                          WIDTH="103"
                          VPOS="1341"
                          HPOS="1076"
                          CONTENT="ipsum"/>
                  <SP HEIGHT="49" WIDTH="11" VPOS="1341" HPOS="1179"/>
                  <String HEIGHT="49"
                          WIDTH="69"
                          VPOS="1341"
                          HPOS="1133"
                          CONTENT="fie"
                          SUBS_TYPE="HypPart1"
                          SUBS_CONTENT="fieri"/>
                  <HYP CONTENT="-"/>
               </TextLine>
               <TextLine ID="r3l35"
                         BASELINE="1419"
                         HEIGHT="30"
                         WIDTH="497"
                         VPOS="1389"
                         HPOS="706">
                  <String HEIGHT="30"
                          WIDTH="75"
                          VPOS="1389"
                          HPOS="694"
                          CONTENT="ri"
                          SUBS_TYPE="HypPart2"
                          SUBS_CONTENT="fieri"/>
                  <SP HEIGHT="30" WIDTH="12" VPOS="1389" HPOS="768"/>
                  <String HEIGHT="30"
                          WIDTH="99"
                          VPOS="1389"
                          HPOS="731"
                          CONTENT="hoc,"/>
                  <SP HEIGHT="30" WIDTH="12" VPOS="1389" HPOS="830"/>
                  <String HEIGHT="30" WIDTH="87" VPOS="1389" HPOS="793" CONTENT="non"/>
                  <SP HEIGHT="30" WIDTH="12" VPOS="1389" HPOS="880"/>
                  <String HEIGHT="30" WIDTH="75" VPOS="1389" HPOS="843" CONTENT="ex"/>
                  <SP HEIGHT="30" WIDTH="12" VPOS="1389" HPOS="917"/>
                  <String HEIGHT="30"
                          WIDTH="99"
                          VPOS="1389"
                          HPOS="880"
                          CONTENT="ipso"/>
                  <SP HEIGHT="30" WIDTH="12" VPOS="1389" HPOS="979"/>
                  <String HEIGHT="30"
                          WIDTH="112"
                          VPOS="1389"
                          HPOS="942"
                          CONTENT="fieri"/>
                  <SP HEIGHT="30" WIDTH="12" VPOS="1389" HPOS="1054"/>
                  <String HEIGHT="30"
                          WIDTH="99"
                          VPOS="1389"
                          HPOS="1017"
                          CONTENT="hoc."/>
                  <SP HEIGHT="30" WIDTH="12" VPOS="1389" HPOS="1116"/>
                  <String HEIGHT="30"
                          WIDTH="87"
                          VPOS="1389"
                          HPOS="1079"
                          CONTENT="non"/>
                  <SP HEIGHT="30" WIDTH="12" VPOS="1389" HPOS="1166"/>
                  <String HEIGHT="30"
                          WIDTH="99"
                          VPOS="1389"
                          HPOS="1128"
                          CONTENT="enim"/>
                  <SP HEIGHT="30" WIDTH="12" VPOS="1389" HPOS="1228"/>
                  <String HEIGHT="30" WIDTH="25" VPOS="1389" HPOS="1178" CONTENT=""/>
               </TextLine>
               <TextLine ID="r3l36"
                         BASELINE="1458"
                         HEIGHT="40"
                         WIDTH="488"
                         VPOS="1418"
                         HPOS="710">
                  <String HEIGHT="40"
                          WIDTH="149"
                          VPOS="1418"
                          HPOS="696"
                          CONTENT="licimus"/>
                  <SP HEIGHT="40" WIDTH="14" VPOS="1418" HPOS="846"/>
                  <String HEIGHT="40"
                          WIDTH="108"
                          VPOS="1418"
                          HPOS="805"
                          CONTENT="quod"/>
                  <SP HEIGHT="40" WIDTH="14" VPOS="1418" HPOS="913"/>
                  <String HEIGHT="40" WIDTH="81" VPOS="1418" HPOS="873" CONTENT="ex"/>
                  <SP HEIGHT="40" WIDTH="14" VPOS="1418" HPOS="954"/>
                  <String HEIGHT="40"
                          WIDTH="149"
                          VPOS="1418"
                          HPOS="913"
                          CONTENT="homine."/>
                  <SP HEIGHT="40" WIDTH="14" VPOS="1418" HPOS="1062"/>
                  <String HEIGHT="40"
                          WIDTH="95"
                          VPOS="1418"
                          HPOS="1022"
                          CONTENT="fit"/>
                  <SP HEIGHT="40" WIDTH="14" VPOS="1418" HPOS="1117"/>
                  <String HEIGHT="40"
                          WIDTH="136"
                          VPOS="1418"
                          HPOS="1062"
                          CONTENT="musicus,"/>
               </TextLine>
               <TextLine ID="r3l37"
                         BASELINE="1499"
                         HEIGHT="44"
                         WIDTH="497"
                         VPOS="1455"
                         HPOS="701">
                  <String HEIGHT="44"
                          WIDTH="112"
                          VPOS="1455"
                          HPOS="685"
                          CONTENT="sed"/>
                  <SP HEIGHT="44" WIDTH="16" VPOS="1455" HPOS="797"/>
                  <String HEIGHT="44"
                          WIDTH="176"
                          VPOS="1455"
                          HPOS="749"
                          CONTENT="dicimus"/>
                  <SP HEIGHT="44" WIDTH="16" VPOS="1455" HPOS="925"/>
                  <String HEIGHT="44"
                          WIDTH="144"
                          VPOS="1455"
                          HPOS="877"
                          CONTENT="honem"/>
                  <SP HEIGHT="44" WIDTH="16" VPOS="1455" HPOS="1022"/>
                  <String HEIGHT="44"
                          WIDTH="144"
                          VPOS="1455"
                          HPOS="974"
                          CONTENT="fieri"/>
                  <SP HEIGHT="44" WIDTH="16" VPOS="1455" HPOS="1118"/>
                  <String HEIGHT="44"
                          WIDTH="144"
                          VPOS="1455"
                          HPOS="1054"
                          CONTENT="musicum"/>
               </TextLine>
               <TextLine ID="r3l38"
                         BASELINE="1538"
                         HEIGHT="43"
                         WIDTH="499"
                         VPOS="1495"
                         HPOS="706">
                  <String HEIGHT="43" WIDTH="71" VPOS="1495" HPOS="694" CONTENT="Et"/>
                  <SP HEIGHT="43" WIDTH="12" VPOS="1495" HPOS="765"/>
                  <String HEIGHT="43"
                          WIDTH="143"
                          VPOS="1495"
                          HPOS="730"
                          CONTENT="notandum"/>
                  <SP HEIGHT="43" WIDTH="12" VPOS="1495" HPOS="872"/>
                  <String HEIGHT="43" WIDTH="83" VPOS="1495" HPOS="837" CONTENT="est"/>
                  <SP HEIGHT="43" WIDTH="12" VPOS="1495" HPOS="920"/>
                  <String HEIGHT="43"
                          WIDTH="95"
                          VPOS="1495"
                          HPOS="884"
                          CONTENT="quod"/>
                  <SP HEIGHT="43" WIDTH="12" VPOS="1495" HPOS="979"/>
                  <String HEIGHT="43" WIDTH="83" VPOS="1495" HPOS="944" CONTENT="hoc"/>
                  <SP HEIGHT="43" WIDTH="12" VPOS="1495" HPOS="1027"/>
                  <String HEIGHT="43" WIDTH="83" VPOS="1495" HPOS="991" CONTENT="est"/>
                  <SP HEIGHT="43" WIDTH="12" VPOS="1495" HPOS="1074"/>
                  <String HEIGHT="43"
                          WIDTH="143"
                          VPOS="1495"
                          HPOS="1039"
                          CONTENT="secundum"/>
                  <SP HEIGHT="43" WIDTH="12" VPOS="1495" HPOS="1181"/>
                  <String HEIGHT="43"
                          WIDTH="71"
                          VPOS="1495"
                          HPOS="1134"
                          CONTENT="idio"/>
               </TextLine>
               <TextLine ID="r3l39"
                         BASELINE="1578"
                         HEIGHT="45"
                         WIDTH="511"
                         VPOS="1533"
                         HPOS="702">
                  <String HEIGHT="45" WIDTH="96" VPOS="1533" HPOS="686" CONTENT="ma"/>
                  <SP HEIGHT="45" WIDTH="16" VPOS="1533" HPOS="782"/>
                  <String HEIGHT="45"
                          WIDTH="224"
                          VPOS="1533"
                          HPOS="734"
                          CONTENT="Graecorum,"/>
                  <SP HEIGHT="45" WIDTH="16" VPOS="1533" HPOS="958"/>
                  <String HEIGHT="45"
                          WIDTH="176"
                          VPOS="1533"
                          HPOS="910"
                          CONTENT="&amp;quodam"/>
                  <SP HEIGHT="45" WIDTH="16" VPOS="1533" HPOS="1085"/>
                  <String HEIGHT="45"
                          WIDTH="128"
                          VPOS="1533"
                          HPOS="1037"
                          CONTENT="modo"/>
                  <SP HEIGHT="45" WIDTH="16" VPOS="1533" HPOS="1165"/>
                  <String HEIGHT="45"
                          WIDTH="112"
                          VPOS="1533"
                          HPOS="1101"
                          CONTENT="acci"
                          SUBS_TYPE="HypPart1"
                          SUBS_CONTENT="accidit"/>
                  <HYP CONTENT="-"/>
               </TextLine>
               <TextLine ID="r3l40"
                         BASELINE="1622"
                         HEIGHT="50"
                         WIDTH="502"
                         VPOS="1572"
                         HPOS="705">
                  <String HEIGHT="50"
                          WIDTH="90"
                          VPOS="1572"
                          HPOS="692"
                          CONTENT="dit"
                          SUBS_TYPE="HypPart2"
                          SUBS_CONTENT="accidit"/>
                  <SP HEIGHT="50" WIDTH="13" VPOS="1572" HPOS="782"/>
                  <String HEIGHT="50" WIDTH="77" VPOS="1572" HPOS="744" CONTENT="in"/>
                  <SP HEIGHT="50" WIDTH="13" VPOS="1572" HPOS="821"/>
                  <String HEIGHT="50" WIDTH="90" VPOS="1572" HPOS="782" CONTENT="hoc"/>
                  <SP HEIGHT="50" WIDTH="13" VPOS="1572" HPOS="872"/>
                  <String HEIGHT="50"
                          WIDTH="154"
                          VPOS="1572"
                          HPOS="834"
                          CONTENT="tempore,"/>
                  <SP HEIGHT="50" WIDTH="13" VPOS="1572" HPOS="988"/>
                  <String HEIGHT="50"
                          WIDTH="103"
                          VPOS="1572"
                          HPOS="950"
                          CONTENT="haec"/>
                  <SP HEIGHT="50" WIDTH="13" VPOS="1572" HPOS="1053"/>
                  <String HEIGHT="50"
                          WIDTH="103"
                          VPOS="1572"
                          HPOS="1014"
                          CONTENT="enim"/>
                  <SP HEIGHT="50" WIDTH="13" VPOS="1572" HPOS="1117"/>
                  <String HEIGHT="50"
                          WIDTH="142"
                          VPOS="1572"
                          HPOS="1065"
                          CONTENT="praeposi"
                          SUBS_TYPE="HypPart1"
                          SUBS_CONTENT="praepositio"/>
                  <HYP CONTENT="-"/>
               </TextLine>
               <TextLine ID="r3l41"
                         BASELINE="1658"
                         HEIGHT="44"
                         WIDTH="504"
                         VPOS="1614"
                         HPOS="706">
                  <String HEIGHT="44"
                          WIDTH="72"
                          VPOS="1614"
                          HPOS="696"
                          CONTENT="tio"
                          SUBS_TYPE="HypPart2"
                          SUBS_CONTENT="praepositio"/>
                  <SP HEIGHT="44" WIDTH="10" VPOS="1614" HPOS="768"/>
                  <String HEIGHT="44" WIDTH="72" VPOS="1614" HPOS="737" CONTENT="Ex,"/>
                  <SP HEIGHT="44" WIDTH="10" VPOS="1614" HPOS="809"/>
                  <String HEIGHT="44" WIDTH="62" VPOS="1614" HPOS="778" CONTENT="in"/>
                  <SP HEIGHT="44" WIDTH="10" VPOS="1614" HPOS="840"/>
                  <String HEIGHT="44"
                          WIDTH="113"
                          VPOS="1614"
                          HPOS="809"
                          CONTENT="Arabito"/>
                  <SP HEIGHT="44" WIDTH="10" VPOS="1614" HPOS="922"/>
                  <String HEIGHT="44" WIDTH="72" VPOS="1614" HPOS="891" CONTENT="est"/>
                  <SP HEIGHT="44" WIDTH="10" VPOS="1614" HPOS="963"/>
                  <String HEIGHT="44"
                          WIDTH="134"
                          VPOS="1614"
                          HPOS="932"
                          CONTENT="communis,"/>
                  <SP HEIGHT="44" WIDTH="10" VPOS="1614" HPOS="1066"/>
                  <String HEIGHT="44"
                          WIDTH="134"
                          VPOS="1614"
                          HPOS="1035"
                          CONTENT="quandoque"/>
                  <SP HEIGHT="44" WIDTH="10" VPOS="1614" HPOS="1169"/>
                  <String HEIGHT="44"
                          WIDTH="82"
                          VPOS="1614"
                          HPOS="1128"
                          CONTENT="igitur"/>
               </TextLine>
               <TextLine ID="r3l42"
                         BASELINE="1690"
                         HEIGHT="39"
                         WIDTH="493"
                         VPOS="1651"
                         HPOS="703">
                  <String HEIGHT="39"
                          WIDTH="117"
                          VPOS="1651"
                          HPOS="690"
                          CONTENT="notat"/>
                  <SP HEIGHT="39" WIDTH="13" VPOS="1651" HPOS="807"/>
                  <String HEIGHT="39"
                          WIDTH="182"
                          VPOS="1651"
                          HPOS="768"
                          CONTENT="oppositum,"/>
                  <SP HEIGHT="39" WIDTH="13" VPOS="1651" HPOS="950"/>
                  <String HEIGHT="39" WIDTH="65" VPOS="1651" HPOS="911" CONTENT="&amp;"/>
                  <SP HEIGHT="39" WIDTH="13" VPOS="1651" HPOS="975"/>
                  <String HEIGHT="39"
                          WIDTH="169"
                          VPOS="1651"
                          HPOS="937"
                          CONTENT="quandoque"/>
                  <SP HEIGHT="39" WIDTH="13" VPOS="1651" HPOS="1105"/>
                  <String HEIGHT="39"
                          WIDTH="143"
                          VPOS="1651"
                          HPOS="1053"
                          CONTENT="subiectum"/>
               </TextLine>
               <TextLine ID="r3l43"
                         BASELINE="1732"
                         HEIGHT="36"
                         WIDTH="498"
                         VPOS="1696"
                         HPOS="703">
                  <String HEIGHT="36"
                          WIDTH="108"
                          VPOS="1696"
                          HPOS="690"
                          CONTENT="haec"/>
                  <SP HEIGHT="36" WIDTH="13" VPOS="1696" HPOS="797"/>
                  <String HEIGHT="36"
                          WIDTH="121"
                          VPOS="1696"
                          HPOS="757"
                          CONTENT="autem"/>
                  <SP HEIGHT="36" WIDTH="13" VPOS="1696" HPOS="878"/>
                  <String HEIGHT="36"
                          WIDTH="202"
                          VPOS="1696"
                          HPOS="838"
                          CONTENT="praepositio"/>
                  <SP HEIGHT="36" WIDTH="13" VPOS="1696" HPOS="1039"/>
                  <String HEIGHT="36" WIDTH="94" VPOS="1696" HPOS="999" CONTENT="Ab,"/>
                  <SP HEIGHT="36" WIDTH="13" VPOS="1696" HPOS="1093"/>
                  <String HEIGHT="36"
                          WIDTH="121"
                          VPOS="1696"
                          HPOS="1053"
                          CONTENT="notat"/>
                  <SP HEIGHT="36" WIDTH="13" VPOS="1696" HPOS="1174"/>
                  <String HEIGHT="36"
                          WIDTH="81"
                          VPOS="1696"
                          HPOS="1120"
                          CONTENT="cau"
                          SUBS_TYPE="HypPart1"
                          SUBS_CONTENT="causam"/>
                  <HYP CONTENT="-"/>
               </TextLine>
               <TextLine ID="r3l44"
                         BASELINE="1770"
                         HEIGHT="46"
                         WIDTH="509"
                         VPOS="1724"
                         HPOS="698">
                  <String HEIGHT="46"
                          WIDTH="89"
                          VPOS="1724"
                          HPOS="685"
                          CONTENT="sam"
                          SUBS_TYPE="HypPart2"
                          SUBS_CONTENT="causam"/>
                  <SP HEIGHT="46" WIDTH="13" VPOS="1724" HPOS="774"/>
                  <String HEIGHT="46"
                          WIDTH="204"
                          VPOS="1724"
                          HPOS="736"
                          CONTENT="efficientem,"/>
                  <SP HEIGHT="46" WIDTH="13" VPOS="1724" HPOS="940"/>
                  <String HEIGHT="46"
                          WIDTH="165"
                          VPOS="1724"
                          HPOS="902"
                          CONTENT="potiusqua"/>
                  <SP HEIGHT="46" WIDTH="13" VPOS="1724" HPOS="1067"/>
                  <String HEIGHT="46"
                          WIDTH="178"
                          VPOS="1724"
                          HPOS="1029"
                          CONTENT="subiectum,"/>
                  <SP HEIGHT="46" WIDTH="13" VPOS="1724" HPOS="1207"/>
                  <String HEIGHT="46" WIDTH="64" VPOS="1724" HPOS="1169" CONTENT="&amp;"/>
                  <SP HEIGHT="46" WIDTH="13" VPOS="1724" HPOS="1232"/>
                  <String HEIGHT="46" WIDTH="25" VPOS="1724" HPOS="1182" CONTENT=""/>
               </TextLine>
               <TextLine ID="r3l45"
                         BASELINE="1815"
                         HEIGHT="49"
                         WIDTH="506"
                         VPOS="1766"
                         HPOS="700">
                  <String HEIGHT="49"
                          WIDTH="182"
                          VPOS="1766"
                          HPOS="687"
                          CONTENT="oppositum."/>
                  <SP HEIGHT="49" WIDTH="13" VPOS="1766" HPOS="869"/>
                  <String HEIGHT="49"
                          WIDTH="169"
                          VPOS="1766"
                          HPOS="830"
                          CONTENT="oppositum"/>
                  <SP HEIGHT="49" WIDTH="13" VPOS="1766" HPOS="998"/>
                  <String HEIGHT="49"
                          WIDTH="104"
                          VPOS="1766"
                          HPOS="959"
                          CONTENT="vero"/>
                  <SP HEIGHT="49" WIDTH="13" VPOS="1766" HPOS="1063"/>
                  <String HEIGHT="49" WIDTH="78" VPOS="1766" HPOS="1024" CONTENT="in"/>
                  <SP HEIGHT="49" WIDTH="13" VPOS="1766" HPOS="1102"/>
                  <String HEIGHT="49"
                          WIDTH="104"
                          VPOS="1766"
                          HPOS="1063"
                          CONTENT="ntmo"/>
                  <SP HEIGHT="49" WIDTH="13" VPOS="1766" HPOS="1167"/>
                  <String HEIGHT="49"
                          WIDTH="91"
                          VPOS="1766"
                          HPOS="1115"
                          CONTENT="idio"
                          SUBS_TYPE="HypPart1"
                          SUBS_CONTENT="idiomate"/>
                  <HYP CONTENT="-"/>
               </TextLine>
               <TextLine ID="r3l46"
                         BASELINE="1842"
                         HEIGHT="36"
                         WIDTH="504"
                         VPOS="1806"
                         HPOS="699">
                  <String HEIGHT="36"
                          WIDTH="90"
                          VPOS="1806"
                          HPOS="688"
                          CONTENT="mate"
                          SUBS_TYPE="HypPart2"
                          SUBS_CONTENT="idiomate"/>
                  <SP HEIGHT="36" WIDTH="11" VPOS="1806" HPOS="777"/>
                  <String HEIGHT="36" WIDTH="78" VPOS="1806" HPOS="744" CONTENT="non"/>
                  <SP HEIGHT="36" WIDTH="11" VPOS="1806" HPOS="822"/>
                  <String HEIGHT="36"
                          WIDTH="123"
                          VPOS="1806"
                          HPOS="789"
                          CONTENT="dicitur"/>
                  <SP HEIGHT="36" WIDTH="11" VPOS="1806" HPOS="912"/>
                  <String HEIGHT="36"
                          WIDTH="101"
                          VPOS="1806"
                          HPOS="878"
                          CONTENT="fieri"/>
                  <SP HEIGHT="36" WIDTH="11" VPOS="1806" HPOS="979"/>
                  <String HEIGHT="36"
                          WIDTH="90"
                          VPOS="1806"
                          HPOS="945"
                          CONTENT="hoc,"/>
                  <SP HEIGHT="36" WIDTH="11" VPOS="1806" HPOS="1035"/>
                  <String HEIGHT="36"
                          WIDTH="78"
                          VPOS="1806"
                          HPOS="1001"
                          CONTENT="sed"/>
                  <SP HEIGHT="36" WIDTH="11" VPOS="1806" HPOS="1080"/>
                  <String HEIGHT="36"
                          WIDTH="101"
                          VPOS="1806"
                          HPOS="1046"
                          CONTENT="tamen"/>
                  <SP HEIGHT="36" WIDTH="11" VPOS="1806" HPOS="1147"/>
                  <String HEIGHT="36"
                          WIDTH="101"
                          VPOS="1806"
                          HPOS="1102"
                          CONTENT="dicitur"/>
               </TextLine>
               <TextLine ID="r3l47"
                         BASELINE="1892"
                         HEIGHT="50"
                         WIDTH="490"
                         VPOS="1842"
                         HPOS="697">
                  <String HEIGHT="50" WIDTH="82" VPOS="1842" HPOS="683" CONTENT="in"/>
                  <SP HEIGHT="50" WIDTH="14" VPOS="1842" HPOS="765"/>
                  <String HEIGHT="50"
                          WIDTH="177"
                          VPOS="1842"
                          HPOS="724"
                          CONTENT="subiecto,"/>
                  <SP HEIGHT="50" WIDTH="14" VPOS="1842" HPOS="901"/>
                  <String HEIGHT="50"
                          WIDTH="109"
                          VPOS="1842"
                          HPOS="860"
                          CONTENT="haec"/>
                  <SP HEIGHT="50" WIDTH="14" VPOS="1842" HPOS="969"/>
                  <String HEIGHT="50"
                          WIDTH="109"
                          VPOS="1842"
                          HPOS="928"
                          CONTENT="vero"/>
                  <SP HEIGHT="50" WIDTH="14" VPOS="1842" HPOS="1037"/>
                  <String HEIGHT="50"
                          WIDTH="204"
                          VPOS="1842"
                          HPOS="983"
                          CONTENT="praepositio.,"/>
               </TextLine>
            </TextBlock>
         </PrintSpace>
      </Page>
   </Layout>
</alto>
