1416 2066
194 181 91 54 vel
246 181 183 54 leuitatem.
390 181 78 54 si
429 181 196 54 grauitatem.
585 181 104 54 ergo
638 181 78 54 erit

204 221 83 45 in
246 221 111 45 loco
315 221 153 45 insimo,
426 221 69 45 &
454 221 125 45 esset
537 221 181 45 separatus
662 221 56 45 ab

211 260 80 47 eo
251 260 120 47 locus
331 260 147 47 supior.
438 260 107 47 quod
505 260 94 47 est
558 260 147 47 falsum.
665 260 80 47 &,

207 300 71 46 si
243 300 119 46 fuerit
326 300 107 46 leue,
397 300 95 46 tunc
456 300 107 46 esset
527 300 71 46 in
563 300 95 46 loco
610 300 107 46 sursum,

207 340 66 52 &
233 340 93 52 cet
286 340 146 52 sepatus
393 340 80 52 ab
433 340 80 52 eo
473 340 120 52 locus
552 340 160 52 deorsum.
672 340 66 52 &

215 380 70 50 si
250 380 105 50 esset
320 380 70 50 in
355 380 139 50 vtroque,
459 380 93 50 tunc
517 380 105 50 esset
587 380 105 50 simul
645 380 70 50 gra-

208 419 98 39 ue,
264 419 70 39 &
292 419 126 39 seue.
376 419 112 39 quod
446 419 98 39 est
488 419 154 39 absurdum.

205 459 127 47 Quarta
294 459 165 47 demtratio
421 459 165 47 huiusmodi
547 459 101 47 est.
611 459 76 47 Si
636 459 76 47 omne

210 494 121 44 corpus
294 494 157 44 sensibile
415 494 85 44 est
463 494 72 44 in
500 494 109 44 loco:
572 494 60 44 &
596 494 97 44 loca
645 494 72 44 sunt

213 534 124 44 finita
299 534 124 44 speie,
386 534 111 44 atque
460 534 198 44 magnitudine,
620 534 86 44 hoc
657 534 62 44 est

210 581 177 44 qualitate,
350 581 63 44 &
375 581 165 44 qutitate:
502 581 101 44 ergo
565 581 101 44 omne
616 581 101 44 corpus

206 621 99 37 erit
268 621 149 37 finitum.
380 621 87 37 nam
429 621 99 37 nemo
491 621 137 37 ambigit
591 621 99 37 quod
640 621 75 37 erit

203 647 85 43 in
245 647 141 43 aliquo
344 647 113 43 loco
415 647 183 43 naturali:
556 647 71 43 &
570 647 141 43 huiusce-

211 688 108 42 modi
278 688 121 42 locus
359 688 94 42 est
413 688 162 42 finitus:
534 688 108 42 ergo
601 688 67 42 &
615 688 94 42 ipsum

214 728 90 50 erit
270 728 135 50 finitum:
372 728 90 50 quia
428 728 113 50 corpus
507 728 101 50 nonus
563 728 158 50 distinguitur

210 773 70 45 a
238 773 127 45 loco.
322 773 112 45 Quod
393 773 127 45 autem
477 773 112 45 loca
547 773 112 45 sint
604 773 112 45 finita

214 804 95 45 spee
274 804 119 45 patet:
357 804 95 45 quia
417 804 107 45 eorum
488 804 143 45 dicturae
596 804 95 45 sunt
643 804 72 45 fini

212 844 113 47 tae,
283 844 113 47 quae
354 844 113 47 sunt
424 844 142 47 Sursum
524 844 170 47 Deorsum,
637 844 71 47 An-

212 885 87 37 te
255 885 144 37 Retro,
356 885 173 37 Dextrum,
486 885 72 37 &
500 885 173 37 Sinistrum.

252 922 143 50 Identidem,
364 922 122 50 probatur
456 922 133 50 quemlibet
558 922 92 50 eorum
619 922 82 50 esse
660 922 51 50 fi-

219 964 79 46 nitum
272 964 123 46 quatitate.
369 964 97 46 quoniam
439 964 62 46 hae
474 964 114 46 diciturae
562 964 62 46 non
598 964 97 46 possunt
659 964 53 46 esse

214 999 79 46 in
253 999 236 46 Tdimensionibus
450 999 184 46 infinitis:
594 999 105 46 quia
646 999 66 46 non

215 1037 120 45 essent
299 1037 132 45 cognita
395 1037 96 45 haec
455 1037 96 45 loca
515 1037 192 45 naturalitur,
659 1037 60 45 cum

213 1080 93 42 non
266 1080 160 42 haberent
386 1080 160 42 terminos
506 1080 187 42 naturales.
653 1080 93 42 sed

217 1116 73 53 in
253 1116 145 53 respectu
362 1116 97 53 sseu
423 1116 242 53 relationelerunt:
616 1116 97 53 proba-

215 1164 76 44 tum
258 1164 97 44 autem
323 1164 76 44 est
367 1164 87 44 ipsa
421 1164 87 44 esse
475 1164 162 44 naturalitur
594 1164 119 44 terminata

210 1197 79 43 ex
249 1197 106 43 motu
315 1197 145 43 ipsorum
421 1197 171 43 mobilium,
553 1197 106 43 quae
619 1197 79 43 ad
645 1197 66 43 ip-

209 1234 80 40 sa
249 1234 173 40 mouentur,
381 1234 66 40 &
408 1234 106 40 quia
474 1234 80 40 in
514 1234 93 40 eis
554 1234 159 40 quiescunt.

220 1274 74 53 hoc
262 1274 95 53 autem
325 1274 126 53 clarius,
419 1274 158 53 probabitur,
545 1274 74 53 cum
577 1274 137 53 declarabitu

213 1317 103 44 quod
277 1317 116 44 locus
354 1317 90 44 est
406 1317 141 44 vltimum
509 1317 154 44 ambiens:
624 1317 77 44 Ex
650 1317 64 44 his

195 1349 96 45 ergo
255 1349 108 45 hitur
327 1349 96 45 quod
386 1349 84 45 non
434 1349 96 45 pont
494 1349 120 45 repiri
578 1349 120 45 corpus
649 1349 72 45 actu

214 1389 161 45 Innnitum,
337 1389 99 45 siue
399 1389 148 45 simplex,
510 1389 99 45 siue
559 1389 161 45 compositum.

219 1429 114 51 verum
295 1429 114 51 harum
372 1429 203 51 demtrationum
536 1429 127 51 quadam
613 1429 101 51 hibunt

220 1468 194 54 vniversaliores
382 1468 184 54 conclusiones,
533 1468 108 54 quidam
609 1468 86 54 vero
652 1468 65 54 non.

218 1508 79 49 sed
263 1508 79 49 ego
308 1508 124 49 conatus
399 1508 79 49 sum
444 1508 113 49 tatun,
523 1508 124 49 probare
613 1508 90 49 quod
658 1508 57 49 non

215 1550 145 37 repitur
320 1550 132 37 corpus
412 1550 145 37 simplex
518 1550 184 37 infinitum.
649 1550 66 37 nam

214 1586 115 44 quadam
295 1586 104 44 earum
365 1586 127 44 probant
457 1586 81 44 non
503 1586 104 44 posse
572 1586 115 44 repiri
642 1586 69 44 cor-

213 1621 88 54 pus
264 1621 138 54 simplex
364 1621 175 54 infinitum,
501 1621 150 54 quatenus
614 1621 88 54 est
651 1621 63 54 ele

217 1666 123 48 mentum,
306 1666 123 48 quaedam
395 1666 89 48 vero
451 1666 111 48 aliae,
529 1666 123 48 probant
618 1666 78 48 non
651 1666 67 48 pos-

213 1701 76 45 se
251 1701 126 45 repiri
340 1701 164 45 infinitum
466 1701 126 45 corpus
555 1701 152 45 simplex,
656 1701 63 45 qua

218 1741 127 45 tenus
302 1741 155 45 mouetur
415 1741 113 45 motu
486 1741 141 45 recto,
570 1741 141 45 nonnulla

218 1781 97 50 vero
278 1781 121 50 aliae,
363 1781 133 50 probant
459 1781 85 50 non
508 1781 109 50 posse
580 1781 121 50 repiri
653 1781 60 50 cor

210 1828 101 40 pus
267 1828 159 40 simplex
383 1828 203 40 infinitum,
542 1828 145 40 quouis
629 1828 87 40 motu

217 1860 153 54 moueatur
332 1860 77 54 in
370 1860 179 54 infinitum,
511 1860 89 54 hoc
562 1860 115 54 autem
626 1860 89 54 parri

732 181 118 45 culitr
815 181 59 45 &
839 181 142 45 proprie,
945 181 154 45 prbabitur
1064 181 71 45 in
1099 181 107 45 libro
1170 181 71 45 de
1194 181 59 45 Coe

735 221 94 45 lo,
788 221 67 45 &
815 221 134 45 mundo,
909 221 148 45 postque
1017 221 134 45 fuerit
1111 221 94 45 ibi
1151 221 94 45 proba

731 261 110 45 tus
794 261 173 45 numerus
920 261 173 45 generum
1046 261 189 45 corporum
1172 261 79 45 sim

730 301 173 53 plicium
856 301 220 53 fimilarium
1014 301 157 53 partium.

887 361 138 49 Caput
963 361 153 49 Quintum.

818 412 130 57 lcamus
909 412 143 57 insuper
1013 412 117 57 quod,
1090 412 78 57 si
1129 412 91 57 non
1181 412 91 57 con

773 429 167 78 cedamus
894 429 152 78 repiri
1001 429 213 78 infinitum,
1153 429 91 78 tunc

731 494 144 44 sequetur
839 494 96 44 quod
899 494 108 44 tpeos
971 494 132 44 habebit
1066 494 180 44 principium,
1210 494 60 44 &

731 532 141 55 finem:
830 532 113 55 quod
900 532 141 55 quidem
999 532 99 55 non
1055 532 113 55 pont
1111 532 127 55 concipi

738 573 65 52 ex
771 573 108 52 natura
847 573 119 52 tperis.
933 573 87 52 Adde
988 573 98 52 etiam
1053 573 87 52 quod
1107 573 108 52 adhuc,
1172 573 65 52 pro-

733 613 155 50 babitur
846 613 127 50 tpeos
930 613 155 50 insequi
1043 613 155 50 aliquem
1142 613 99 50 motum

736 659 160 43 aeternum.
859 659 148 43 Sequetur
970 659 123 43 adhuc,
1056 659 74 43 si
1093 659 148 43 tollatur
1192 659 49 43 ab

730 692 119 49 solute
813 692 166 49 infinitum,
944 692 95 49 quod
1003 692 142 49 tolletur
1110 692 130 49 diuisio
1193 692 47 49 ma

735 727 183 52 gnitudinum
879 727 78 52 in
918 727 183 52 infinitum:
1062 727 105 52 quod
1127 727 92 52 est
1167 727 78 52 vnum

732 765 85 45 ex
774 765 198 45 suppositis
930 765 142 45 ipsius
1029 765 198 45 Ceometrae.
1171 765 71 45 hoc

736 812 115 47 tamen
813 812 77 47 in
852 812 115 47 Sexto
928 812 115 47 libro
1005 812 115 47 huius
1082 812 103 47 opis
1133 812 103 47 exacte

736 844 152 56 probabitur
856 844 120 56 postque
943 844 87 56 ibi,
997 844 131 56 probatum
1095 844 109 56 fuerit
1161 844 76 56 omnem

733 885 69 52 m
761 885 193 52 agnitudine
913 885 138 52 diuidi
1009 885 83 52 in
1051 885 138 52 senper
1134 885 110 52 diuisi

736 925 122 45 bilia.
821 925 85 45 Cum
870 925 97 45 haec
931 925 134 45 igitur,
1028 925 97 45 quae
1089 925 110 45 dicta
1150 925 85 45 sunt,

734 965 163 37 affirment
860 965 163 37 infinitum
986 965 138 37 repiri,
1086 965 88 37 sed
1124 965 113 37 demtra-

731 1005 115 36 tiones
812 1005 115 36 supius
893 1005 115 36 dictae
974 1005 127 36 tollant
1066 1005 92 36 esse
1124 1005 104 36 eius,
1181 1005 58 36 re-

734 1043 173 46 linquitur
867 1043 133 46 igitur
960 1043 80 46 vt
1000 1043 120 46 alias
1066 1043 173 46 reperiatur,

735 1082 120 46 alias
815 1082 93 46 non
855 1082 173 46 reperiatur.

774 1117 172 45 Manifestum
909 1117 111 45 autem
983 1117 98 45 est,
1044 1117 98 45 quod
1106 1117 123 45 ratio,
1180 1117 61 45 qua

734 1159 151 49 tollitur
848 1159 101 49 eius
910 1159 101 49 esse
973 1159 214 49 demrationibus
1149 1159 88 49 iam
1187 1159 50 49 p-

740 1196 127 52 dictis,
832 1196 81 52 est
878 1196 115 52 quidem
958 1196 104 52 ratio
1027 1196 115 52 ipsius
1108 1196 115 52 actus,
1177 1196 58 52 hoc

736 1236 91 53 est
788 1236 91 53 non
840 1236 156 53 reperiri
957 1236 169 53 infinitum
1087 1236 78 53 in
1126 1236 117 53 actu,
1204 1236 65 53 &

743 1276 68 47 per
782 1276 68 47 ea,
821 1276 77 47 quae
869 1276 126 47 affirmant
966 1276 126 47 infinitum
1063 1276 97 47 regir,
1131 1276 116 47 scilicet
1208 1276 29 47 i

734 1320 128 42 tpere.
824 1320 64 42 &
849 1320 205 42 magnitudine,
1016 1320 115 42 illud
1092 1320 128 42 quidem
1169 1320 64 42 se.

733 1352 112 51 quitur
811 1352 123 51 ratione
901 1352 157 51 potentiae,
1024 1352 78 51 non
1068 1352 123 51 ratione
1147 1352 89 51 actus.

736 1393 116 41 Neque
813 1393 168 41 intelligo
942 1393 90 41 hic
994 1393 90 41 per
1046 1393 181 41 potentiam,
1175 1393 64 41 eam

736 1428 194 54 potentiam,
888 1428 111 54 quae
957 1428 180 54 deducitur
1096 1428 83 54 ad
1123 1428 111 54 actum,

735 1469 140 37 secundum
841 1469 70 37 se
876 1469 117 37 totam:
957 1469 70 37 vt
992 1469 82 37 cum
1039 1469 129 37 dicimus
1133 1469 82 37 aes
1168 1469 70 37 esse

733 1509 74 48 in
770 1509 147 48 potentia
880 1509 147 48 statuam,
990 1509 135 48 quoniam
1088 1509 98 48 haec
1137 1509 98 48 poten-

729 1549 81 45 tia
776 1549 151 45 deducetur
892 1549 69 45 ad
926 1549 116 45 actum.
1007 1549 69 45 &,
1042 1549 69 45 si
1077 1549 151 45 infinitum
1181 1549 58 45 re-

733 1585 155 46 piretur
846 1585 85 46 in
888 1585 169 46 potentia
1015 1585 99 46 hoc
1072 1585 141 46 pacto,
1156 1585 85 46 dedu

735 1629 95 38 ctum
795 1629 71 38 ad
830 1629 119 38 actum,
914 1629 95 38 tunc
973 1629 179 38 reperiretur
1104 1629 131 38 infinitum

727 1669 73 37 in
763 1669 110 37 actu.
837 1669 73 37 At
873 1669 98 37 quod
935 1669 159 37 infinitum
1057 1669 147 37 sepiatur
1167 1669 73 37 in
1191 1669 49 37 po

739 1701 105 56 entia
810 1701 199 56 intelligitur,
973 1701 94 56 quod
1032 1701 140 56 potentia
1137 1701 82 56 est
1172 1701 59 56 sem

733 1739 89 53 per
784 1739 76 53 in
822 1739 76 53 eo
860 1739 152 53 seruata.
974 1739 63 53 &
1000 1739 102 53 quis
1063 1739 178 53 eorediatur
1190 1739 51 53 de

728 1780 78 52 co
767 1780 129 52 aliqua
858 1780 104 52 pars
922 1780 78 52 ad
961 1780 129 52 actum,
1052 1780 117 52 adhuc
1129 1780 104 52 erit
1181 1780 52 52 in

728 1823 82 50 eo
769 1823 109 50 alia
837 1823 163 50 potentia
960 1823 82 50 ad
1001 1823 123 50 aliam
1082 1823 150 50 partem,
1191 1823 68 50 &

733 1860 80 54 hoc
778 1860 69 54 in
813 1860 161 54 infinitum,
939 1860 92 54 ita,
996 1860 69 54 vt
1031 1860 103 54 actus
1099 1860 115 54 ipsius
1180 1860 80 54 in
