1416 2066
193 173 102 57 tur
251 173 102 57 aut
309 173 131 57 ipsam
396 173 131 57 agere
483 173 87 57 in
526 173 160 57 alterum
628 173 73 57 con

211 221 139 44 trariorum
319 221 129 44 continue
415 221 129 44 scilicet
512 221 64 44 in
544 221 86 44 motu
597 221 75 44 aut
630 221 64 44 quie

213 252 78 46 te,
257 252 78 46 aut
302 252 89 46 agat
358 252 145 46 vtrunque.
469 252 78 46 non
514 252 134 46 continue
603 252 100 46 scilice

207 300 119 42 quietem
294 300 151 42 quandoque,
412 300 54 42 &
434 300 97 42 motum
499 300 151 42 quandoque,
607 300 108 42 comtinua

210 326 89 44 tio
261 326 102 44 enim
325 326 76 44 in
363 326 191 44 successione
516 326 140 44 istarum
605 326 102 44 duarum

209 373 155 37 actionum
325 373 90 37 est
377 373 181 37 ordinatio,
519 373 65 37 &
545 373 129 37 cursus
635 373 78 37 in
661 373 52 37 ea

207 404 89 46 dem
258 404 153 46 dispone.
373 404 76 46 Et
411 404 89 46 hoc
462 404 191 46 intendebat,
614 404 89 46 cum
652 404 51 46 d.

211 441 84 41 aut
259 441 96 41 erit
319 441 145 41 simplex,
428 441 84 41 &c.
476 441 72 41 i.
512 441 96 41 quod
572 441 121 41 natura
645 441 60 41 in-

210 478 93 44 nata
268 478 81 44 est
315 478 70 44 in
350 478 128 44 alterum
443 478 116 44 duorum
524 478 139 44 scilicet
629 478 81 44 aut
664 478 46 44 vt

213 525 92 43 actio
274 525 82 43 eius
325 525 82 43 erit
376 525 123 43 simplex,
469 525 51 43 &
489 525 82 43 vna,
540 525 123 43 scilicet
632 525 82 43 quod
673 525 41 43 fa

205 556 82 38 cit
252 556 128 38 alterum
345 556 187 38 contrariorum
497 556 128 38 tantum:
590 556 58 38 &
614 556 82 38 hoc
649 556 58 38 in-

214 592 160 42 tendebat
334 592 93 42 per
387 592 160 42 simplex:
507 592 93 42 aut
560 592 133 42 faciet
640 592 67 42 duo

215 629 181 42 contraria
354 629 209 42 successiue.
522 629 84 42 Et
550 629 167 42 intendebat

213 668 167 39 declarare
342 668 90 39 per
393 668 90 39 hoc
444 668 103 39 quod
509 668 116 39 sermo
573 668 141 39 dicentium

215 705 91 51 quod
272 705 102 51 omnia
340 705 102 51 erant
408 705 171 51 quiescentia
545 705 102 51 tpere
602 705 102 51 infini-

214 741 94 45 to,
267 741 134 45 deinde
361 741 201 45 mouebantur,
522 741 94 45 est
576 741 121 45 sermo
643 741 67 45 non

214 787 149 31 naturalis.
332 787 75 31 hoc
374 787 85 31 enim
428 787 75 31 non
470 787 117 31 videtur
556 787 85 31 esse
609 787 64 31 de
630 787 75 31 actio

212 816 73 42 ue
248 816 146 42 naturae.
358 816 134 42 necesse
455 816 85 42 est
504 816 97 42 enim
564 816 73 42 in
589 816 109 42 actioni

206 856 87 47 bus
255 856 137 47 naturae
355 856 100 47 esse
417 856 237 47 continuationem,
616 856 62 47 &
629 856 87 47 aeter

217 892 152 50 nitatem,
331 892 89 50 aut
382 892 76 50 in
420 892 127 50 agendo
508 892 139 50 alterum
597 892 114 50 contra-

219 930 112 51 riorum
297 930 123 51 tandum,
386 930 67 51 v.
420 930 67 51 g.
453 930 67 51 vt
487 930 100 51 motus
554 930 100 51 ignis
621 930 67 51 ad
643 930 67 51 su

218 973 120 45 perius
302 973 132 45 semper,
398 973 60 45 &
422 973 120 45 terrae
505 973 72 45 ad
541 973 156 45 inferius,
649 973 60 45 aut

213 1004 84 51 in
255 1004 139 51 agendo
352 1004 98 51 duo
408 1004 181 51 contraria
534 1004 181 51 successiue,

214 1044 111 50 sicut
288 1044 99 50 hoc,
349 1044 99 50 quod
411 1044 160 50 inuenitur
534 1044 74 50 de
559 1044 148 50 generatio-

217 1084 97 44 ne,
272 1084 69 44 &
300 1084 194 44 corruptioe
452 1084 235 44 consequetibus
646 1084 97 44 mo¬

217 1116 90 46 tum
268 1116 128 46 solis,
358 1116 64 46 &
384 1116 115 46 aliis
461 1116 179 46 contrarijs
589 1116 128 46 sequenti

213 1153 91 41 bus
265 1153 117 41 istum
343 1153 130 41 motum.
434 1153 91 41 Et,
487 1153 104 41 quia
552 1153 143 41 Emiped.
643 1153 65 41 di-

213 1197 114 46 cebat
289 1197 127 46 mundum
378 1197 152 46 generari
492 1197 178 46 quandoque,
632 1197 63 46 &
645 1197 63 46 cor

223 1229 84 50 rumpi
279 1229 122 50 quandoque
373 1229 112 50 secundum
457 1229 169 50 continuatione,
598 1229 56 50 d.
626 1229 75 50 quod
663 1229 47 50 ser

219 1269 84 49 mo
261 1269 140 49 illius
359 1269 126 49 magis
443 1269 196 49 participat
584 1269 126 49 sermoni

209 1300 90 49 bus
261 1300 206 49 naturalibus.
428 1300 103 49 D.d.
492 1300 103 49 iste
557 1300 103 49 enim
608 1300 103 49 sermo,

221 1341 79 40 &c.
266 1341 68 40 i.
300 1341 90 40 qui.
356 1341 90 40 enim
413 1341 68 40 d.
447 1341 102 40 istum
515 1341 136 40 sermonen
617 1341 68 40 de
639 1341 68 40 mun-

219 1380 65 38 do
252 1380 129 38 scilicet
348 1380 97 38 ipsum
413 1380 108 38 moueri
488 1380 151 38 quandoque,
606 1380 54 38 &
617 1380 97 38 quiesce

217 1420 56 45 re
245 1420 131 45 quandoque,
348 1420 113 45 scilicet
432 1420 56 45 in
461 1420 122 45 teperibus
554 1420 160 45 determinatis,
676 1420 38 45 fa

211 1454 97 43 cit
267 1454 153 43 uaturam
378 1454 139 43 habere
475 1454 153 43 aliquem
572 1454 139 43 ordinem,

217 1493 166 50 inquantum
345 1493 102 50 agit
408 1493 127 50 illud,
497 1493 102 50 quid
561 1493 102 50 agit
612 1493 102 50 conti-

219 1530 100 40 nue,
282 1530 113 40 licet
357 1530 138 40 mutetur
457 1530 75 40 de
495 1530 163 40 contrario
620 1530 75 40 in
645 1530 63 40 com

220 1567 148 50 trarium.
330 1567 74 50 Et
367 1567 74 50 d.
404 1567 135 50 aliquem
503 1567 148 50 ordinem,
614 1567 98 50 quia
663 1567 49 50 or

220 1605 75 55 do
258 1605 164 55 completus
384 1605 88 55 est
434 1605 113 55 agere
510 1605 138 55 alterum
598 1605 113 55 contra-

221 1644 112 39 riorum
299 1644 146 39 continue.
412 1644 79 39 Et,
457 1644 79 39 cum
502 1644 67 39 d.
535 1644 90 39 quod
592 1644 90 39 iste
637 1644 67 39 ser-

216 1678 77 46 mo
255 1678 116 46 magis
332 1678 181 46 communicat
474 1678 90 46 cum
526 1678 181 46 sermonibus
655 1678 64 46 na-

221 1717 179 53 turalibus
359 1717 83 53 d.
400 1717 110 53 post
469 1717 96 53 hoc
524 1717 83 53 in
566 1717 96 53 quo
607 1717 110 53 egredi

222 1757 86 45 tur
271 1757 74 45 ab
308 1757 99 45 eis,
370 1757 62 45 &
394 1757 62 45 d
419 1757 86 45 Sed
468 1757 136 45 deberet
567 1757 123 45 dicens
641 1757 74 45 hunc

222 1791 167 42 sermonem,
351 1791 90 42 &c.
402 1791 77 42 I.
441 1791 90 42 sed
492 1791 129 42 dicens
582 1791 103 42 hunc
634 1791 77 42 ser

720 173 131 45 monem
807 173 160 45 deberet
923 173 145 45 dicere
1024 173 160 45 aliquam
1126 173 102 45 ratio

727 212 104 47 nem,
792 212 91 47 per
844 212 104 47 quam
908 212 181 47 affirmaret
1051 212 129 47 ipsum,
1141 212 65 47 &
1154 212 78 47 ali-

730 251 90 52 quam
786 251 124 52 causam,
876 251 79 52 per
921 251 90 52 quam
978 251 113 52 esset.
1057 251 113 52 dicens
1136 251 90 52 enim
1181 251 56 52 hoc

724 293 129 37 deberet
818 293 94 37 dare
877 293 82 37 duo
924 293 141 37 scilicet
1030 293 141 37 dmronem,
1135 293 94 37 quia
1182 293 59 37 aut

721 329 115 49 prper
798 329 115 49 quid,
875 329 90 49 aut
926 329 167 49 vtrunque.
1055 329 77 49 Et
1093 329 90 49 hoc
1131 329 103 49 inten-

726 367 122 41 debat,
811 367 85 41 cum
860 367 73 41 d.
897 367 85 41 sed
945 367 134 41 deberet
1043 367 122 41 dicere
1116 367 110 41 causam,

731 404 83 38 &c.
779 404 60 38 &
803 404 143 38 oportet,
910 404 107 38 sicut
981 404 119 38 dixit,
1064 404 143 38 dicentem
1160 404 71 38 ali-

726 441 112 43 quem
796 441 183 43 sermonemn
937 441 183 43 affirmare
1077 441 141 43 ipsum,
1162 441 70 43 aut

725 477 88 51 per
776 477 175 51 demronemn,
913 477 88 51 aut
963 477 88 51 per
1013 477 200 51 inductionem,
1163 477 63 51 non

733 516 137 49 ponere
829 516 124 49 ipsum
912 516 110 49 sine
980 516 137 49 aliqua
1076 516 165 49 ratione.
1186 516 55 49 Et

735 556 62 46 e
759 556 99 46 hoc,
821 556 99 46 quid
884 556 74 46 d.
921 556 87 46 non
970 556 124 46 ponere
1057 556 149 46 aliquid.
1157 556 74 46 pos-

725 593 128 52 sumus
810 593 228 52 intelligere,
995 593 71 52 &
1024 593 100 52 non
1080 593 142 52 ponere
1166 593 71 52 ip-

725 633 99 45 sam
782 633 184 45 opinione,
923 633 71 45 &
952 633 99 45 pot
1008 633 184 45 intelligi
1150 633 71 45 &
1164 633 71 45 cam

725 662 187 53 opinionis.
872 662 187 53 Empedocles
1018 662 107 53 enim
1085 662 93 53 cum
1125 662 107 53 posuit

727 705 171 46 opinionem
858 705 105 46 suam
924 705 79 46 in
963 705 92 46 hac
1016 705 197 46 intentione,
1160 705 79 46 pone

726 741 71 45 re
762 741 107 45 etiam
833 741 119 45 debuit
917 741 119 45 causam
1000 741 155 45 opinonis.
1119 741 95 45 D.d.
1167 741 71 45 ista

730 780 61 39 n
754 780 123 39 posita
840 780 86 39 non
889 780 98 39 sunt
951 780 135 39 causae.
1049 780 61 39 &
1073 780 147 39 intendit
1172 780 61 39 il-

729 819 94 39 lud,
788 819 94 39 quid
847 819 118 39 posuit
929 819 94 39 Anax
988 819 71 39 a.
1023 819 82 39 cum
1070 819 71 39 d.
1106 819 59 39 &
1117 819 118 39 intelli-

731 860 147 46 gentia
834 860 147 46 coepit
937 860 221 46 distinguere
1099 860 133 46 mixtum,

733 893 147 45 postque
839 893 93 45 non
893 893 200 45 distinxerat
1052 893 120 45 ipsum
1119 893 120 45 tempore

731 929 161 50 infinito.
855 929 62 50 &
879 929 99 50 quod
941 929 124 50 posuit
1028 929 112 50 etiam
1090 929 149 50 Empedocles

728 967 85 43 de
770 967 184 43 amicitia,
912 967 71 43 &
940 967 113 43 site
1011 967 99 43 non
1068 967 113 43 sunt
1125 967 113 43 primae

726 1008 115 47 camae:
807 1008 104 47 istae
876 1008 92 47 enim
934 1008 138 47 indigent
1038 1008 127 47 causis.
1130 1008 81 47 Et,
1165 1008 69 47 quia

725 1046 105 50 cam,
791 1046 105 50 quam
856 1046 132 50 Emped.
949 1046 118 50 dedit
1027 1046 79 50 in
1067 1046 105 50 hoc,
1133 1046 92 50 non
1172 1046 66 50 est

732 1084 123 38 vera,
814 1084 95 38 nec
869 1084 109 38 poet
937 1084 150 38 euadere
1045 1084 82 38 ab
1073 1084 163 38 obiectioni

733 1117 90 42 bus,
789 1117 67 42 d.
823 1117 79 42 nec
868 1117 101 42 iste,
935 1117 79 42 &c.
980 1117 67 42 i.
1014 1117 79 42 nec
1059 1117 101 42 Empe.
1126 1117 101 42 etiam
1182 1117 45 42 de

728 1157 82 50 dit
775 1157 118 50 causam
858 1157 106 50 veram
928 1157 71 50 in
963 1157 94 50 hoc,
1022 1157 94 50 quod
1081 1157 118 50 mundus
1152 1157 82 50 quie-

730 1194 78 53 scit
779 1194 136 53 quandoque,
886 1194 49 53 &
905 1194 107 53 mouetur
983 1194 136 53 quandoque,
1089 1194 68 53 cum
1128 1194 58 53 d.
1157 1194 49 53 &
1167 1194 68 53 causa

724 1230 147 44 istorum
830 1230 134 44 duorum
924 1230 134 44 motuum
1017 1230 214 44 contrariorum
1178 1230 53 44 in

731 1269 107 49 mundo
802 1269 142 49 scilicet
909 1269 71 49 in
945 1269 213 49 comoregatione,
1122 1269 59 49 &
1134 1269 95 49 segre-

732 1297 106 59 gatione
810 1297 106 59 partium
887 1297 68 59 est
926 1297 77 59 lis,
974 1297 48 59 &
994 1297 126 59 amicitia,
1090 1297 116 59 scilicet
1168 1297 58 59 quod

723 1353 180 33 amicitia
858 1353 195 33 congregat
1008 1353 150 33 multa,
1113 1353 75 33 &
1128 1353 105 33 facit

734 1388 78 48 ea
773 1388 118 48 vnum,
852 1388 65 48 &
878 1388 92 48 lis
930 1388 157 48 segregat
1048 1388 118 48 vnum,
1126 1388 65 48 &
1139 1388 92 48 facit

729 1419 118 52 ipsum
808 1419 131 52 multa.
900 1419 92 52 Et,
952 1419 79 52 cu
992 1419 79 52 d.
1031 1419 105 52 quod
1097 1419 131 52 Emped.
1175 1419 53 52 ni

731 1461 85 45 hil
779 1461 134 45 inducit
877 1461 73 45 in
913 1461 97 45 hanc
974 1461 134 45 causam,
1071 1461 146 45 incoepit
1168 1461 61 45 da-

731 1494 71 44 re
767 1494 190 44 corruptionem
921 1494 119 44 istius
1004 1494 119 44 eamae:
1087 1494 59 44 &
1110 1494 71 44 d.
1146 1494 83 44 Et,
1182 1494 47 44 si

730 1532 100 47 haec
792 1532 100 47 duo,
854 1532 87 47 &c.
904 1532 75 47 i.
942 1532 75 47 &,
979 1532 75 47 si
1017 1532 100 47 haec
1079 1532 87 47 duo
1117 1532 112 47 contra-

737 1570 87 40 cia
786 1570 100 40 sunt
849 1570 187 40 determinata
998 1570 75 40 in
1036 1570 87 40 se,
1085 1570 137 40 necesse
1173 1570 62 40 est

733 1608 73 43 vt
769 1608 97 43 illa
830 1608 97 43 duo,
890 1608 73 43 in
927 1608 121 43 quibus
1011 1608 145 43 existunt
1120 1608 73 43 ex
1144 1608 85 43 rebus

731 1652 207 31 naturalibus
896 1652 110 31 sint
965 1652 207 31 determinata
1131 1652 83 31 in
1158 1652 69 31 se-

727 1680 93 42 cum
780 1680 198 42 impossibile
938 1680 93 42 est
991 1680 79 42 vt
1031 1680 172 42 contraria
1150 1680 79 42 sint

730 1719 86 52 in
773 1719 143 52 eodem.
872 1719 157 52 Quapper
987 1719 157 52 oportet
1086 1719 143 52 dicentem

737 1756 116 37 hunc
809 1756 159 37 sermone
924 1756 217 37 determinare
1098 1756 130 37 illa,
1170 1756 58 37 in

738 1796 121 47 quibus
823 1796 133 47 existit
920 1796 97 47 lis,
980 1796 61 47 &
1005 1796 182 47 distinguere
1150 1796 85 47 ea,
1187 1796 49 47 in
