1416 2066
185 184 98 50 Vult
246 184 171 50 declarare,
380 184 98 50 quod
441 184 98 50 hoc,
502 184 98 50 quod
563 184 122 50 dictum
636 184 61 50 est

186 222 67 44 de
219 222 236 44 transmutationibus
422 222 202 44 vniversaliter,
579 222 101 44 manife-

185 263 100 46 stum
247 263 87 46 est
297 263 87 46 per
346 263 75 46 se
384 263 75 46 in
421 263 237 46 transmutatione,
620 263 100 46 quae

197 298 131 41 dicitur
292 298 190 41 transmutatio
447 298 214 41 principaliter,
626 298 60 41 &
637 298 60 41 est

192 341 115 44 illa,
269 341 103 44 quae
333 341 90 44 est
384 341 77 44 de
423 341 192 44 affirmatiua
577 341 77 44 in
602 341 90 44 nega-

197 374 132 44 tiuam,
289 374 66 44 &
316 374 79 44 de
355 374 159 44 negatiua
474 374 79 44 in
501 374 198 44 affiimatiuam,

198 413 100 53 quae
261 413 138 53 dicitur
361 413 176 53 generatio,
499 413 63 53 &
524 413 176 53 corruptio.
650 413 50 53 Et

194 449 148 49 dixit:
298 449 104 49 Et,
357 449 119 49 quia
432 449 104 49 vna
476 449 223 49 transmutatio-

200 484 108 50 num,
267 484 95 50 &c.
321 484 81 50 i.
362 484 81 50 &,
402 484 108 50 quia
470 484 95 50 hoc
524 484 122 50 nomen
591 484 108 50 trans-

196 524 121 47 mutatio
284 524 121 47 dicitur
372 524 187 47 principaliter
525 524 66 47 de
558 524 77 47 ea,
602 524 88 47 quae
646 524 55 47 est

190 563 82 39 de
231 563 95 39 non
286 563 109 39 ente
353 563 82 39 in
394 563 109 39 ens,
462 563 68 39 &
489 563 82 39 de
530 563 109 39 ente
598 563 82 39 in
625 563 68 39 non

196 596 106 52 ens,
262 596 80 52 vt
302 596 133 52 dictum
395 596 93 52 est
448 596 80 52 in
488 596 66 52 a
515 596 146 52 Quinto.
621 596 66 52 &
635 596 66 52 est

197 637 177 45 manifestum
336 637 76 45 in
374 637 88 45 hac
424 637 240 45 transmutatioec,
626 637 101 45 quod

196 672 81 42 non
243 672 105 42 habet
313 672 128 42 medium,
406 672 105 42 quod,
475 672 81 42 cum
522 672 128 42 aliquid
603 672 93 42 trani-

196 708 151 50 mutatur
306 708 68 50 a
333 708 96 50 non
388 708 123 50 ente,
470 708 137 50 statim
552 708 151 50 separatur

204 745 62 41 i
228 745 87 41 non
278 745 112 41 ente,
353 745 99 41 vnde
415 745 137 41 necesse
514 745 87 41 est
564 745 75 41 vt
602 745 87 41 sit
651 745 75 41 in

196 789 116 44 ente:
273 789 116 44 bquia
351 789 90 44 non
402 789 90 44 est
453 789 129 44 medium
543 789 116 44 inter
608 789 77 44 ens,

203 821 55 48 &
225 821 77 48 non
269 821 87 48 ens.
323 821 77 48 Et,
367 821 77 48 cum
411 821 98 48 dixit
476 821 87 48 quod
531 821 87 48 ista
586 821 87 48 eius
640 821 77 48 in¬

201 861 135 37 tentio
295 861 176 37 manifesta
430 861 95 37 est
484 861 81 37 in
511 861 189 37 transmutatio

206 895 76 43 ne,
250 895 87 43 quae
304 895 76 43 est
348 895 65 43 in
380 895 163 43 substantia,
511 895 65 43 d.
544 895 65 43 &,
576 895 65 43 si
609 895 76 43 hoc
642 895 54 43 est

198 933 190 37 necessarium
351 933 76 37 in
389 933 89 37 hac
439 933 241 37 transmutatione,
630 933 63 37 &c.

202 969 73 52 Et
238 969 97 52 hoc,
299 969 97 52 quod
360 969 182 52 declarauit,
506 969 85 52 non
554 969 85 52 est
591 969 109 52 declara

203 1005 82 41 tio
250 1005 177 41 exemptaris,
392 1005 82 41 sed
439 1005 82 41 est
486 1005 165 41 declaratio
616 1005 71 41 ad
639 1005 59 41 di-

199 1046 174 36 rigendum
329 1046 289 36 consyderationem.
575 1046 101 36 non
618 1046 87 36 quia

203 1080 94 42 hoc
256 1080 188 42 declaratur
404 1080 81 42 in
445 1080 121 42 aliis
512 1080 188 42 transmutatio

203 1117 103 40 nibus,
275 1117 124 40 secundum
368 1117 83 40 quod
420 1117 145 40 declaratur
534 1117 103 40 illud,
606 1117 83 40 quod
647 1117 52 40 est

207 1164 123 40 gnotum
293 1164 184 40 naturaliter
440 1164 61 40 a
464 1164 110 40 noto,
538 1164 86 40 sed
574 1164 123 40 secundum

202 1192 88 48 quod
257 1192 66 48 de
290 1192 133 48 claratur
390 1192 110 48 illud,
467 1192 88 48 quid
522 1192 77 48 est
566 1192 122 48 minoris
644 1192 55 48 la-

199 1236 131 43 tentiae
294 1236 83 43 eo,
342 1236 95 43 quod
401 1236 83 43 est
449 1236 131 43 ignotum
532 1236 155 43 naturaliter

200 1266 77 48 per
244 1266 109 48 illud,
320 1266 87 48 quid
375 1266 77 48 est
419 1266 175 48 manifestius.
561 1266 77 48 cEt
594 1266 109 48 secundum

199 1303 100 43 hunc
261 1303 112 43 modum
336 1303 150 43 vsitatur
448 1303 75 43 in
473 1303 224 43 descriptionibus,

198 1341 63 42 &
224 1341 227 42 definitionibus
413 1341 88 42 via
463 1341 189 42 diuisionis,
615 1341 63 42 &
627 1341 76 42 exem

208 1381 219 37 lificationis,
388 1381 142 37 quoniam
491 1381 154 37 terminus
594 1381 103 37 medius

201 1415 61 52 in
231 1415 92 52 istis
292 1415 71 52 est
333 1415 92 52 idem:
394 1415 51 52 &
414 1415 71 52 est
455 1415 81 52 quod
506 1415 102 52 illud,
577 1415 81 52 quid
618 1415 81 52 trans-

198 1452 154 51 mutatur,
314 1452 128 51 statim
403 1452 167 51 separatur
531 1452 77 51 ab
570 1452 90 51 eo,
621 1452 64 51 a
634 1452 64 51 quo

198 1492 216 47 transmutatur,
376 1492 63 47 &
401 1492 114 47 venit
478 1492 76 47 ad
516 1492 127 47 illud,
604 1492 76 47 ad
630 1492 76 47 quod

199 1529 211 40 transmutatur
371 1529 93 40 cum
423 1529 93 40 non
476 1529 93 40 sit
529 1529 132 40 medium
608 1529 93 40 inter

207 1566 118 44 llud,
286 1566 66 44 a
312 1566 92 44 quo
364 1566 210 44 transmutatur
535 1566 131 44 primo,
626 1566 66 44 &
639 1566 66 44 il-

199 1604 99 52 lud,
260 1604 74 52 ad
297 1604 99 52 quod
359 1604 198 52 transmutatur
520 1604 124 52 primo.
606 1604 86 52 sed
643 1604 62 52 hoc

204 1645 147 49 apparet
311 1645 121 49 magis
391 1645 80 49 in
431 1645 254 49 transmutatione,
632 1645 67 49 qua

203 1679 84 42 est
251 1679 72 42 in
287 1679 181 42 substantia,
432 1679 84 42 cum
480 1679 108 42 illic
552 1679 84 42 non
601 1679 84 42 est
637 1679 60 42 me-

202 1717 108 51 dium
269 1717 121 51 inter
349 1717 134 51 illud,
444 1717 67 51 a
470 1717 108 51 quo,
538 1717 67 51 &
565 1717 121 51 illud
632 1717 67 51 po-

197 1756 174 37 stremum,
327 1756 87 37 ad
370 1756 116 37 quod
443 1756 101 37 est
486 1756 217 37 transmutatio:

189 1791 94 59 sed
242 1791 134 59 primum
336 1791 134 59 medium
430 1791 94 59 est
484 1791 80 59 in
524 1791 121 59 aliis
591 1791 107 59 trans

710 180 223 50 mutationibus,
894 180 118 50 quasi
972 180 131 50 illud,
1064 180 79 50 ad
1104 180 105 50 quod
1169 180 79 50 in
1196 180 39 50 f

712 220 92 52 hac
764 220 250 52 transmutatione.
975 220 105 52 Ista
1041 220 132 52 igitur
1120 220 105 52 trans-

720 257 170 41 mutatio
843 257 93 41 in
889 257 154 41 duobus
997 257 185 41 extremis
1121 257 108 41 habet

712 295 256 51 dispositionem,
925 295 128 51 sicut
1010 295 99 51 est
1053 295 170 51 dispositio

708 333 172 46 aliarum
834 333 297 46 transmutationum
1084 333 141 46 inter
1162 333 63 46 il

711 373 104 45 lud,
776 373 65 45 a
802 373 104 45 quo,
867 373 65 45 &
893 373 130 45 illud,
985 373 78 45 ad
1024 373 104 45 quod
1089 373 117 45 primo
1154 373 65 45 ve-

710 408 114 42 nit
759 408 245 42 transmutatum,

753 451 181 39 Amplius
884 451 82 39 &
917 451 115 39 per
983 451 99 39 se
1015 451 214 39 vnanquamque

714 485 256 49 accipientibus
924 485 210 49 manifestum
1090 485 120 49 est,
1150 485 75 49 si-

712 524 154 48 quidem
819 524 169 48 necesse
942 524 108 48 est
1004 524 108 48 id.
1065 524 138 48 Lquod
1142 524 77 48 est

712 569 169 54 mutatum.
838 569 127 54 Tesse
923 569 169 54 alicubi,
1049 569 98 54 aut
1106 569 84 54 in
1134 569 84 54 ali-

712 613 99 42 quo
768 613 155 42 quoniam
881 613 113 42 enim
951 613 85 42 ex
994 613 99 42 quo
1050 613 155 42 mutatum
1149 613 70 42 est

711 651 170 52 reliquit,
842 651 65 52 &
868 651 144 52 necesse
972 651 91 52 est
1024 651 104 52 esse
1077 651 118 52 alicubi

708 678 98 59 aut
764 678 84 59 in
806 678 112 59 hoc,
876 678 98 59 aut
932 678 84 59 in
974 678 112 59 alio
1043 678 126 59 erit.
1127 678 84 59 Si
1155 678 70 59 igi

710 730 92 40 tur
763 730 79 40 in
802 730 119 40 alio,
881 730 79 40 vt
921 730 79 40 in
960 730 132 40 ipsoc,
1053 730 106 40 quod
1119 730 79 40 in
1145 730 66 40 ip-

703 770 104 40 sum
762 770 104 40 per
822 770 163 40 mutatum
940 770 118 40 est,
1014 770 148 40 rursus
1117 770 89 40 ex
1147 770 74 40 ip-

708 813 93 52 so
754 813 186 52 cmutatur
894 813 93 52 in
940 813 140 52 ipsum
1033 813 93 52 p.
1080 813 109 52 non
1126 813 93 52 enim

710 853 124 49 erat
787 853 202 49 contiguum
942 853 124 49 ipsi
1020 853 124 49 enim
1082 853 140 49 mutatio

715 900 113 32 enim
786 900 170 32 continua
913 900 113 32 est.
984 900 127 32 quare
1068 900 127 32 quiod
1139 900 85 32 muta

713 940 93 30 tum
766 940 106 30 est,
832 940 133 30 quando
925 940 160 30 inutatum
1045 940 106 30 est,
1098 940 120 30 mutatur

712 972 78 38 in
751 972 104 38 quod
816 972 143 38 mutatum
920 972 104 38 est.
985 972 91 38 hoc
1037 972 117 38 autem
1115 972 91 38 est
1154 972 65 38 im-

720 1013 172 46 possibile.
855 1013 135 46 necesse
953 1013 86 46 est
1003 1013 98 46 ergo
1064 1013 98 46 quod
1113 1013 111 46 mutatum

720 1058 92 47 est
772 1058 105 47 esse
838 1058 79 47 in
877 1058 105 47 hoc,
943 1058 79 47 in
982 1058 105 47 quid
1048 1058 144 47 mutatum
1139 1058 79 47 est.

760 1092 89 54 Et
805 1092 134 54 etiam
894 1092 104 54 hoc
953 1092 164 54 apparet
1072 1092 134 54 illi,
1147 1092 74 54 qui

711 1140 288 61 consyderauerit
951 1140 256 61 vnumquemque,
1143 1140 80 61 mo-

717 1181 97 66 dum
773 1181 264 66 transmutationu,
995 1181 83 66 cu
1036 1181 97 66 sit
1078 1181 139 66 necessa-

716 1228 100 59 riu
773 1228 115 59 quod
845 1228 129 59 omne,
931 1228 115 59 quod
1003 1228 215 59 transmutatu
1161 1228 57 59 e.

710 1277 96 64 sit
765 1277 82 64 in
806 1277 137 64 aliquo
902 1277 110 64 vbi,
971 1277 96 64 aut
1026 1277 82 64 in
1067 1277 137 64 aliqua
1149 1277 69 64 re.

719 1321 155 58 quonia,
831 1321 84 58 cu
874 1321 183 58 separatur
1014 1321 84 58 ab
1056 1321 127 58 illo,
1141 1321 70 58 a
1155 1321 70 58 quo

710 1365 236 69 transmutatur,
904 1365 152 69 necesse
1015 1365 97 69 est
1071 1365 83 69 vt
1112 1365 97 69 sit
1168 1365 83 69 in

710 1413 139 62 aliquo
807 1413 111 62 vbi,
877 1413 97 62 aut
932 1413 83 62 in
974 1413 125 62 alic,
1057 1413 97 62 aut
1113 1413 83 62 in
1141 1413 83 62 hoc.

719 1461 89 59 Si
764 1461 148 59 igitur
867 1461 148 59 illud,
971 1461 119 59 quod
1030 1461 193 59 trasmutatur

720 1509 80 53 ad
760 1509 67 53 E
786 1509 93 53 est
840 1509 134 53 ialio,
933 1509 107 53 v.g.
1000 1509 80 53 in
1040 1509 67 53 C
1067 1509 134 53 semper
1147 1509 80 53 esta

712 1553 315 57 transmutabuntur
978 1553 100 57 de
1028 1553 116 57 Cad
1094 1553 100 57 p.
1127 1553 100 57 quo-

715 1600 112 58 nia
779 1600 127 58 Cnon
858 1600 112 58 est
922 1600 207 58 continuum
1082 1600 96 58 ad
1129 1600 96 58 B,
1177 1600 80 58 &

714 1645 237 62 transmutatio
907 1645 104 62 est
966 1645 193 62 continua.
1114 1645 119 62 ergo
1174 1645 59 62 ne

721 1692 128 54 cesse
806 1692 100 54 est
863 1692 85 54 vt
906 1692 142 54 illud,
1005 1692 114 54 quod
1076 1692 85 54 ia
1105 1692 128 54 transmu

716 1740 145 46 tatum
812 1740 129 46 est,
893 1740 97 46 cu
941 1740 258 46 transmutatum
1134 1740 97 46 est,

708 1782 159 60 semper
819 1782 255 60 transmutetur
1026 1782 95 60 ad
1074 1782 159 60 illud,
1169 1782 64 60 ad
