1445 2083
173 155 160 39 Dicit:
285 155 80 39 &
317 155 160 39 Anaxa.
429 155 112 39 non
492 155 128 39 bene
572 155 144 39 dixit
652 155 48 39 i

175 194 109 54 hoc,
244 194 109 54 quod
312 194 137 54 posuit
408 194 219 54 generationem
586 194 82 54 ex
613 194 82 54 ele-

188 233 142 41 mentis
287 233 256 41 conuenientibus
501 233 85 41 in
543 233 142 41 forma:
629 233 71 41 cum

187 272 114 59 gnatio
267 272 137 59 scilicet
369 272 69 59 vt
404 272 91 59 caro
461 272 80 59 sit
507 272 69 59 ex
541 272 114 59 multis
610 272 91 59 carni-

192 309 106 50 bus,
258 309 66 50 &
284 309 79 50 os
324 309 79 50 ex
364 309 132 50 multis
457 309 159 50 ossibus,
576 309 119 50 neque
642 309 53 50 in

188 348 124 46 duxit
271 348 262 46 determinationem
491 348 124 46 super
574 348 110 46 hoc:
629 348 69 46 est

189 389 108 54 enim
257 389 176 54 generatio
392 389 81 54 ex
433 389 162 54 partibus
541 389 149 54 conuenien

194 427 108 48 tibus
266 427 72 48 in
302 427 120 48 forma:
385 427 60 48 &
409 427 155 48 similiter
529 427 155 48 corruptio
636 427 60 48 est

186 464 165 42 diuisio,
310 464 69 42 &
338 464 179 42 resolutio
475 464 83 42 in
516 464 138 42 partes
599 464 96 42 conue

188 507 136 39 nmentes
287 507 74 39 in
324 507 124 39 forma:
411 507 74 39 vt
448 507 161 39 generatio
572 507 124 39 frusti
646 507 50 39 lu

189 540 93 53 tei
242 540 80 53 ex
282 540 147 53 frustis
389 540 107 53 puis
455 540 120 53 luti:
535 540 67 53 &
548 540 147 53 corruptio

192 581 91 50 eius
249 581 68 50 in
283 581 91 50 illa
340 581 114 50 parua.
419 581 80 50 est
465 581 102 50 autem
533 581 148 50 generatio
636 581 68 50 alia

191 625 85 41 ex
233 625 128 41 rebus
319 625 100 41 non
376 625 256 41 conuenientibus
589 625 85 41 in
618 625 71 41 for

191 665 88 44 ma,
242 665 63 44 &
267 665 164 44 similiter
394 665 177 44 corruptio:
533 665 76 44 vt
558 665 139 44 generatio

190 696 108 42 luti
257 696 81 42 ex
298 696 122 42 aqua,
379 696 68 42 &
406 696 135 42 terra,
500 696 68 42 &
527 696 108 42 eius
581 696 108 42 resolu

193 739 98 49 tio
249 739 84 49 in
291 739 141 49 aquam,
390 739 70 49 &
418 739 155 49 terram.
530 739 70 49 &
558 739 98 49 hoc
601 739 98 49 inten

198 773 127 41 debat,
287 773 114 41 quand
363 773 127 41 dixit:
452 773 63 41 &
477 773 89 41 est
527 773 101 41 alio
591 773 114 41 modo.
654 773 38 41 D

187 814 125 43 dixit:
274 814 62 43 &
299 814 100 43 iste
361 814 112 43 alius
436 814 125 43 modus,
523 814 87 43 &c.
573 814 75 43 i.
610 814 62 43 &
622 814 75 43 iste

182 850 140 53 modus
276 850 249 53 generationis
478 850 109 53 non
540 850 109 53 est
587 850 109 53 vnus,

189 895 91 36 est
241 895 104 36 enim
306 895 117 36 modus
384 895 91 36 qui
436 895 91 36 est
489 895 78 36 vt
528 895 169 36 generatio
645 895 52 36 la

188 925 123 45 terum
270 925 82 45 ex
312 925 123 45 luto,
394 925 68 45 &
421 925 123 45 idoli
503 925 82 45 ex
544 925 137 45 cupro:
627 925 68 45 est

189 965 118 53 autem
268 965 131 53 alius,
359 965 79 53 vt
399 965 170 53 generatio
530 965 118 53 domus
608 965 79 53 ex
635 965 52 53 la

191 1005 154 39 teribus,
307 1005 64 39 &
332 1005 179 39 lapidibus,
473 1005 64 39 &
499 1005 128 39 homins
588 1005 77 39 ex
614 1005 77 39 men-

191 1045 104 36 bris
256 1045 221 36 consimilibus,
438 1045 65 36 &
463 1045 169 36 diuersis:
593 1045 91 36 est
632 1045 65 36 au-

184 1093 96 29 tem
239 1093 137 29 alius,
335 1093 82 29 vt
376 1093 178 29 generatio
512 1093 123 29 aquae
594 1093 82 29 ex
622 1093 68 29 ae-

188 1118 99 52 re,
244 1118 71 52 &
273 1118 127 52 aeris
358 1118 85 52 ex
400 1118 127 52 aqua:
485 1118 71 52 &
513 1118 99 52 est
556 1118 141 52 proprium

184 1158 109 44 huic
253 1158 109 44 modo
321 1158 205 44 gnerationis
485 1158 178 44 vtrumque,
608 1158 82 44 quod

192 1197 178 50 generatur
329 1197 82 50 ex
370 1197 164 50 reliquo.
493 1197 82 50 Et
534 1197 164 50 intendit
643 1197 55 50 in

194 1245 111 41 toto
264 1245 97 41 hoc
319 1245 153 41 sermone
431 1245 181 41 declarare
570 1245 111 41 quod
625 1245 70 41 om-

185 1276 100 47 ne,
242 1276 115 47 quod
314 1276 143 47 Anaxa.
414 1276 157 47 induxit
528 1276 86 47 in
571 1276 115 47 hoc,
628 1276 72 47 est

188 1312 122 42 sine
249 1312 260 42 demonstratione.

252 1388 234 39 SVMMA
382 1388 234 39 QVARTA.

232 1421 84 37 De
274 1421 140 37 uumero
372 1421 224 37 principiorum
540 1421 98 37 rerum

327 1453 184 38 naturalium.

206 1506 77 39 De
245 1506 230 39 Contrarietate,
436 1506 64 39 &
449 1506 230 39 pluralitateprin-

302 1544 202 51 cipiorum,
458 1544 124 51 Cap.
520 1544 62 51 1.

353 1604 148 50 Elius
451 1604 148 50 autem
550 1604 115 50 est
599 1604 99 50 pau-

357 1644 149 50 ciora,
461 1644 75 50 &
491 1644 149 50 finita
581 1644 119 50 recipe

354 1689 119 50 re,
422 1689 136 50 quod
507 1689 169 50 quidem
608 1689 85 50 fa-

350 1727 127 51 cit
422 1727 272 51 Empedocles.
622 1727 72 51 Om

187 1780 99 38 nes
243 1780 141 38 igitur
342 1780 197 38 contraria,
497 1780 183 38 principia
624 1780 70 38 fa-

182 1820 152 38 ciunt,
288 1820 76 38 &
319 1820 106 38 qui
380 1820 152 38 dicunt
486 1820 122 38 quod
562 1820 106 38 sit
608 1820 91 38 vnum

719 157 152 37 omne,
821 157 85 37 &
855 157 203 37 immobile
1007 157 186 37 setenim
1125 157 119 37 Parme

715 197 140 52 nides
809 197 187 52 calidum,
949 197 78 52 &
981 197 187 52 frigidum
1105 197 125 52 princi

721 239 94 51 pia
774 239 134 51 facit:
868 239 107 51 haec
935 239 121 51 autem
1016 239 161 51 appellat
1123 239 107 51 ignem,

718 285 80 39 &
750 285 175 39 terram,
877 285 80 39 &
909 285 111 39 qui
973 285 159 39 rarum,
1084 285 80 39 &
1100 285 127 39 desum,

709 321 84 51 &
743 321 234 51 Democritus
926 321 200 51 solidum,
1077 321 84 51 &
1093 321 134 51 inane,

721 366 151 50 quorum
827 366 136 50 aliud
918 366 166 50 quidem,
1039 366 91 50 vt
1084 366 121 50 quod
1144 366 76 50 est

715 405 119 56 aliud
794 405 132 56 autem,
887 405 79 56 vt
926 405 106 56 quod
992 405 92 56 non
1045 405 106 56 est,
1111 405 106 56 esse
1164 405 66 56 di-

715 448 125 50 cit.
794 448 141 50 Adhuc
888 448 219 50 positione,
1060 448 172 50 figura,
1185 448 78 50 &

720 490 164 40 ordine,
839 490 119 40 haec
914 490 134 40 autem
1003 490 149 40 genera
1093 490 134 40 contra-

713 530 152 48 riorum
819 530 136 48 sunt:
910 530 212 48 positionis
1076 530 152 48 sursum
1183 530 76 48 &

715 580 185 47 deorsum,
853 580 92 47 au
899 580 77 47 &
930 580 154 47 retro:
1038 580 169 47 figurae
1146 580 77 47 an-

715 615 151 51 gulare,
825 615 206 51 inagulatur,
990 615 151 51 rectum,
1087 615 138 51 rotudum,

740 654 87 69 Et
783 654 145 69 melius
884 654 101 69 est
942 654 173 69 accipere
1058 654 173 69 principia,

716 701 149 69 finita,
825 701 122 69 sicut
907 701 122 69 fecit
988 701 136 69 Emped.
1083 701 82 69 Et
1124 701 95 69 oes
1165 701 54 69 po

712 753 112 58 nunt
782 753 182 58 principia
922 753 182 58 cotraria,
1062 753 98 58 qui
1104 753 112 58 dicut,

709 796 139 46 quod
795 796 156 46 totum
899 796 121 46 est
969 796 139 46 vnu,
1056 796 87 46 &
1073 796 156 46 immobi-

708 845 106 62 te.
769 845 152 62 quonia
875 845 213 62 parmenides
1042 845 137 62 ponit
1119 845 106 62 cali-

711 893 113 63 du,
776 893 81 63 &
808 893 194 63 frigidum
954 893 227 63 principia,
1132 893 81 63 &
1148 893 81 63 vo-

716 941 107 61 cat
777 941 123 61 haec
854 941 107 61 duo
915 941 138 61 ignem
1007 941 77 61 &
1037 941 168 61 terram:
1160 941 92 61 &

716 988 140 65 quidam
814 988 140 65 dicunt
912 988 196 65 raritatem,
1065 988 70 65 &
1079 988 140 65 densita-

711 1037 120 61 tem.
786 1037 75 61 &
816 1037 225 61 Democritus,
996 1037 90 61 cu
1041 1037 165 61 induxit
1146 1037 75 61 ple

714 1085 111 62 nu,
778 1085 79 62 &
809 1085 158 62 vacuu,
920 1085 158 62 primum
1031 1085 127 62 vero
1110 1085 111 62 pro
1158 1085 63 62 en

708 1133 102 60 te,
767 1133 174 60 secundum
897 1133 116 60 aute
970 1133 102 60 pro
1028 1133 102 60 non
1086 1133 131 60 ente.
1173 1133 73 60 &

715 1180 80 62 cu
755 1180 93 62 hoc
808 1180 133 62 dicit,
901 1180 106 62 quod
967 1180 66 62 i
994 1180 120 62 pleno
1074 1180 66 62 e
1087 1180 133 62 positio,

713 1229 100 59 aut
770 1229 171 59 alietas,
898 1229 100 59 qua
955 1229 128 59 entia
1026 1229 199 59 diuersantur,

711 1276 171 62 secundum
839 1276 214 62 positionem,
1011 1276 71 62 &
1039 1276 157 62 figura,
1154 1276 71 62 &
1168 1276 57 62 or

712 1325 139 63 dine,
804 1325 77 63 &
835 1325 124 63 sunt
912 1325 247 63 contrariorum
1098 1325 124 63 genera

717 1373 123 64 ista:
799 1373 150 64 positio
909 1373 109 64 vero
977 1373 96 64 est
1032 1373 123 64 genus
1100 1373 123 64 superio

708 1420 112 63 ris,
778 1420 70 63 &
806 1420 211 63 inferioris,
975 1420 70 63 &
1003 1420 225 63 posterioris,
1172 1420 56 63 et

715 1469 212 63 anterioris:
884 1469 141 63 figura
983 1469 113 63 vero
1054 1469 71 63 e
1082 1469 127 63 genus
1152 1469 71 63 ha-

706 1517 179 61 bentium
836 1517 195 61 angulos,
983 1517 81 61 &
1015 1517 195 61 carentiu
1146 1517 81 61 an-

711 1565 153 62 gulis,
818 1565 77 62 &
848 1565 153 62 recti,
956 1565 77 62 &
971 1565 153 62 rotundi.

756 1620 95 58 Cum
811 1620 177 58 destruxit
947 1620 177 58 principia
1084 1620 109 58 esse
1152 1620 95 58 in

716 1661 136 53 finita,
814 1661 123 53 coepit
901 1661 123 53 ponere
987 1661 74 53 ea
1024 1661 99 53 esse
1085 1661 136 53 finita,
1184 1661 62 53 &

716 1698 173 57 declarare,
852 1698 99 57 quod
914 1698 99 57 ista
976 1698 136 57 positio
1075 1698 87 57 non
1112 1698 111 57 solummo

709 1741 79 37 do
748 1741 92 37 est
801 1741 118 37 vera,
879 1741 92 37 sed
932 1741 66 37 &
958 1741 131 37 melior
1050 1741 131 37 etiam:
1128 1741 92 37 dein-

715 1781 75 37 de
752 1781 137 37 quaerit
851 1781 99 37 quot
914 1781 112 37 sunt,
988 1781 62 37 &
1013 1781 124 37 dixit:
1100 1781 75 37 Et
1125 1781 87 37 meli-

710 1821 103 53 est,
775 1821 90 53 &c.
826 1821 78 53 i.
865 1821 129 53 melius
956 1821 78 53 in
994 1821 90 53 hac
1046 1821 103 53 scia
1111 1821 90 53 est
1149 1821 78 53 pone
