1416 2066
177 177 164 53 postponitur
308 177 98 53 quode
374 177 153 53 voluntati,
494 177 87 53 nisi
549 177 109 53 perper
614 177 66 53 hoc,

193 218 96 44 quod
253 218 132 44 aliquid
349 218 132 44 deficit
446 218 72 44 in
482 218 168 44 voluntato,
614 218 60 44 &
626 218 60 44 est

191 257 137 49 saltem
287 257 191 49 praesentia
437 257 178 49 temporis,
560 257 123 49 impossi

194 292 99 50 bile
255 292 87 50 est
305 292 74 50 vt
342 292 136 50 negetur
441 292 74 50 ab
478 292 136 50 hominie
577 292 87 50 per
614 292 74 50 suam

195 333 170 48 intrinsecam
331 333 147 48 rationem:
444 333 91 48 sed,
500 333 68 48 si
534 333 136 48 negetur,
625 333 68 48 erit

187 367 90 49 per
239 367 207 49 extrinsecam.
407 367 155 49 Secundum
523 367 116 49 autem
588 367 90 49 funda

192 405 136 51 mentum,
290 405 99 51 quid
352 405 86 51 est
401 405 99 51 quod
463 405 99 51 ante
525 405 111 51 istam
586 405 99 51 volun-

194 444 105 38 tatem,
268 444 126 38 secundum
363 444 84 38 quod
415 444 74 38 est
458 444 105 38 prima,
531 444 74 38 non
573 444 74 38 est
605 444 84 38 trans-

194 481 136 44 mutatio,
295 481 158 44 conceditur
420 481 68 44 ab
454 481 170 44 aduersarijs
578 481 113 44 scilicet

193 516 62 46 a
217 516 198 46 Loquentibus.
378 516 74 46 Si
416 516 124 46 igitur
502 516 124 46 fuerit
577 516 111 46 dictum,

192 564 104 41 quod
257 564 117 41 istud
335 564 91 41 est
387 564 156 41 iudicium
504 564 182 41 voluntatis
634 564 52 41 no

190 598 94 50 uae
243 598 81 50 in
284 598 161 50 antiqua,
405 598 94 50 aut
458 598 161 50 postponi
579 598 94 50 pot
620 598 67 50 si-

190 633 83 50 ne
232 633 139 50 causa,
329 633 153 50 dicemus
441 633 237 50 interrogando,
621 633 70 50 non

192 671 178 48 conceditis
332 671 101 48 quod
395 671 165 48 presentia
522 671 152 48 temporis
624 671 63 48 est

189 710 94 49 cam
242 710 81 49 in
283 710 148 49 essendo
390 710 161 49 volitum:
511 710 107 49 ergo
578 710 94 49 hic
618 710 67 49 est

190 747 129 46 causa.
280 747 77 46 Si
319 747 129 46 igitur
409 747 155 46 dixerint
525 747 103 46 quod
577 747 103 46 tempus

189 786 117 40 etiam
267 786 168 40 inuenitur
396 786 78 40 ex
435 786 104 40 illa
500 786 142 40 antiqua
590 786 91 40 volun

190 827 104 44 tate,
260 827 163 44 reuertetur
388 827 116 44 quiodo
469 827 104 44 super
539 827 104 44 illos
608 827 70 44 in
632 827 46 44 fa

187 860 119 46 ctura
266 860 133 46 illius
359 860 173 46 temporis.
492 860 106 46 Tps,
558 860 106 46 quod
611 860 80 46 fit,

188 895 131 52 postque
283 895 83 52 non
331 895 107 52 fuit,
402 895 131 52 indiget
498 895 143 52 tempore,
605 895 71 52 in
628 895 60 52 quo

189 934 108 44 fiat,
261 934 60 44 &
285 934 84 44 per
332 934 96 44 quod
392 934 191 44 approprietur
548 934 84 44 sua
583 934 108 44 factio,

193 973 63 48 &
219 973 201 48 determinetur
382 973 75 48 &,
419 973 75 48 si
457 973 100 48 non,
520 973 113 48 esset
583 973 100 48 semper

194 1007 62 43 &
218 1007 87 43 hoc
268 1007 174 43 manifestum
405 1007 87 43 est
455 1007 87 43 per
505 1007 87 43 se.
555 1007 87 43 Et,
605 1007 75 43 si
630 1007 62 43 fue

192 1047 87 49 rit
241 1047 125 49 dictum
329 1047 137 49 quomodo
428 1047 125 49 posset
516 1047 150 49 inueuiri
615 1047 75 49 noua

195 1081 108 52 actio
267 1081 145 52 secundum
376 1081 96 52 hanc
436 1081 157 52 opinionem
556 1081 72 52 ab
581 1081 108 52 antiqua

191 1132 215 30 voluntate,
360 1132 169 30 dicemus
483 1132 185 30 mediante
606 1132 77 30 mo-

187 1158 78 50 to
226 1158 143 50 antiquo
330 1158 65 50 a
356 1158 169 50 voluntate
487 1158 169 50 antiquae.
604 1158 91 50 istud

192 1196 102 46 enim
256 1196 115 46 motum
333 1196 256 46 appropinquabitur
550 1196 141 46 alicui,
653 1196 64 46 &

186 1237 150 38 distabit
299 1237 75 38 ab
337 1237 138 38 aliquo:
437 1237 63 38 &
462 1237 88 38 sic
512 1237 100 38 erit
574 1237 88 38 cam
612 1237 75 38 que-

190 1273 96 41 tis,
250 1273 60 41 &
274 1273 108 41 motus
346 1273 168 41 aliquorum,
478 1273 84 41 cum
526 1273 96 41 hoc,
586 1273 96 41 quod
634 1273 60 41 est

176 1316 154 30 aeternum.
295 1316 71 30 Et
330 1316 119 30 etiam,
413 1316 71 30 si
449 1316 119 30 fuerit
532 1316 83 30 hic
567 1316 119 30 voluntas

180 1356 172 32 antiqua,
309 1356 115 32 quae
381 1356 187 32 antecedit
524 1356 158 32 volitum
625 1356 57 32 no

190 1387 103 39 uum
249 1387 118 39 sine
323 1387 206 39 mediatione
485 1387 147 39 motus,
573 1387 118 39 neces-

188 1421 76 53 se
226 1421 88 53 est
277 1421 76 53 vt
315 1421 101 53 suum
378 1421 139 53 volitum
479 1421 88 53 non
516 1421 177 53 postponatur,

184 1460 84 40 ab
226 1460 84 40 ea
268 1460 126 40 donec
352 1460 154 40 desinat
464 1460 84 40 in
506 1460 182 40 infinuum.
646 1460 70 40 &

187 1496 90 42 hoc
239 1496 233 42 essentialiter,
433 1496 65 42 &
458 1496 90 42 non
497 1496 181 42 accidentali-

188 1540 98 46 ter.
249 1540 135 46 quoniam
348 1540 86 46 qui
397 1540 111 46 ponit
471 1540 172 46 voluntatum
594 1540 86 46 nouum

185 1572 180 52 inueniri
320 1572 75 52 a
350 1572 195 52 voluntate
499 1572 165 52 antiqua
604 1572 75 52 me-

192 1609 131 41 diante
284 1609 118 41 motu,
362 1609 92 41 non
415 1609 170 41 contingit
546 1609 79 41 ei
585 1609 79 41 vt
611 1609 66 41 vo-

184 1645 136 54 luntas
279 1645 176 54 praecedat
415 1645 149 54 volitum
523 1645 149 54 tempore
618 1645 68 54 in-

185 1685 148 37 finito,
292 1685 108 37 nisi
359 1685 94 37 per
413 1685 175 37 accidens.
548 1685 67 37 &
574 1685 94 37 hoc
615 1685 67 37 ma-

183 1725 170 37 nifestum
311 1725 99 37 est
367 1725 256 37 exercitantibus
581 1725 85 37 in
609 1725 71 37 co-

184 1765 146 43 gnitione
293 1765 110 43 eius,
366 1765 97 43 quid
427 1765 85 43 est
476 1765 219 43 essentialiter,
646 1765 37 43 &

185 1804 101 39 eius,
252 1804 90 39 quid
308 1804 78 39 est
353 1804 213 39 accidentaliter.
532 1804 78 39 Et,
577 1804 67 39 si
611 1804 67 39 in
633 1804 56 39 hac

709 172 130 46 propone
804 172 83 46 non
851 172 190 46 distinguatur
1006 172 119 46 illud,
1089 172 95 46 quid
1148 172 83 46 est
1183 172 36 46 i

704 214 210 43 essentialiter
876 214 74 43 ab
913 214 86 43 eo,
963 214 99 43 quid
1024 214 86 43 est
1061 214 136 43 accidenta

698 253 132 47 liter,
790 253 106 47 erit
857 253 199 47 sophistica.
1016 253 79 47 Et
1055 253 79 47 ex
1095 253 93 47 hoc
1135 253 66 47 ha-

703 291 154 52 buerunt
815 291 182 52 Loquentes
955 291 154 52 nostrae
1067 291 126 52 legis
1137 291 70 52 pro

705 328 187 43 impossibili,
857 328 94 43 quod
916 328 82 43 iin
963 328 105 43 eodem
1033 328 140 43 subiecto
1127 328 70 43 sue-

704 365 123 45 cedant
790 365 98 45 sibi
851 365 110 45 facta
924 365 159 45 infinita.
1047 365 135 45 fingunt
1133 365 74 45 enim

707 405 109 46 quod,
780 405 73 46 si
816 405 157 46 generatum
937 405 121 46 fuerit
1021 405 73 46 in
1058 405 85 46 eo,
1094 405 109 46 contin-

702 443 93 52 vet
755 443 120 52 ipsum
835 443 93 52 non
889 443 120 52 esse,
969 443 107 52 nisi
1035 443 160 52 pecedant
1142 443 67 52 ip-

705 471 93 51 sum
758 471 120 51 facta
838 471 173 51 infinita:
971 471 67 51 &
998 471 133 51 dicunt
1091 471 107 51 quod
1144 471 67 51 est

703 520 185 49 impossibile.
854 520 81 49 Nos
900 520 104 49 autem
970 520 127 49 dicimus
1062 520 93 49 quod
1120 520 81 49 est
1155 520 58 49 in-

707 556 165 45 possibile
834 556 228 45 essentialiter,
1024 556 89 45 non
1062 556 140 45 accidenta

709 597 87 49 liter
767 597 116 49 scilicet
854 597 77 49 quod
902 597 68 49 cum
941 597 106 49 aliquid
1018 597 87 49 agens
1076 597 106 49 fuerit,
1143 597 68 49 cuius

712 634 78 40 sse
757 634 78 40 non
801 634 101 40 habet
869 634 135 40 initium,
970 634 146 40 contingit
1082 634 90 40 quod
1127 634 78 40 actio

706 669 85 37 nes
754 669 97 37 eius
815 669 85 37 non
863 669 133 37 habeant
960 669 145 37 initium.
1068 669 97 37 vnde
1116 669 85 37 acci-

706 708 88 38 det
757 708 75 38 vt
794 708 101 38 ante
857 708 163 38 quamlibet
983 708 151 38 actionem
1096 708 101 38 eius
1146 708 63 38 sit

702 744 134 52 actio,
795 744 67 52 &
822 744 107 52 ante
889 744 174 52 quamlibet
1023 744 161 52 actionem
1130 744 80 52 eius

713 782 81 42 int
760 782 140 42 actiones
865 782 163 42 infinitae,
993 782 81 42 sed
1039 782 81 42 per
1074 782 128 42 accidens,

702 826 86 44 non
751 826 99 44 quia
813 826 123 44 quadam
899 826 99 44 sunt
961 826 185 44 necessariae
1108 826 74 44 in
1133 826 74 44 esse

707 868 152 39 quorundam,
827 868 130 39 quoniam,
924 868 65 39 si
957 868 76 39 ita
1001 868 109 39 esset,
1066 868 141 39 contingeret

709 895 67 51 vt
742 895 78 51 non
787 895 168 51 inueniretur
921 895 67 51 ex
955 895 78 51 eis
1000 895 134 51 aliquid,
1100 895 89 51 nisi
1145 895 67 51 post

707 932 172 50 definitionem
847 932 172 50 infinitorum,
986 932 86 50 quod
1040 932 75 50 est
1072 932 129 50 ipossibile

710 972 85 46 Cum
758 972 121 46 igitur
843 972 158 46 Loquentes
965 972 146 46 accepunt
1074 972 97 46 loco
1122 972 85 46 eius,

707 1008 89 45 quod
762 1008 78 45 est
807 1008 78 45 per
851 1008 144 45 accidens,
962 1008 111 45 illud,
1040 1008 89 45 quid
1095 1008 78 45 est
1128 1008 78 45 essen

707 1052 147 45 tialiter,
820 1052 56 45 &
842 1052 135 45 dixerunt
944 1052 169 45 impossibile
1079 1052 90 45 esse
1124 1052 79 45 facta

710 1085 79 53 non
755 1085 113 53 habere
834 1085 125 53 primum:
925 1085 57 53 &
948 1085 79 53 est
993 1085 147 53 possibile
1106 1085 79 53 per
1140 1085 68 53 acci

705 1121 113 51 dens:
781 1121 101 51 immo
844 1121 88 51 est
894 1121 176 51 necessariu
1032 1121 75 51 ex
1070 1121 101 51 hoc,
1133 1121 101 51 quod

709 1157 138 50 ponitur
810 1157 126 50 agens,
898 1157 113 50 cuius
974 1157 101 50 esse
1037 1157 88 50 non
1087 1157 113 50 habet
1150 1157 63 50 pri

711 1197 94 45 mum:
770 1197 82 45 sed
817 1197 82 45 est
864 1197 176 45 impossibile
1004 1197 211 45 essentialiter,
1168 1197 47 45 vt

706 1245 153 29 actiones
821 1245 166 29 infinitae
948 1245 102 29 sint
1012 1245 191 29 necessariae
1152 1245 51 29 in

709 1274 92 40 esse
766 1274 103 40 nouam
835 1274 149 40 actionem.
950 1274 69 40 Et
984 1274 80 40 iam
1030 1274 126 40 Aristo.
1122 1274 69 40 d.
1145 1274 57 40 hoc

709 1316 124 38 aperte
795 1316 74 38 in
832 1316 124 38 Quinto
919 1316 124 38 istius
1006 1316 124 38 libri,
1093 1316 87 38 cum
1130 1316 74 38 fuit

704 1357 206 37 pscrutatus
866 1357 133 37 vtrum
955 1357 133 37 motus
1043 1357 147 37 habeat
1131 1357 74 37 mo-

708 1389 103 48 tum,
773 1389 65 48 &
799 1389 168 48 generatio
928 1389 220 48 venerationem,
1109 1389 65 48 &
1121 1389 78 48 simi

704 1415 108 58 liter
776 1415 72 58 in
812 1415 132 58 secundo
908 1415 96 58 lib.
968 1415 72 58 de
1004 1415 120 58 Gener.
1088 1415 84 58 cum
1124 1415 72 58 per-

701 1462 169 36 scrutatus
831 1462 91 36 est
883 1462 78 36 de
922 1462 156 36 finitate
1027 1462 169 36 elementorum

706 1501 81 48 Et
746 1501 203 48 verificatio
908 1501 162 48 sermonis
1030 1501 81 48 in
1070 1501 135 48 agente
1151 1501 54 48 vo

713 1539 80 40 sente
766 1539 71 40 est,
811 1539 71 40 quod
855 1539 89 40 agens,
917 1539 44 40 &
935 1539 89 40 mouens
997 1539 151 40 vniversaliter
1121 1539 62 40 est
1148 1539 44 40 il-

700 1572 115 52 lud,
771 1572 86 52 ex
814 1572 100 52 quo
872 1572 144 52 puenit
972 1572 158 52 mouere,
1087 1572 72 52 &
1102 1572 100 52 actio

710 1613 157 45 prouemens
831 1613 72 45 ex
867 1613 72 45 eo
903 1613 133 45 dicitur
1000 1613 121 45 motus,
1084 1613 60 45 &
1096 1613 109 45 mouens,

708 1646 97 50 quod
769 1646 85 50 est
817 1646 170 50 huiusmodi,
951 1646 85 50 est
999 1646 122 50 duobus
1085 1646 122 50 modis,
1157 1646 49 50 mo

711 1692 107 43 lens,
783 1692 83 43 qui
830 1692 107 43 mouet
902 1692 119 43 absque
985 1692 83 43 eo,
1032 1692 95 43 quod
1080 1692 131 43 praecedat

700 1724 129 47 ipsum
786 1724 201 47 appetitus,
944 1724 100 47 aut
1001 1724 187 47 voluntas,
1130 1724 72 47 aut

702 1761 200 40 desyderium,
862 1761 93 40 aut
915 1761 174 40 quocumque
1049 1761 160 40 volueris
1156 1761 53 40 ap

701 1797 160 53 pellare:
821 1797 67 53 &
847 1797 93 53 hoc
901 1797 133 53 mouere
994 1797 147 53 dicitur
1087 1797 120 53 natura
