1416 2066
156 174 179 44 mtrationis
297 174 90 44 est
348 174 128 44 talis:
438 174 141 44 Necesse
540 174 90 44 est
591 174 77 44 vt
617 174 64 44 il-

168 218 120 40 lud,
243 218 120 40 quod
318 218 240 40 transmutatur
513 218 90 40 in
558 218 120 40 tota
618 218 60 40 ma

169 261 154 44 gnitudine,
290 261 77 44 sit
334 261 66 44 in
367 261 121 44 vtraque
456 261 110 44 parte,
533 261 132 44 scilicet
621 261 55 44 cum

174 291 90 49 est
226 291 77 49 in
264 291 128 49 altera
354 291 128 49 parte,
444 291 90 49 aut
495 291 128 49 nondum
572 291 103 49 trans-

168 328 162 45 mutatur,
290 328 95 45 aut
344 328 81 45 ia
385 328 217 45 transmutatum
561 328 108 45 est,
615 328 68 45 aut

179 364 94 47 sper
238 364 199 47 transmutatur.
402 364 70 47 Si
437 364 105 47 autem
507 364 117 47 nondum
577 364 94 47 trans-

176 405 153 47 mutatur.
291 405 102 47 ergo
355 405 90 47 est
406 405 166 47 quiescens
534 405 77 47 in
560 405 115 47 omnibus

173 441 165 44 partibus
297 441 234 44 magnitudinis,
490 441 69 44 &
518 441 83 44 in
559 441 110 44 toto
614 441 69 44 iam

176 484 224 30 transmutatum
358 484 112 30 est:
428 484 70 30 &
455 484 98 30 hoc
511 484 98 30 est
553 484 126 30 inconue

175 521 131 33 niens.
267 521 92 33 Et,
319 521 79 33 si
359 521 92 33 iam
411 521 210 33 transmutatum
582 521 92 33 est
621 521 53 33 in

177 555 153 39 vtraque,
292 555 102 39 tunc
356 555 77 39 in
394 555 191 39 magnitudine
547 555 89 39 iam
586 555 89 39 trans

176 590 135 55 mutatum
274 590 98 55 est,
335 590 86 55 non
384 590 74 55 in
421 590 123 55 primo.
507 590 86 55 Et.
556 590 74 55 si
592 590 74 55 in
617 590 61 55 eis

178 629 135 41 semper
272 629 230 41 transmutetur,
461 629 108 41 eroo
529 629 81 41 in
569 629 95 41 AEc
610 629 68 41 to-

178 655 69 58 to
213 655 196 58 transmutatur.
374 655 81 58 sed
420 655 127 58 positum
513 655 81 58 est
559 655 81 58 iam
593 655 81 58 tran-

176 701 155 37 mutatum
289 701 127 37 esse:
373 701 113 37 eroo
444 701 85 37 in
486 701 127 37 eodem
556 701 127 37 transmu

155 730 142 48 tatur,
254 730 71 48 &
283 730 99 48 est
339 730 99 48 iam
396 730 241 48 transmutatum.
595 730 71 48 &
609 730 71 48 hoc

175 776 81 43 est
222 776 185 43 impossibile.
372 776 81 43 Sed
418 776 115 43 Arist.
498 776 115 43 tacuit
568 776 115 43 diuisio-

179 816 98 48 nem,
240 816 148 48 dicentem
351 816 98 48 quod
412 816 74 48 in
449 816 135 48 vtraque
548 816 98 48 erit
597 816 86 48 quie-

180 850 134 40 scens,
273 850 107 40 quia
340 850 93 40 est
393 850 187 40 manifesta,
540 850 67 40 &
567 850 107 40 quia
620 850 67 40 iam

182 883 111 47 vsus
251 883 97 47 est
307 883 97 47 hac
362 883 221 47 propositione
542 883 83 47 in
569 883 111 47 initio

176 925 125 46 huius
259 925 194 46 tractatus.
412 925 111 46 D.d.
482 925 83 46 Et
523 925 111 46 ista
579 925 97 46 eadem

173 964 178 46 roncinatio
313 964 166 46 sequitur,
441 964 89 46 &c.
492 964 76 46 i.
530 964 64 46 &
556 964 115 46 istud
619 964 64 46 im-

175 1001 164 51 possibile
301 1001 151 51 sequitur
415 1001 126 51 etiam,
503 1001 76 51 si
528 1001 151 51 posuerimus

181 1038 124 49 ipsum
264 1038 83 49 in
305 1038 97 49 vna
361 1038 124 49 parte
443 1038 97 49 iam
485 1038 193 49 transmutatum

176 1084 123 31 esse,
258 1084 68 31 &
285 1084 82 31 in
326 1084 109 31 alia
394 1084 123 31 adhuc
476 1084 204 31 transmutan.
626 1084 54 31 v.

173 1113 87 46 g.
216 1113 87 46 in
260 1113 131 46 parte
347 1113 131 46 ABiam
434 1113 232 46 transmutatum
608 1113 73 46 es-

172 1158 100 36 se,
229 1158 72 36 &
258 1158 86 36 in
301 1158 129 36 parte
387 1158 86 36 pc
430 1158 129 36 adhuc
501 1158 172 36 transmuta-

180 1189 69 47 ri.
219 1189 108 47 quoniam
298 1189 88 47 ratio
357 1189 59 47 in
386 1189 69 47 hoc
426 1189 88 47 eadem
485 1189 59 47 es
514 1189 118 47 scilicet
602 1189 79 47 quia
642 1189 39 47 se

186 1229 128 47 quitur
276 1229 77 47 vt
314 1229 128 47 illud,
404 1229 102 47 quod
468 1229 141 47 positum
571 1229 90 47 est
609 1229 64 47 pri

175 1262 106 44 mum,
241 1262 92 44 non
294 1262 92 44 sit
346 1262 145 44 primum.
452 1262 106 44 D.d.
518 1262 106 44 ergo
570 1262 106 44 neces-

175 1308 71 44 se
211 1308 83 44 est
258 1308 71 44 vt
294 1308 118 44 illud,
376 1308 83 44 &c.
424 1308 71 44 i.
459 1308 142 44 sequitur
566 1308 118 44 igitur
637 1308 47 44 ex

178 1338 83 40 hoc
225 1338 130 40 sermone
320 1338 71 40 vt
355 1338 118 40 illdm,
437 1338 94 40 quid
496 1338 83 40 est
544 1338 141 40 initium,
638 1338 47 40 in

179 1378 82 47 quo
226 1378 82 47 est
273 1378 200 47 transmutatio,
438 1378 82 47 non
485 1378 82 47 sit
520 1378 153 47 diuisibile,

177 1421 103 46 neque
245 1421 126 46 vltimum
336 1421 103 46 eius,
405 1421 103 46 inquo
473 1421 80 46 est
508 1421 171 46 transmutatio.

179 1451 61 55 Et
209 1451 171 55 intelligendum
350 1451 71 55 est
391 1451 71 55 hoc
431 1451 91 55 etiam
492 1451 61 55 in
522 1451 91 55 tpere
572 1451 101 55 transmu-

177 1490 113 48 tationis
261 1490 113 48 scilicet
346 1490 75 48 quod
393 1490 103 48 initium
468 1490 75 48 eius
515 1490 66 48 est
543 1490 132 48 idiuisibile,

172 1526 70 52 &
200 1526 111 52 quod
269 1526 97 52 non
325 1526 97 52 est
381 1526 153 52 tempus,
492 1526 97 52 sed
534 1526 139 52 instans,

215 1580 170 59 Manifestum
349 1580 85 59 est
397 1580 122 59 igitur
482 1580 97 59 quod
543 1580 61 59 &
568 1580 85 59 id,
604 1580 73 59 quod

173 1625 175 41 corruptum
307 1625 108 41 est,
374 1625 67 41 &
401 1625 108 41 quod
469 1625 148 41 genitum
576 1625 108 41 est,
630 1625 54 41 in

172 1663 211 49 impartibili
341 1663 127 49 illud
425 1663 141 49 quidem
509 1663 169 49 corruptum,

172 1705 94 49 hoc
225 1705 121 49 autem
306 1705 161 49 genitum.
426 1705 121 49 Ditur
507 1705 121 49 autem
587 1705 94 49 id,
627 1705 54 49 in

170 1751 111 44 quo
234 1751 143 44 primo
329 1751 175 44 mutatum
456 1751 127 44 est,
520 1751 159 44 duplici-

173 1789 107 54 ter.
240 1789 121 54 Aliud
320 1789 147 54 quidem,
427 1789 80 54 in
468 1789 94 54 quo
521 1789 121 54 primo
588 1789 94 54 perfe

692 181 108 45 cta
753 181 108 45 est
815 181 184 45 mutatio:
953 181 123 45 tunc
1030 181 123 45 enim
1091 181 123 45 veruml

698 218 100 48 est
755 218 143 48 dicere
855 218 115 48 quod
927 218 158 48 mutatum
1041 218 115 48 est.
1099 218 100 48 Aliud

691 263 133 51 vero,
780 263 89 51 in
824 263 104 51 quo
883 263 133 51 primo
972 263 148 51 coepit
1061 263 133 51 mutari,

739 298 210 61 Manifestum
904 298 105 61 est
964 298 150 61 igitur
1068 298 120 61 quod
1128 298 60 61 i.

689 343 122 59 lud,
765 343 122 59 quod
841 343 275 59 corrumperitur,
1070 343 76 59 &
1101 343 122 59 quoo

697 389 100 61 fit,
760 389 88 61 sit
810 389 75 61 in
848 389 213 61 indiuisibili.
1023 389 75 61 Et
1060 389 100 61 hoc,
1123 389 100 61 quod

689 435 167 63 dicimus
811 435 167 63 initium
932 435 137 63 eius,
1024 435 91 63 in
1069 435 107 63 quo
1115 435 76 63 est

689 485 268 45 transmutatio,
910 485 110 45 est
973 485 158 45 duobus
1068 485 110 45 modi-

688 529 147 62 Quorum
791 529 118 62 vnus
865 529 103 62 est
923 529 147 62 illud,
1026 529 88 62 in
1070 529 103 62 quo
1115 529 73 62 per

701 577 159 58 ficitur
816 577 246 58 transmutatio:
1019 577 145 58 quonia
1105 577 87 58 tunc

691 620 171 62 dicitur
816 620 125 62 vere
894 620 171 62 aliquid
1018 620 109 62 iam
1065 620 140 62 transmu

694 667 133 64 tatum
783 667 133 64 esse.
871 667 133 64 Alius
959 667 118 64 vero
1033 667 103 64 est
1077 667 118 64 illud,

691 717 90 56 in
736 717 105 56 quo
796 717 180 56 incoepit
916 717 224 56 transmutatio.

730 779 103 52 Ista
795 779 168 52 demtratio
924 779 129 52 pdicta
1014 779 90 52 est
1066 779 77 52 in
1092 779 103 52 trans-

700 819 191 47 mutationibus
855 819 215 47 diuisibilibus,
1034 819 95 47 quae
1082 819 119 47 hiabsunt

705 854 203 50 principium,
867 854 68 50 &
894 854 135 50 finem.
975 854 230 50 transmutationes

709 892 80 51 vero
759 892 170 51 indiuisibiles
899 892 120 51 scilicet
990 892 80 51 quae
1040 892 80 51 sunt
1090 892 60 51 in
1110 892 90 51 indiui-

695 929 143 50 sibili.
799 929 78 50 v.
838 929 78 50 g.
877 929 143 50 onatio,
980 929 65 50 &
1006 929 169 50 corruptio
1123 929 78 50 sunt

696 959 76 52 in
734 959 126 52 forma:
823 959 114 52 forma
898 959 101 52 enim
962 959 88 52 est
1000 959 189 52 indiuisibilis

700 1007 149 44 manifestum
817 1007 74 44 est
860 1007 106 44 igitur
934 1007 64 44 de
966 1007 85 44 eis,
1019 1007 85 44 quod
1072 1007 95 44 istae
1125 1007 74 44 trans

692 1045 201 40 mutationes
850 1045 115 40 sunt
921 1045 86 40 in
964 1045 129 40 rebus
1036 1045 158 40 indiuisi-

702 1073 148 49 bilibus.
813 1073 99 49 D.d.
874 1073 173 49 Manifestum
1010 1073 86 49 est
1059 1073 123 49 igitu,
1133 1073 62 49 &c.

694 1116 72 45 i.
730 1116 167 45 manifestum
861 1116 84 45 est
909 1116 120 45 igitur
993 1116 96 45 quod
1053 1116 120 45 illud,
1124 1116 72 45 quod

703 1151 189 44 corrumpiturs
857 1151 177 44 corrumpitur
998 1151 71 44 in
1022 1151 177 44 indiuisibili,

697 1190 63 44 &
723 1190 125 44 illud,
810 1190 100 44 quod
873 1190 100 44 sit,
936 1190 88 44 fit
986 1190 75 44 in
1011 1190 188 44 indiuisibili.

693 1230 76 38 Et
731 1230 89 38 non
782 1230 153 38 intendit
897 1230 102 38 quod
961 1230 89 38 hoc
1012 1230 115 38 appet
1088 1230 76 38 ex
1114 1230 76 38 pdi-

694 1266 86 40 cta
743 1266 208 40 demtrnatione.
914 1266 86 40 nam
963 1266 171 40 generatio,
1097 1266 61 40 &
1109 1266 86 40 corru

704 1302 97 50 ptio
765 1302 85 50 non
813 1302 97 50 sunt
874 1302 195 50 diuisibiles,
1033 1302 85 50 ita
1081 1302 97 50 quod
1130 1302 61 50 ha-

695 1346 107 45 beant
766 1346 166 45 principium
897 1346 59 45 &
920 1346 119 45 finem.
1003 1346 83 45 sed
1051 1346 107 45 forte
1110 1346 83 45 trans

688 1382 136 36 mitut
778 1382 105 36 nos
839 1382 90 36 ad
884 1382 120 36 hoc,
959 1382 120 36 quod
1034 1382 151 36 dictum
1125 1382 75 36 est

703 1416 113 48 prius,
782 1416 90 48 quod
838 1416 158 48 generatio,
962 1416 56 48 &
985 1416 147 48 corruptio
1097 1416 90 48 sunt
1143 1416 56 48 fi-

693 1452 90 46 nes
745 1452 258 46 tramsmutationis.
964 1452 77 46 Et
1003 1452 181 46 declaratum
1132 1452 64 46 est

699 1489 85 41 hic
747 1489 97 41 quod
808 1489 109 41 finis
881 1489 231 41 transmutationis
1076 1489 85 41 est
1112 1489 85 41 indi-

693 1525 167 53 uisibilis.
824 1525 71 53 Et
860 1525 155 53 intelligo
979 1525 83 53 per
1014 1525 179 53 transmutatio-

697 1565 82 51 nem
744 1565 117 51 illud,
826 1565 105 51 cuius
896 1565 105 51 finis
966 1565 82 51 est
1013 1565 152 51 gneratio,
1130 1565 58 51 &
1142 1565 58 51 cor

692 1601 109 43 ruptio
769 1601 131 43 scilicet
867 1601 208 43 transmutationem
1031 1601 164 43 alterationis,

696 1642 61 46 &
720 1642 146 46 gneratio
830 1642 85 46 est
878 1642 110 46 finis
951 1642 207 46 alterationis,
1122 1642 61 46 &
1134 1642 61 46 non

697 1676 89 46 est
748 1676 217 46 transmutatio,
927 1676 89 46 sed
978 1676 89 46 est
1029 1676 140 46 sequens
1118 1676 89 46 tras-

694 1714 207 50 mutationem:
860 1714 110 50 quia
928 1714 96 50 non
984 1714 179 50 diuiditur
1121 1714 83 50 in
1149 1714 55 50 ma

688 1759 112 45 gis,
758 1759 70 45 &
786 1759 140 45 minus:
884 1759 112 45 quia
954 1759 98 45 non
996 1759 210 45 intelligitur,

693 1796 107 46 homo
760 1796 107 46 esse
826 1796 120 46 magis
907 1796 94 46 qui
960 1796 120 46 homo,
1040 1796 120 46 neque
1107 1796 94 46 equus
