<?xml version="1.0" encoding="UTF-8"?>
<alto xmlns:xsi="http://www.w3.org/2001/XMLSchema-instance"
      xmlns="http://www.loc.gov/standards/alto/ns-v2#"
      xmlns:page="http://schema.primaresearch.org/PAGE/gts/pagecontent/2013-07-15"
      xsi:schemaLocation="http://www.loc.gov/standards/alto/ns-v2# http://www.loc.gov/standards/alto/alto.xsd">
   <Description>
      <MeasurementUnit>pixel</MeasurementUnit>
      <OCRProcessing ID="IdOcr">
         <ocrProcessingStep>
            <processingDateTime>2021-02-13T08:28:50.009-05:00</processingDateTime>
            <processingSoftware>
               <softwareCreator>READ COOP</softwareCreator>
               <softwareName>Transkribus</softwareName>
            </processingSoftware>
         </ocrProcessingStep>
      </OCRProcessing>
   </Description>
   <Tags/>
   <Layout>
      <Page ID="Page1" PHYSICAL_IMG_NR="1" HEIGHT="2066" WIDTH="1416">
         <TopMargin HEIGHT="0" WIDTH="1416" VPOS="0" HPOS="0"/>
         <LeftMargin HEIGHT="2066" WIDTH="0" VPOS="0" HPOS="0"/>
         <RightMargin HEIGHT="2066" WIDTH="0" VPOS="0" HPOS="1416"/>
         <BottomMargin HEIGHT="0" WIDTH="1416" VPOS="2066" HPOS="0"/>
         <PrintSpace HEIGHT="2066" WIDTH="1416" VPOS="0" HPOS="0">
            <TextBlock ID="TextRegion_1613170647739_184"
                       HEIGHT="1798"
                       WIDTH="518"
                       VPOS="136"
                       HPOS="225">
               <Shape>
                  <Polygon POINTS="225,136 743,136 743,1934 225,1934"/>
               </Shape>
               <TextLine ID="line_1613170636863_165"
                         BASELINE="229"
                         HEIGHT="48"
                         WIDTH="509"
                         VPOS="181"
                         HPOS="220">
                  <String HEIGHT="48" WIDTH="102" VPOS="181" HPOS="205" CONTENT="hoc"/>
                  <SP HEIGHT="48" WIDTH="15" VPOS="181" HPOS="307"/>
                  <String HEIGHT="48"
                          WIDTH="131"
                          VPOS="181"
                          HPOS="264"
                          CONTENT="autem"/>
                  <SP HEIGHT="48" WIDTH="15" VPOS="181" HPOS="395"/>
                  <String HEIGHT="48"
                          WIDTH="175"
                          VPOS="181"
                          HPOS="351"
                          CONTENT="contigit"/>
                  <SP HEIGHT="48" WIDTH="15" VPOS="181" HPOS="525"/>
                  <String HEIGHT="48" WIDTH="87" VPOS="181" HPOS="482" CONTENT="7."/>
                  <SP HEIGHT="48" WIDTH="15" VPOS="181" HPOS="569"/>
                  <String HEIGHT="48"
                          WIDTH="116"
                          VPOS="181"
                          HPOS="525"
                          CONTENT="ipsi"/>
                  <SP HEIGHT="48" WIDTH="15" VPOS="181" HPOS="642"/>
                  <String HEIGHT="48" WIDTH="102" VPOS="181" HPOS="598" CONTENT="rei"/>
                  <SP HEIGHT="48" WIDTH="15" VPOS="181" HPOS="700"/>
                  <String HEIGHT="48"
                          WIDTH="87"
                          VPOS="181"
                          HPOS="642"
                          CONTENT="per"
                          SUBS_TYPE="HypPart1"
                          SUBS_CONTENT="permanenti,"/>
                  <HYP CONTENT="-"/>
               </TextLine>
               <TextLine ID="line_1613170636864_167"
                         BASELINE="271"
                         HEIGHT="51"
                         WIDTH="511"
                         VPOS="220"
                         HPOS="220">
                  <String HEIGHT="51"
                          WIDTH="180"
                          VPOS="220"
                          HPOS="205"
                          CONTENT="manenti,"
                          SUBS_TYPE="HypPart2"
                          SUBS_CONTENT="permanenti,"/>
                  <SP HEIGHT="51" WIDTH="15" VPOS="220" HPOS="385"/>
                  <String HEIGHT="51"
                          WIDTH="120"
                          VPOS="220"
                          HPOS="340"
                          CONTENT="quae"/>
                  <SP HEIGHT="51" WIDTH="15" VPOS="220" HPOS="460"/>
                  <String HEIGHT="51" WIDTH="105" VPOS="220" HPOS="415" CONTENT="est"/>
                  <SP HEIGHT="51" WIDTH="15" VPOS="220" HPOS="521"/>
                  <String HEIGHT="51"
                          WIDTH="165"
                          VPOS="220"
                          HPOS="475"
                          CONTENT="lignum,"/>
                  <SP HEIGHT="51" WIDTH="15" VPOS="220" HPOS="641"/>
                  <String HEIGHT="51"
                          WIDTH="120"
                          VPOS="220"
                          HPOS="596"
                          CONTENT="quod"/>
                  <SP HEIGHT="51" WIDTH="15" VPOS="220" HPOS="716"/>
                  <String HEIGHT="51" WIDTH="75" VPOS="220" HPOS="656" CONTENT="qui"/>
               </TextLine>
               <TextLine ID="r3l8"
                         BASELINE="299"
                         HEIGHT="35"
                         WIDTH="487"
                         VPOS="264"
                         HPOS="236">
                  <String HEIGHT="35" WIDTH="100" VPOS="264" HPOS="222" CONTENT="dem"/>
                  <SP HEIGHT="35" WIDTH="14" VPOS="264" HPOS="322"/>
                  <String HEIGHT="35" WIDTH="100" VPOS="264" HPOS="279" CONTENT="est"/>
                  <SP HEIGHT="35" WIDTH="14" VPOS="264" HPOS="379"/>
                  <String HEIGHT="35" WIDTH="100" VPOS="264" HPOS="336" CONTENT="rei"/>
                  <SP HEIGHT="35" WIDTH="14" VPOS="264" HPOS="437"/>
                  <String HEIGHT="35"
                          WIDTH="215"
                          VPOS="264"
                          HPOS="394"
                          CONTENT="substantia."/>
                  <SP HEIGHT="35" WIDTH="14" VPOS="264" HPOS="608"/>
                  <String HEIGHT="35"
                          WIDTH="115"
                          VPOS="264"
                          HPOS="565"
                          CONTENT="Haec"/>
                  <SP HEIGHT="35" WIDTH="14" VPOS="264" HPOS="680"/>
                  <String HEIGHT="35"
                          WIDTH="100"
                          VPOS="264"
                          HPOS="623"
                          CONTENT="tamen"/>
               </TextLine>
               <TextLine ID="r3l10"
                         BASELINE="339"
                         HEIGHT="38"
                         WIDTH="497"
                         VPOS="301"
                         HPOS="230">
                  <String HEIGHT="38"
                          WIDTH="121"
                          VPOS="301"
                          HPOS="217"
                          CONTENT="latio"/>
                  <SP HEIGHT="38" WIDTH="13" VPOS="301" HPOS="337"/>
                  <String HEIGHT="38" WIDTH="94" VPOS="301" HPOS="297" CONTENT="non"/>
                  <SP HEIGHT="38" WIDTH="13" VPOS="301" HPOS="391"/>
                  <String HEIGHT="38" WIDTH="94" VPOS="301" HPOS="351" CONTENT="est"/>
                  <SP HEIGHT="38" WIDTH="13" VPOS="301" HPOS="445"/>
                  <String HEIGHT="38"
                          WIDTH="121"
                          VPOS="301"
                          HPOS="405"
                          CONTENT="vera."/>
                  <SP HEIGHT="38" WIDTH="13" VPOS="301" HPOS="526"/>
                  <String HEIGHT="38"
                          WIDTH="161"
                          VPOS="301"
                          HPOS="485"
                          CONTENT="quoniam,"/>
                  <SP HEIGHT="38" WIDTH="13" VPOS="301" HPOS="646"/>
                  <String HEIGHT="38" WIDTH="81" VPOS="301" HPOS="606" CONTENT="si"/>
                  <SP HEIGHT="38" WIDTH="13" VPOS="301" HPOS="687"/>
                  <String HEIGHT="38"
                          WIDTH="94"
                          VPOS="301"
                          HPOS="633"
                          CONTENT="velit"/>
               </TextLine>
               <TextLine ID="r3l12"
                         BASELINE="390"
                         HEIGHT="54"
                         WIDTH="498"
                         VPOS="336"
                         HPOS="237">
                  <String HEIGHT="54"
                          WIDTH="209"
                          VPOS="336"
                          HPOS="221"
                          CONTENT="subiectum"/>
                  <SP HEIGHT="54" WIDTH="16" VPOS="336" HPOS="430"/>
                  <String HEIGHT="54"
                          WIDTH="145"
                          VPOS="336"
                          HPOS="382"
                          CONTENT="rerum"/>
                  <SP HEIGHT="54" WIDTH="16" VPOS="336" HPOS="526"/>
                  <String HEIGHT="54"
                          WIDTH="257"
                          VPOS="336"
                          HPOS="478"
                          CONTENT="generabilium"/>
                  <SP HEIGHT="54" WIDTH="16" VPOS="336" HPOS="735"/>
                  <String HEIGHT="54" WIDTH="64" VPOS="336" HPOS="671" CONTENT="es"/>
               </TextLine>
               <TextLine ID="r3l14"
                         BASELINE="429"
                         HEIGHT="54"
                         WIDTH="489"
                         VPOS="375"
                         HPOS="233">
                  <String HEIGHT="54" WIDTH="92" VPOS="375" HPOS="218" CONTENT="se"/>
                  <SP HEIGHT="54" WIDTH="15" VPOS="375" HPOS="309"/>
                  <String HEIGHT="54"
                          WIDTH="168"
                          VPOS="375"
                          HPOS="264"
                          CONTENT="aliquod"/>
                  <SP HEIGHT="54" WIDTH="15" VPOS="375" HPOS="432"/>
                  <String HEIGHT="54"
                          WIDTH="122"
                          VPOS="375"
                          HPOS="386"
                          CONTENT="vnum"/>
                  <SP HEIGHT="54" WIDTH="15" VPOS="375" HPOS="508"/>
                  <String HEIGHT="54" WIDTH="92" VPOS="375" HPOS="462" CONTENT="in"/>
                  <SP HEIGHT="54" WIDTH="15" VPOS="375" HPOS="554"/>
                  <String HEIGHT="54"
                          WIDTH="122"
                          VPOS="375"
                          HPOS="508"
                          CONTENT="actu"/>
                  <SP HEIGHT="54" WIDTH="15" VPOS="375" HPOS="630"/>
                  <String HEIGHT="54"
                          WIDTH="153"
                          VPOS="375"
                          HPOS="569"
                          CONTENT="designa"
                          SUBS_TYPE="HypPart1"
                          SUBS_CONTENT="designatum,"/>
                  <HYP CONTENT="-"/>
               </TextLine>
               <TextLine ID="r3l16"
                         BASELINE="457"
                         HEIGHT="45"
                         WIDTH="487"
                         VPOS="412"
                         HPOS="237">
                  <String HEIGHT="45"
                          WIDTH="103"
                          VPOS="412"
                          HPOS="224"
                          CONTENT="tum,"
                          SUBS_TYPE="HypPart2"
                          SUBS_CONTENT="designatum,"/>
                  <SP HEIGHT="45" WIDTH="13" VPOS="412" HPOS="327"/>
                  <String HEIGHT="45" WIDTH="90" VPOS="412" HPOS="288" CONTENT="seu"/>
                  <SP HEIGHT="45" WIDTH="13" VPOS="412" HPOS="378"/>
                  <String HEIGHT="45"
                          WIDTH="179"
                          VPOS="412"
                          HPOS="340"
                          CONTENT="singulare,"/>
                  <SP HEIGHT="45" WIDTH="13" VPOS="412" HPOS="519"/>
                  <String HEIGHT="45"
                          WIDTH="103"
                          VPOS="412"
                          HPOS="480"
                          CONTENT="tunc"/>
                  <SP HEIGHT="45" WIDTH="13" VPOS="412" HPOS="583"/>
                  <String HEIGHT="45"
                          WIDTH="115"
                          VPOS="412"
                          HPOS="545"
                          CONTENT="illud"/>
                  <SP HEIGHT="45" WIDTH="13" VPOS="412" HPOS="660"/>
                  <String HEIGHT="45"
                          WIDTH="103"
                          VPOS="412"
                          HPOS="621"
                          CONTENT="erit"/>
                  <SP HEIGHT="45" WIDTH="13" VPOS="412" HPOS="724"/>
                  <String HEIGHT="45" WIDTH="51" VPOS="412" HPOS="673" CONTENT="in"/>
               </TextLine>
               <TextLine ID="r3l18"
                         BASELINE="491"
                         HEIGHT="30"
                         WIDTH="482"
                         VPOS="461"
                         HPOS="239">
                  <String HEIGHT="30"
                          WIDTH="234"
                          VPOS="461"
                          HPOS="224"
                          CONTENT="accidentibus"/>
                  <SP HEIGHT="30" WIDTH="15" VPOS="461" HPOS="458"/>
                  <String HEIGHT="30" WIDTH="102" VPOS="461" HPOS="414" CONTENT="non"/>
                  <SP HEIGHT="30" WIDTH="15" VPOS="461" HPOS="517"/>
                  <String HEIGHT="30" WIDTH="88" VPOS="461" HPOS="473" CONTENT="in"/>
                  <SP HEIGHT="30" WIDTH="15" VPOS="461" HPOS="560"/>
                  <String HEIGHT="30"
                          WIDTH="131"
                          VPOS="461"
                          HPOS="517"
                          CONTENT="forma"/>
                  <SP HEIGHT="30" WIDTH="15" VPOS="461" HPOS="648"/>
                  <String HEIGHT="30"
                          WIDTH="131"
                          VPOS="461"
                          HPOS="590"
                          CONTENT="natura"
                          SUBS_TYPE="HypPart1"
                          SUBS_CONTENT="naturali."/>
                  <HYP CONTENT="-"/>
               </TextLine>
               <TextLine ID="r3l20"
                         BASELINE="539"
                         HEIGHT="47"
                         WIDTH="490"
                         VPOS="492"
                         HPOS="237">
                  <String HEIGHT="47"
                          WIDTH="101"
                          VPOS="492"
                          HPOS="223"
                          CONTENT="li."
                          SUBS_TYPE="HypPart2"
                          SUBS_CONTENT="naturali."/>
                  <SP HEIGHT="47" WIDTH="14" VPOS="492" HPOS="323"/>
                  <String HEIGHT="47" WIDTH="72" VPOS="492" HPOS="280" CONTENT="&amp;"/>
                  <SP HEIGHT="47" WIDTH="14" VPOS="492" HPOS="352"/>
                  <String HEIGHT="47" WIDTH="101" VPOS="492" HPOS="309" CONTENT="hoc"/>
                  <SP HEIGHT="47" WIDTH="14" VPOS="492" HPOS="410"/>
                  <String HEIGHT="47" WIDTH="101" VPOS="492" HPOS="367" CONTENT="est"/>
                  <SP HEIGHT="47" WIDTH="14" VPOS="492" HPOS="468"/>
                  <String HEIGHT="47"
                          WIDTH="202"
                          VPOS="492"
                          HPOS="424"
                          CONTENT="manifestum"/>
                  <SP HEIGHT="47" WIDTH="14" VPOS="492" HPOS="626"/>
                  <String HEIGHT="47" WIDTH="101" VPOS="492" HPOS="583" CONTENT="per"/>
                  <SP HEIGHT="47" WIDTH="14" VPOS="492" HPOS="684"/>
                  <String HEIGHT="47"
                          WIDTH="101"
                          VPOS="492"
                          HPOS="626"
                          CONTENT="exem"
                          SUBS_TYPE="HypPart1"
                          SUBS_CONTENT="exemplum"/>
                  <HYP CONTENT="-"/>
               </TextLine>
               <TextLine ID="r3l22"
                         BASELINE="580"
                         HEIGHT="52"
                         WIDTH="496"
                         VPOS="528"
                         HPOS="233">
                  <String HEIGHT="52"
                          WIDTH="117"
                          VPOS="528"
                          HPOS="218"
                          CONTENT="plum"
                          SUBS_TYPE="HypPart2"
                          SUBS_CONTENT="exemplum"/>
                  <SP HEIGHT="52" WIDTH="15" VPOS="528" HPOS="335"/>
                  <String HEIGHT="52"
                          WIDTH="146"
                          VPOS="528"
                          HPOS="291"
                          CONTENT="illud,"/>
                  <SP HEIGHT="52" WIDTH="15" VPOS="528" HPOS="437"/>
                  <String HEIGHT="52"
                          WIDTH="117"
                          VPOS="528"
                          HPOS="393"
                          CONTENT="quod"/>
                  <SP HEIGHT="52" WIDTH="15" VPOS="528" HPOS="510"/>
                  <String HEIGHT="52"
                          WIDTH="175"
                          VPOS="528"
                          HPOS="466"
                          CONTENT="induxit."/>
                  <SP HEIGHT="52" WIDTH="15" VPOS="528" HPOS="641"/>
                  <String HEIGHT="52" WIDTH="102" VPOS="528" HPOS="598" CONTENT="nam"/>
                  <SP HEIGHT="52" WIDTH="15" VPOS="528" HPOS="700"/>
                  <String HEIGHT="52"
                          WIDTH="88"
                          VPOS="528"
                          HPOS="641"
                          CONTENT="for"
                          SUBS_TYPE="HypPart1"
                          SUBS_CONTENT="forma"/>
                  <HYP CONTENT="-"/>
               </TextLine>
               <TextLine ID="r3l24"
                         BASELINE="610"
                         HEIGHT="42"
                         WIDTH="491"
                         VPOS="568"
                         HPOS="236">
                  <String HEIGHT="42"
                          WIDTH="78"
                          VPOS="568"
                          HPOS="223"
                          CONTENT="ma"
                          SUBS_TYPE="HypPart2"
                          SUBS_CONTENT="forma"/>
                  <SP HEIGHT="42" WIDTH="13" VPOS="568" HPOS="301"/>
                  <String HEIGHT="42"
                          WIDTH="129"
                          VPOS="568"
                          HPOS="262"
                          CONTENT="arcae,"/>
                  <SP HEIGHT="42" WIDTH="13" VPOS="568" HPOS="391"/>
                  <String HEIGHT="42" WIDTH="90" VPOS="568" HPOS="352" CONTENT="seu"/>
                  <SP HEIGHT="42" WIDTH="13" VPOS="568" HPOS="443"/>
                  <String HEIGHT="42"
                          WIDTH="129"
                          VPOS="568"
                          HPOS="404"
                          CONTENT="lecti,"/>
                  <SP HEIGHT="42" WIDTH="13" VPOS="568" HPOS="533"/>
                  <String HEIGHT="42" WIDTH="65" VPOS="568" HPOS="494" CONTENT="&amp;"/>
                  <SP HEIGHT="42" WIDTH="13" VPOS="568" HPOS="559"/>
                  <String HEIGHT="42"
                          WIDTH="155"
                          VPOS="568"
                          HPOS="520"
                          CONTENT="reliquae"/>
                  <SP HEIGHT="42" WIDTH="13" VPOS="568" HPOS="675"/>
                  <String HEIGHT="42"
                          WIDTH="103"
                          VPOS="568"
                          HPOS="624"
                          CONTENT="formae"/>
               </TextLine>
               <TextLine ID="r3l26"
                         BASELINE="650"
                         HEIGHT="43"
                         WIDTH="502"
                         VPOS="607"
                         HPOS="229">
                  <String HEIGHT="43"
                          WIDTH="211"
                          VPOS="607"
                          HPOS="216"
                          CONTENT="artificiales"/>
                  <SP HEIGHT="43" WIDTH="13" VPOS="607" HPOS="427"/>
                  <String HEIGHT="43"
                          WIDTH="106"
                          VPOS="607"
                          HPOS="388"
                          CONTENT="sunt"/>
                  <SP HEIGHT="43" WIDTH="13" VPOS="607" HPOS="493"/>
                  <String HEIGHT="43"
                          WIDTH="159"
                          VPOS="607"
                          HPOS="454"
                          CONTENT="profecto"/>
                  <SP HEIGHT="43" WIDTH="13" VPOS="607" HPOS="612"/>
                  <String HEIGHT="43"
                          WIDTH="172"
                          VPOS="607"
                          HPOS="559"
                          CONTENT="accidentia."/>
               </TextLine>
               <TextLine ID="r3l28"
                         BASELINE="698"
                         HEIGHT="53"
                         WIDTH="485"
                         VPOS="645"
                         HPOS="238">
                  <String HEIGHT="53" WIDTH="81" VPOS="645" HPOS="225" CONTENT="si"/>
                  <SP HEIGHT="53" WIDTH="13" VPOS="645" HPOS="305"/>
                  <String HEIGHT="53"
                          WIDTH="108"
                          VPOS="645"
                          HPOS="265"
                          CONTENT="vero"/>
                  <SP HEIGHT="53" WIDTH="13" VPOS="645" HPOS="373"/>
                  <String HEIGHT="53"
                          WIDTH="189"
                          VPOS="645"
                          HPOS="332"
                          CONTENT="intelligat"/>
                  <SP HEIGHT="53" WIDTH="13" VPOS="645" HPOS="521"/>
                  <String HEIGHT="53"
                          WIDTH="175"
                          VPOS="645"
                          HPOS="481"
                          CONTENT="subiectum"/>
                  <SP HEIGHT="53" WIDTH="13" VPOS="645" HPOS="656"/>
                  <String HEIGHT="53"
                          WIDTH="108"
                          VPOS="645"
                          HPOS="615"
                          CONTENT="esse"/>
                  <SP HEIGHT="53" WIDTH="13" VPOS="645" HPOS="723"/>
                  <String HEIGHT="53"
                          WIDTH="54"
                          VPOS="645"
                          HPOS="669"
                          CONTENT="v"
                          SUBS_TYPE="HypPart1"
                          SUBS_CONTENT="vnum"/>
                  <HYP CONTENT="-"/>
               </TextLine>
               <TextLine ID="r3l30"
                         BASELINE="738"
                         HEIGHT="54"
                         WIDTH="494"
                         VPOS="684"
                         HPOS="230">
                  <String HEIGHT="54"
                          WIDTH="105"
                          VPOS="684"
                          HPOS="215"
                          CONTENT="num"
                          SUBS_TYPE="HypPart2"
                          SUBS_CONTENT="vnum"/>
                  <SP HEIGHT="54" WIDTH="15" VPOS="684" HPOS="320"/>
                  <String HEIGHT="54"
                          WIDTH="150"
                          VPOS="684"
                          HPOS="275"
                          CONTENT="specie"/>
                  <SP HEIGHT="54" WIDTH="15" VPOS="684" HPOS="425"/>
                  <String HEIGHT="54" WIDTH="90" VPOS="684" HPOS="380" CONTENT="in"/>
                  <SP HEIGHT="54" WIDTH="15" VPOS="684" HPOS="470"/>
                  <String HEIGHT="54"
                          WIDTH="135"
                          VPOS="684"
                          HPOS="425"
                          CONTENT="rebus"/>
                  <SP HEIGHT="54" WIDTH="15" VPOS="684" HPOS="559"/>
                  <String HEIGHT="54"
                          WIDTH="225"
                          VPOS="684"
                          HPOS="499"
                          CONTENT="generabilibus"/>
               </TextLine>
               <TextLine ID="r3l32"
                         BASELINE="775"
                         HEIGHT="50"
                         WIDTH="485"
                         VPOS="725"
                         HPOS="236">
                  <String HEIGHT="50"
                          WIDTH="136"
                          VPOS="725"
                          HPOS="221"
                          CONTENT="inter"/>
                  <SP HEIGHT="50" WIDTH="15" VPOS="725" HPOS="357"/>
                  <String HEIGHT="50"
                          WIDTH="212"
                          VPOS="725"
                          HPOS="312"
                          CONTENT="seinuicem,"/>
                  <SP HEIGHT="50" WIDTH="15" VPOS="725" HPOS="524"/>
                  <String HEIGHT="50" WIDTH="106" VPOS="725" HPOS="479" CONTENT="nos"/>
                  <SP HEIGHT="50" WIDTH="15" VPOS="725" HPOS="585"/>
                  <String HEIGHT="50"
                          WIDTH="152"
                          VPOS="725"
                          HPOS="539"
                          CONTENT="quoque"/>
                  <SP HEIGHT="50" WIDTH="15" VPOS="725" HPOS="691"/>
                  <String HEIGHT="50" WIDTH="91" VPOS="725" HPOS="630" CONTENT="idem"/>
               </TextLine>
               <TextLine ID="r3l34"
                         BASELINE="803"
                         HEIGHT="39"
                         WIDTH="485"
                         VPOS="764"
                         HPOS="240">
                  <String HEIGHT="39" WIDTH="100" VPOS="764" HPOS="223" CONTENT="de"/>
                  <SP HEIGHT="39" WIDTH="17" VPOS="764" HPOS="324"/>
                  <String HEIGHT="39"
                          WIDTH="151"
                          VPOS="764"
                          HPOS="273"
                          CONTENT="forma"/>
                  <SP HEIGHT="39" WIDTH="17" VPOS="764" HPOS="424"/>
                  <String HEIGHT="39"
                          WIDTH="201"
                          VPOS="764"
                          HPOS="374"
                          CONTENT="videmus."/>
                  <SP HEIGHT="39" WIDTH="17" VPOS="764" HPOS="574"/>
                  <String HEIGHT="39"
                          WIDTH="134"
                          VPOS="764"
                          HPOS="524"
                          CONTENT="homo"/>
                  <SP HEIGHT="39" WIDTH="17" VPOS="764" HPOS="658"/>
                  <String HEIGHT="39"
                          WIDTH="134"
                          VPOS="764"
                          HPOS="591"
                          CONTENT="nanque"/>
               </TextLine>
               <TextLine ID="r3l36"
                         BASELINE="843"
                         HEIGHT="42"
                         WIDTH="474"
                         VPOS="801"
                         HPOS="238">
                  <String HEIGHT="42" WIDTH="79" VPOS="801" HPOS="225" CONTENT="ex"/>
                  <SP HEIGHT="42" WIDTH="13" VPOS="801" HPOS="304"/>
                  <String HEIGHT="42"
                          WIDTH="132"
                          VPOS="801"
                          HPOS="264"
                          CONTENT="homine"/>
                  <SP HEIGHT="42" WIDTH="13" VPOS="801" HPOS="396"/>
                  <String HEIGHT="42"
                          WIDTH="105"
                          VPOS="801"
                          HPOS="357"
                          CONTENT="sibi"/>
                  <SP HEIGHT="42" WIDTH="13" VPOS="801" HPOS="462"/>
                  <String HEIGHT="42"
                          WIDTH="132"
                          VPOS="801"
                          HPOS="422"
                          CONTENT="simili"/>
                  <SP HEIGHT="42" WIDTH="13" VPOS="801" HPOS="554"/>
                  <String HEIGHT="42" WIDTH="79" VPOS="801" HPOS="515" CONTENT="in"/>
                  <SP HEIGHT="42" WIDTH="13" VPOS="801" HPOS="594"/>
                  <String HEIGHT="42"
                          WIDTH="132"
                          VPOS="801"
                          HPOS="554"
                          CONTENT="specie"/>
                  <SP HEIGHT="42" WIDTH="13" VPOS="801" HPOS="686"/>
                  <String HEIGHT="42" WIDTH="79" VPOS="801" HPOS="633" CONTENT="sit."/>
               </TextLine>
               <TextLine ID="r3l39"
                         BASELINE="882"
                         HEIGHT="36"
                         WIDTH="455"
                         VPOS="846"
                         HPOS="273">
                  <String HEIGHT="36"
                          WIDTH="213"
                          VPOS="846"
                          HPOS="259"
                          CONTENT="Aristoteles"/>
                  <SP HEIGHT="36" WIDTH="14" VPOS="846" HPOS="472"/>
                  <String HEIGHT="36"
                          WIDTH="114"
                          VPOS="846"
                          HPOS="429"
                          CONTENT="vero"/>
                  <SP HEIGHT="36" WIDTH="14" VPOS="846" HPOS="543"/>
                  <String HEIGHT="36"
                          WIDTH="128"
                          VPOS="846"
                          HPOS="501"
                          CONTENT="dicit"/>
                  <SP HEIGHT="36" WIDTH="14" VPOS="846" HPOS="628"/>
                  <String HEIGHT="36"
                          WIDTH="142"
                          VPOS="846"
                          HPOS="586"
                          CONTENT="formam"/>
                  <SP HEIGHT="36" WIDTH="14" VPOS="846" HPOS="728"/>
                  <String HEIGHT="36" WIDTH="57" VPOS="846" HPOS="671" CONTENT="ve"/>
               </TextLine>
               <TextLine ID="r3l41"
                         BASELINE="923"
                         HEIGHT="46"
                         WIDTH="497"
                         VPOS="877"
                         HPOS="238">
                  <String HEIGHT="46"
                          WIDTH="124"
                          VPOS="877"
                          HPOS="224"
                          CONTENT="rius,"/>
                  <SP HEIGHT="46" WIDTH="14" VPOS="877" HPOS="348"/>
                  <String HEIGHT="46" WIDTH="69" VPOS="877" HPOS="307" CONTENT="&amp;"/>
                  <SP HEIGHT="46" WIDTH="14" VPOS="877" HPOS="376"/>
                  <String HEIGHT="46"
                          WIDTH="207"
                          VPOS="877"
                          HPOS="335"
                          CONTENT="simpliciter"/>
                  <SP HEIGHT="46" WIDTH="14" VPOS="877" HPOS="542"/>
                  <String HEIGHT="46"
                          WIDTH="124"
                          VPOS="877"
                          HPOS="500"
                          CONTENT="nomen"/>
                  <SP HEIGHT="46" WIDTH="14" VPOS="877" HPOS="625"/>
                  <String HEIGHT="46"
                          WIDTH="152"
                          VPOS="877"
                          HPOS="583"
                          CONTENT="naturae"/>
                  <SP HEIGHT="46" WIDTH="14" VPOS="877" HPOS="735"/>
                  <String HEIGHT="46" WIDTH="55" VPOS="877" HPOS="680" CONTENT="si"/>
               </TextLine>
               <TextLine ID="r3l43"
                         BASELINE="962"
                         HEIGHT="44"
                         WIDTH="497"
                         VPOS="918"
                         HPOS="234">
                  <String HEIGHT="44" WIDTH="90" VPOS="918" HPOS="219" CONTENT="bi"/>
                  <SP HEIGHT="44" WIDTH="15" VPOS="918" HPOS="309"/>
                  <String HEIGHT="44"
                          WIDTH="196"
                          VPOS="918"
                          HPOS="264"
                          CONTENT="vsurpare,"/>
                  <SP HEIGHT="44" WIDTH="15" VPOS="918" HPOS="460"/>
                  <String HEIGHT="44"
                          WIDTH="120"
                          VPOS="918"
                          HPOS="415"
                          CONTENT="quam"/>
                  <SP HEIGHT="44" WIDTH="15" VPOS="918" HPOS="535"/>
                  <String HEIGHT="44"
                          WIDTH="196"
                          VPOS="918"
                          HPOS="490"
                          CONTENT="materiam."/>
                  <SP HEIGHT="44" WIDTH="15" VPOS="918" HPOS="686"/>
                  <String HEIGHT="44" WIDTH="75" VPOS="918" HPOS="641" CONTENT="&amp;"/>
                  <SP HEIGHT="44" WIDTH="15" VPOS="918" HPOS="716"/>
                  <String HEIGHT="44" WIDTH="75" VPOS="918" HPOS="656" CONTENT="hoc"/>
               </TextLine>
               <TextLine ID="r3l45"
                         BASELINE="1008"
                         HEIGHT="51"
                         WIDTH="370"
                         VPOS="957"
                         HPOS="230">
                  <String HEIGHT="51"
                          WIDTH="148"
                          VPOS="957"
                          HPOS="215"
                          CONTENT="tribus"/>
                  <SP HEIGHT="51" WIDTH="15" VPOS="957" HPOS="363"/>
                  <String HEIGHT="51"
                          WIDTH="148"
                          VPOS="957"
                          HPOS="319"
                          CONTENT="probat"/>
                  <SP HEIGHT="51" WIDTH="15" VPOS="957" HPOS="467"/>
                  <String HEIGHT="51"
                          WIDTH="192"
                          VPOS="957"
                          HPOS="408"
                          CONTENT="rationibus."/>
               </TextLine>
               <TextLine ID="r3l47"
                         BASELINE="1036"
                         HEIGHT="40"
                         WIDTH="451"
                         VPOS="996"
                         HPOS="277">
                  <String HEIGHT="40"
                          WIDTH="131"
                          VPOS="996"
                          HPOS="262"
                          CONTENT="Prima"/>
                  <SP HEIGHT="40" WIDTH="15" VPOS="996" HPOS="393"/>
                  <String HEIGHT="40" WIDTH="102" VPOS="996" HPOS="350" CONTENT="est"/>
                  <SP HEIGHT="40" WIDTH="15" VPOS="996" HPOS="452"/>
                  <String HEIGHT="40"
                          WIDTH="145"
                          VPOS="996"
                          HPOS="408"
                          CONTENT="sumpta"/>
                  <SP HEIGHT="40" WIDTH="15" VPOS="996" HPOS="553"/>
                  <String HEIGHT="40" WIDTH="73" VPOS="996" HPOS="510" CONTENT="a"/>
                  <SP HEIGHT="40" WIDTH="15" VPOS="996" HPOS="583"/>
                  <String HEIGHT="40"
                          WIDTH="204"
                          VPOS="996"
                          HPOS="524"
                          CONTENT="similitudine"/>
               </TextLine>
               <TextLine ID="r3l50"
                         BASELINE="1074"
                         HEIGHT="37"
                         WIDTH="499"
                         VPOS="1037"
                         HPOS="232">
                  <String HEIGHT="37"
                          WIDTH="187"
                          VPOS="1037"
                          HPOS="216"
                          CONTENT="causarum"/>
                  <SP HEIGHT="37" WIDTH="16" VPOS="1037" HPOS="404"/>
                  <String HEIGHT="37"
                          WIDTH="140"
                          VPOS="1037"
                          HPOS="357"
                          CONTENT="rerum"/>
                  <SP HEIGHT="37" WIDTH="16" VPOS="1037" HPOS="497"/>
                  <String HEIGHT="37"
                          WIDTH="218"
                          VPOS="1037"
                          HPOS="450"
                          CONTENT="naturalium"/>
                  <SP HEIGHT="37" WIDTH="16" VPOS="1037" HPOS="669"/>
                  <String HEIGHT="37" WIDTH="94" VPOS="1037" HPOS="622" CONTENT="ad"/>
                  <SP HEIGHT="37" WIDTH="16" VPOS="1037" HPOS="715"/>
                  <String HEIGHT="37" WIDTH="78" VPOS="1037" HPOS="653" CONTENT="res"/>
               </TextLine>
               <TextLine ID="r3l52"
                         BASELINE="1127"
                         HEIGHT="53"
                         WIDTH="490"
                         VPOS="1074"
                         HPOS="234">
                  <String HEIGHT="53"
                          WIDTH="287"
                          VPOS="1074"
                          HPOS="217"
                          CONTENT="artificiales."/>
                  <SP HEIGHT="53" WIDTH="17" VPOS="1074" HPOS="504"/>
                  <String HEIGHT="53"
                          WIDTH="118"
                          VPOS="1074"
                          HPOS="454"
                          CONTENT="nam"/>
                  <SP HEIGHT="53" WIDTH="17" VPOS="1074" HPOS="572"/>
                  <String HEIGHT="53"
                          WIDTH="220"
                          VPOS="1074"
                          HPOS="504"
                          CONTENT="quemadmodum"/>
               </TextLine>
               <TextLine ID="r3l55"
                         BASELINE="1154"
                         HEIGHT="42"
                         WIDTH="485"
                         VPOS="1112"
                         HPOS="239">
                  <String HEIGHT="42"
                          WIDTH="166"
                          VPOS="1112"
                          HPOS="225"
                          CONTENT="aliquid,"/>
                  <SP HEIGHT="42" WIDTH="14" VPOS="1112" HPOS="391"/>
                  <String HEIGHT="42" WIDTH="97" VPOS="1112" HPOS="350" CONTENT="cum"/>
                  <SP HEIGHT="42" WIDTH="14" VPOS="1112" HPOS="447"/>
                  <String HEIGHT="42" WIDTH="97" VPOS="1112" HPOS="405" CONTENT="est"/>
                  <SP HEIGHT="42" WIDTH="14" VPOS="1112" HPOS="502"/>
                  <String HEIGHT="42" WIDTH="55" VPOS="1112" HPOS="461" CONTENT=""/>
                  <SP HEIGHT="42" WIDTH="14" VPOS="1112" HPOS="516"/>
                  <String HEIGHT="42" WIDTH="83" VPOS="1112" HPOS="475" CONTENT="in"/>
                  <SP HEIGHT="42" WIDTH="14" VPOS="1112" HPOS="558"/>
                  <String HEIGHT="42"
                          WIDTH="125"
                          VPOS="1112"
                          HPOS="516"
                          CONTENT="fieri"/>
                  <SP HEIGHT="42" WIDTH="14" VPOS="1112" HPOS="641"/>
                  <String HEIGHT="42" WIDTH="83" VPOS="1112" HPOS="599" CONTENT="in"/>
                  <SP HEIGHT="42" WIDTH="14" VPOS="1112" HPOS="682"/>
                  <String HEIGHT="42"
                          WIDTH="97"
                          VPOS="1112"
                          HPOS="627"
                          CONTENT="poten"/>
               </TextLine>
               <TextLine ID="r3l58"
                         BASELINE="1205"
                         HEIGHT="55"
                         WIDTH="491"
                         VPOS="1150"
                         HPOS="236">
                  <String HEIGHT="55"
                          WIDTH="119"
                          VPOS="1150"
                          HPOS="221"
                          CONTENT="tia,"/>
                  <SP HEIGHT="55" WIDTH="15" VPOS="1150" HPOS="340"/>
                  <String HEIGHT="55"
                          WIDTH="104"
                          VPOS="1150"
                          HPOS="296"
                          CONTENT="non"/>
                  <SP HEIGHT="55" WIDTH="15" VPOS="1150" HPOS="400"/>
                  <String HEIGHT="55"
                          WIDTH="208"
                          VPOS="1150"
                          HPOS="355"
                          CONTENT="appellatur"/>
                  <SP HEIGHT="55" WIDTH="15" VPOS="1150" HPOS="563"/>
                  <String HEIGHT="55"
                          WIDTH="164"
                          VPOS="1150"
                          HPOS="519"
                          CONTENT="factum,"/>
                  <SP HEIGHT="55" WIDTH="15" VPOS="1150" HPOS="682"/>
                  <String HEIGHT="55"
                          WIDTH="104"
                          VPOS="1150"
                          HPOS="623"
                          CONTENT="neque"/>
               </TextLine>
               <TextLine ID="r3l60"
                         BASELINE="1234"
                         HEIGHT="39"
                         WIDTH="492"
                         VPOS="1195"
                         HPOS="238">
                  <String HEIGHT="39"
                          WIDTH="150"
                          VPOS="1195"
                          HPOS="224"
                          CONTENT="videtur"/>
                  <SP HEIGHT="39" WIDTH="14" VPOS="1195" HPOS="375"/>
                  <String HEIGHT="39"
                          WIDTH="178"
                          VPOS="1195"
                          HPOS="334"
                          CONTENT="assecutum"/>
                  <SP HEIGHT="39" WIDTH="14" VPOS="1195" HPOS="511"/>
                  <String HEIGHT="39"
                          WIDTH="137"
                          VPOS="1195"
                          HPOS="470"
                          CONTENT="fuisse"/>
                  <SP HEIGHT="39" WIDTH="14" VPOS="1195" HPOS="607"/>
                  <String HEIGHT="39" WIDTH="96" VPOS="1195" HPOS="566" CONTENT="id,"/>
                  <SP HEIGHT="39" WIDTH="14" VPOS="1195" HPOS="662"/>
                  <String HEIGHT="39" WIDTH="96" VPOS="1195" HPOS="621" CONTENT="quo"/>
                  <SP HEIGHT="39" WIDTH="14" VPOS="1195" HPOS="716"/>
                  <String HEIGHT="39" WIDTH="68" VPOS="1195" HPOS="662" CONTENT="sim"/>
               </TextLine>
               <TextLine ID="r3l62"
                         BASELINE="1281"
                         HEIGHT="46"
                         WIDTH="490"
                         VPOS="1235"
                         HPOS="234">
                  <String HEIGHT="46"
                          WIDTH="168"
                          VPOS="1235"
                          HPOS="220"
                          CONTENT="pliciter"/>
                  <SP HEIGHT="46" WIDTH="14" VPOS="1235" HPOS="388"/>
                  <String HEIGHT="46"
                          WIDTH="154"
                          VPOS="1235"
                          HPOS="346"
                          CONTENT="dicatur"/>
                  <SP HEIGHT="46" WIDTH="14" VPOS="1235" HPOS="500"/>
                  <String HEIGHT="46" WIDTH="84" VPOS="1235" HPOS="458" CONTENT="de"/>
                  <SP HEIGHT="46" WIDTH="14" VPOS="1235" HPOS="542"/>
                  <String HEIGHT="46" WIDTH="84" VPOS="1235" HPOS="500" CONTENT="eo"/>
                  <SP HEIGHT="46" WIDTH="14" VPOS="1235" HPOS="584"/>
                  <String HEIGHT="46"
                          WIDTH="126"
                          VPOS="1235"
                          HPOS="542"
                          CONTENT="nomen"/>
                  <SP HEIGHT="46" WIDTH="14" VPOS="1235" HPOS="668"/>
                  <String HEIGHT="46"
                          WIDTH="112"
                          VPOS="1235"
                          HPOS="612"
                          CONTENT="artis,"/>
               </TextLine>
               <TextLine ID="r3l63"
                         BASELINE="1316"
                         HEIGHT="39"
                         WIDTH="502"
                         VPOS="1277"
                         HPOS="232">
                  <String HEIGHT="39"
                          WIDTH="122"
                          VPOS="1277"
                          HPOS="217"
                          CONTENT="pari"/>
                  <SP HEIGHT="39" WIDTH="15" VPOS="1277" HPOS="338"/>
                  <String HEIGHT="39"
                          WIDTH="167"
                          VPOS="1277"
                          HPOS="293"
                          CONTENT="ratione"/>
                  <SP HEIGHT="39" WIDTH="15" VPOS="1277" HPOS="460"/>
                  <String HEIGHT="39" WIDTH="91" VPOS="1277" HPOS="415" CONTENT="in"/>
                  <SP HEIGHT="39" WIDTH="15" VPOS="1277" HPOS="506"/>
                  <String HEIGHT="39"
                          WIDTH="137"
                          VPOS="1277"
                          HPOS="460"
                          CONTENT="rebus"/>
                  <SP HEIGHT="39" WIDTH="15" VPOS="1277" HPOS="597"/>
                  <String HEIGHT="39"
                          WIDTH="198"
                          VPOS="1277"
                          HPOS="536"
                          CONTENT="naturalibus"/>
               </TextLine>
               <TextLine ID="line_1613170636869_169"
                         BASELINE="1347"
                         HEIGHT="38"
                         WIDTH="511"
                         VPOS="1309"
                         HPOS="220">
                  <String HEIGHT="38"
                          WIDTH="105"
                          VPOS="1309"
                          HPOS="205"
                          CONTENT="res"/>
                  <SP HEIGHT="38" WIDTH="15" VPOS="1309" HPOS="310"/>
                  <String HEIGHT="38" WIDTH="90" VPOS="1309" HPOS="265" CONTENT="se"/>
                  <SP HEIGHT="38" WIDTH="15" VPOS="1309" HPOS="355"/>
                  <String HEIGHT="38"
                          WIDTH="150"
                          VPOS="1309"
                          HPOS="310"
                          CONTENT="habet,"/>
                  <SP HEIGHT="38" WIDTH="15" VPOS="1309" HPOS="460"/>
                  <String HEIGHT="38"
                          WIDTH="105"
                          VPOS="1309"
                          HPOS="415"
                          CONTENT="cum"/>
                  <SP HEIGHT="38" WIDTH="15" VPOS="1309" HPOS="521"/>
                  <String HEIGHT="38"
                          WIDTH="180"
                          VPOS="1309"
                          HPOS="476"
                          CONTENT="videamus"/>
                  <SP HEIGHT="38" WIDTH="15" VPOS="1309" HPOS="656"/>
                  <String HEIGHT="38"
                          WIDTH="105"
                          VPOS="1309"
                          HPOS="611"
                          CONTENT="iam"/>
                  <SP HEIGHT="38" WIDTH="15" VPOS="1309" HPOS="716"/>
                  <String HEIGHT="38"
                          WIDTH="75"
                          VPOS="1309"
                          HPOS="656"
                          CONTENT="ad"
                          SUBS_TYPE="HypPart1"
                          SUBS_CONTENT="adeptum"/>
                  <HYP CONTENT="-"/>
               </TextLine>
               <TextLine ID="r3l67"
                         BASELINE="1398"
                         HEIGHT="41"
                         WIDTH="498"
                         VPOS="1357"
                         HPOS="234">
                  <String HEIGHT="41"
                          WIDTH="132"
                          VPOS="1357"
                          HPOS="219"
                          CONTENT="eptum"
                          SUBS_TYPE="HypPart2"
                          SUBS_CONTENT="adeptum"/>
                  <SP HEIGHT="41" WIDTH="15" VPOS="1357" HPOS="351"/>
                  <String HEIGHT="41"
                          WIDTH="146"
                          VPOS="1357"
                          HPOS="307"
                          CONTENT="fuisse"/>
                  <SP HEIGHT="41" WIDTH="15" VPOS="1357" HPOS="454"/>
                  <String HEIGHT="41"
                          WIDTH="103"
                          VPOS="1357"
                          HPOS="410"
                          CONTENT="id,"/>
                  <SP HEIGHT="41" WIDTH="15" VPOS="1357" HPOS="512"/>
                  <String HEIGHT="41"
                          WIDTH="103"
                          VPOS="1357"
                          HPOS="468"
                          CONTENT="quo"/>
                  <SP HEIGHT="41" WIDTH="15" VPOS="1357" HPOS="571"/>
                  <String HEIGHT="41"
                          WIDTH="205"
                          VPOS="1357"
                          HPOS="527"
                          CONTENT="nuncupatur"/>
                  <SP HEIGHT="41" WIDTH="15" VPOS="1357" HPOS="732"/>
                  <String HEIGHT="41" WIDTH="59" VPOS="1357" HPOS="673" CONTENT="na"/>
               </TextLine>
               <TextLine ID="r3l69"
                         BASELINE="1437"
                         HEIGHT="41"
                         WIDTH="494"
                         VPOS="1396"
                         HPOS="239">
                  <String HEIGHT="41"
                          WIDTH="147"
                          VPOS="1396"
                          HPOS="226"
                          CONTENT="turale,"/>
                  <SP HEIGHT="41" WIDTH="13" VPOS="1396" HPOS="373"/>
                  <String HEIGHT="41" WIDTH="93" VPOS="1396" HPOS="332" CONTENT="cum"/>
                  <SP HEIGHT="41" WIDTH="13" VPOS="1396" HPOS="426"/>
                  <String HEIGHT="41"
                          WIDTH="174"
                          VPOS="1396"
                          HPOS="386"
                          CONTENT="aduenerit"/>
                  <SP HEIGHT="41" WIDTH="13" VPOS="1396" HPOS="559"/>
                  <String HEIGHT="41"
                          WIDTH="107"
                          VPOS="1396"
                          HPOS="519"
                          CONTENT="sibi"/>
                  <SP HEIGHT="41" WIDTH="13" VPOS="1396" HPOS="626"/>
                  <String HEIGHT="41"
                          WIDTH="134"
                          VPOS="1396"
                          HPOS="586"
                          CONTENT="forma,"/>
                  <SP HEIGHT="41" WIDTH="13" VPOS="1396" HPOS="720"/>
                  <String HEIGHT="41" WIDTH="67" VPOS="1396" HPOS="666" CONTENT="qua"/>
               </TextLine>
               <TextLine ID="r3l71"
                         BASELINE="1476"
                         HEIGHT="51"
                         WIDTH="496"
                         VPOS="1425"
                         HPOS="231">
                  <String HEIGHT="51" WIDTH="89" VPOS="1425" HPOS="218" CONTENT="res"/>
                  <SP HEIGHT="51" WIDTH="13" VPOS="1425" HPOS="307"/>
                  <String HEIGHT="51" WIDTH="89" VPOS="1425" HPOS="269" CONTENT="est"/>
                  <SP HEIGHT="51" WIDTH="13" VPOS="1425" HPOS="358"/>
                  <String HEIGHT="51" WIDTH="89" VPOS="1425" HPOS="320" CONTENT="id,"/>
                  <SP HEIGHT="51" WIDTH="13" VPOS="1425" HPOS="409"/>
                  <String HEIGHT="51"
                          WIDTH="102"
                          VPOS="1425"
                          HPOS="371"
                          CONTENT="quod"/>
                  <SP HEIGHT="51" WIDTH="13" VPOS="1425" HPOS="473"/>
                  <String HEIGHT="51"
                          WIDTH="102"
                          VPOS="1425"
                          HPOS="434"
                          CONTENT="est."/>
                  <SP HEIGHT="51" WIDTH="13" VPOS="1425" HPOS="536"/>
                  <String HEIGHT="51" WIDTH="89" VPOS="1425" HPOS="498" CONTENT="hoc"/>
                  <SP HEIGHT="51" WIDTH="13" VPOS="1425" HPOS="587"/>
                  <String HEIGHT="51"
                          WIDTH="114"
                          VPOS="1425"
                          HPOS="549"
                          CONTENT="autem"/>
                  <SP HEIGHT="51" WIDTH="13" VPOS="1425" HPOS="663"/>
                  <String HEIGHT="51" WIDTH="89" VPOS="1425" HPOS="625" CONTENT="est"/>
                  <SP HEIGHT="51" WIDTH="13" VPOS="1425" HPOS="714"/>
                  <String HEIGHT="51"
                          WIDTH="64"
                          VPOS="1425"
                          HPOS="663"
                          CONTENT="ex"
                          SUBS_TYPE="HypPart1"
                          SUBS_CONTENT="exemplum,"/>
                  <HYP CONTENT="-"/>
               </TextLine>
               <TextLine ID="r3l73"
                         BASELINE="1517"
                         HEIGHT="54"
                         WIDTH="379"
                         VPOS="1463"
                         HPOS="237">
                  <String HEIGHT="54"
                          WIDTH="174"
                          VPOS="1463"
                          HPOS="221"
                          CONTENT="emplum,"
                          SUBS_TYPE="HypPart2"
                          SUBS_CONTENT="exemplum,"/>
                  <SP HEIGHT="54" WIDTH="16" VPOS="1463" HPOS="395"/>
                  <String HEIGHT="54"
                          WIDTH="111"
                          VPOS="1463"
                          HPOS="348"
                          CONTENT="non"/>
                  <SP HEIGHT="54" WIDTH="16" VPOS="1463" HPOS="458"/>
                  <String HEIGHT="54"
                          WIDTH="221"
                          VPOS="1463"
                          HPOS="395"
                          CONTENT="syllogismus."/>
               </TextLine>
               <TextLine ID="r3l75"
                         BASELINE="1547"
                         HEIGHT="44"
                         WIDTH="468"
                         VPOS="1503"
                         HPOS="268">
                  <String HEIGHT="44"
                          WIDTH="166"
                          VPOS="1503"
                          HPOS="253"
                          CONTENT="Secunda"/>
                  <SP HEIGHT="44" WIDTH="15" VPOS="1503" HPOS="419"/>
                  <String HEIGHT="44"
                          WIDTH="106"
                          VPOS="1503"
                          HPOS="374"
                          CONTENT="sic"/>
                  <SP HEIGHT="44" WIDTH="15" VPOS="1503" HPOS="479"/>
                  <String HEIGHT="44"
                          WIDTH="196"
                          VPOS="1503"
                          HPOS="434"
                          CONTENT="formatur."/>
                  <SP HEIGHT="44" WIDTH="15" VPOS="1503" HPOS="630"/>
                  <String HEIGHT="44"
                          WIDTH="136"
                          VPOS="1503"
                          HPOS="585"
                          CONTENT="forma"/>
                  <SP HEIGHT="44" WIDTH="15" VPOS="1503" HPOS="721"/>
                  <String HEIGHT="44" WIDTH="75" VPOS="1503" HPOS="661" CONTENT="est"/>
               </TextLine>
               <TextLine ID="r3l78"
                         BASELINE="1587"
                         HEIGHT="47"
                         WIDTH="507"
                         VPOS="1540"
                         HPOS="228">
                  <String HEIGHT="47" WIDTH="96" VPOS="1540" HPOS="214" CONTENT="id,"/>
                  <SP HEIGHT="47" WIDTH="14" VPOS="1540" HPOS="310"/>
                  <String HEIGHT="47" WIDTH="96" VPOS="1540" HPOS="269" CONTENT="quo"/>
                  <SP HEIGHT="47" WIDTH="14" VPOS="1540" HPOS="365"/>
                  <String HEIGHT="47" WIDTH="96" VPOS="1540" HPOS="324" CONTENT="res"/>
                  <SP HEIGHT="47" WIDTH="14" VPOS="1540" HPOS="420"/>
                  <String HEIGHT="47"
                          WIDTH="178"
                          VPOS="1540"
                          HPOS="379"
                          CONTENT="naturalis"/>
                  <SP HEIGHT="47" WIDTH="14" VPOS="1540" HPOS="557"/>
                  <String HEIGHT="47" WIDTH="96" VPOS="1540" HPOS="516" CONTENT="est"/>
                  <SP HEIGHT="47" WIDTH="14" VPOS="1540" HPOS="612"/>
                  <String HEIGHT="47" WIDTH="82" VPOS="1540" HPOS="571" CONTENT="in"/>
                  <SP HEIGHT="47" WIDTH="14" VPOS="1540" HPOS="653"/>
                  <String HEIGHT="47"
                          WIDTH="123"
                          VPOS="1540"
                          HPOS="612"
                          CONTENT="actu,"/>
                  <SP HEIGHT="47" WIDTH="14" VPOS="1540" HPOS="735"/>
                  <String HEIGHT="47" WIDTH="69" VPOS="1540" HPOS="694" CONTENT="&amp;"/>
                  <SP HEIGHT="47" WIDTH="14" VPOS="1540" HPOS="762"/>
                  <String HEIGHT="47" WIDTH="27" VPOS="1540" HPOS="708" CONTENT=""/>
               </TextLine>
               <TextLine ID="r3l80"
                         BASELINE="1636"
                         HEIGHT="50"
                         WIDTH="504"
                         VPOS="1586"
                         HPOS="230">
                  <String HEIGHT="50" WIDTH="92" VPOS="1586" HPOS="215" CONTENT="ex"/>
                  <SP HEIGHT="50" WIDTH="15" VPOS="1586" HPOS="306"/>
                  <String HEIGHT="50"
                          WIDTH="107"
                          VPOS="1586"
                          HPOS="261"
                          CONTENT="qua"/>
                  <SP HEIGHT="50" WIDTH="15" VPOS="1586" HPOS="367"/>
                  <String HEIGHT="50"
                          WIDTH="214"
                          VPOS="1586"
                          HPOS="322"
                          CONTENT="proueniunt"/>
                  <SP HEIGHT="50" WIDTH="15" VPOS="1586" HPOS="535"/>
                  <String HEIGHT="50"
                          WIDTH="229"
                          VPOS="1586"
                          HPOS="490"
                          CONTENT="operationes"/>
                  <SP HEIGHT="50" WIDTH="15" VPOS="1586" HPOS="719"/>
                  <String HEIGHT="50" WIDTH="76" VPOS="1586" HPOS="658" CONTENT="rei"/>
               </TextLine>
               <TextLine ID="r3l82"
                         BASELINE="1667"
                         HEIGHT="47"
                         WIDTH="498"
                         VPOS="1620"
                         HPOS="231">
                  <String HEIGHT="47"
                          WIDTH="187"
                          VPOS="1620"
                          HPOS="215"
                          CONTENT="habentis"/>
                  <SP HEIGHT="47" WIDTH="16" VPOS="1620" HPOS="402"/>
                  <String HEIGHT="47"
                          WIDTH="171"
                          VPOS="1620"
                          HPOS="356"
                          CONTENT="formam:"/>
                  <SP HEIGHT="47" WIDTH="16" VPOS="1620" HPOS="527"/>
                  <String HEIGHT="47"
                          WIDTH="109"
                          VPOS="1620"
                          HPOS="480"
                          CONTENT="sed"/>
                  <SP HEIGHT="47" WIDTH="16" VPOS="1620" HPOS="589"/>
                  <String HEIGHT="47"
                          WIDTH="171"
                          VPOS="1620"
                          HPOS="542"
                          CONTENT="materia"/>
                  <SP HEIGHT="47" WIDTH="16" VPOS="1620" HPOS="713"/>
                  <String HEIGHT="47" WIDTH="78" VPOS="1620" HPOS="651" CONTENT="est"/>
               </TextLine>
               <TextLine ID="r3l84"
                         BASELINE="1714"
                         HEIGHT="54"
                         WIDTH="494"
                         VPOS="1660"
                         HPOS="232">
                  <String HEIGHT="54" WIDTH="89" VPOS="1660" HPOS="219" CONTENT="id."/>
                  <SP HEIGHT="54" WIDTH="13" VPOS="1660" HPOS="308"/>
                  <String HEIGHT="54" WIDTH="89" VPOS="1660" HPOS="270" CONTENT="quo"/>
                  <SP HEIGHT="54" WIDTH="13" VPOS="1660" HPOS="359"/>
                  <String HEIGHT="54" WIDTH="89" VPOS="1660" HPOS="321" CONTENT="res"/>
                  <SP HEIGHT="54" WIDTH="13" VPOS="1660" HPOS="409"/>
                  <String HEIGHT="54"
                          WIDTH="139"
                          VPOS="1660"
                          HPOS="371"
                          CONTENT="existit"/>
                  <SP HEIGHT="54" WIDTH="13" VPOS="1660" HPOS="511"/>
                  <String HEIGHT="54" WIDTH="76" VPOS="1660" HPOS="473" CONTENT="in"/>
                  <SP HEIGHT="54" WIDTH="13" VPOS="1660" HPOS="549"/>
                  <String HEIGHT="54"
                          WIDTH="165"
                          VPOS="1660"
                          HPOS="511"
                          CONTENT="potentia:"/>
                  <SP HEIGHT="54" WIDTH="13" VPOS="1660" HPOS="675"/>
                  <String HEIGHT="54" WIDTH="76" VPOS="1660" HPOS="637" CONTENT="id"/>
                  <SP HEIGHT="54" WIDTH="13" VPOS="1660" HPOS="713"/>
                  <String HEIGHT="54"
                          WIDTH="63"
                          VPOS="1660"
                          HPOS="663"
                          CONTENT="ve"
                          SUBS_TYPE="HypPart1"
                          SUBS_CONTENT="vero,"/>
                  <HYP CONTENT="-"/>
               </TextLine>
               <TextLine ID="r3l87"
                         BASELINE="1751"
                         HEIGHT="50"
                         WIDTH="490"
                         VPOS="1701"
                         HPOS="230">
                  <String HEIGHT="50"
                          WIDTH="90"
                          VPOS="1701"
                          HPOS="217"
                          CONTENT="ro,"
                          SUBS_TYPE="HypPart2"
                          SUBS_CONTENT="vero,"/>
                  <SP HEIGHT="50" WIDTH="13" VPOS="1701" HPOS="307"/>
                  <String HEIGHT="50" WIDTH="77" VPOS="1701" HPOS="269" CONTENT="in"/>
                  <SP HEIGHT="50" WIDTH="13" VPOS="1701" HPOS="346"/>
                  <String HEIGHT="50" WIDTH="90" VPOS="1701" HPOS="307" CONTENT="quo"/>
                  <SP HEIGHT="50" WIDTH="13" VPOS="1701" HPOS="398"/>
                  <String HEIGHT="50" WIDTH="90" VPOS="1701" HPOS="359" CONTENT="res"/>
                  <SP HEIGHT="50" WIDTH="13" VPOS="1701" HPOS="449"/>
                  <String HEIGHT="50"
                          WIDTH="168"
                          VPOS="1701"
                          HPOS="411"
                          CONTENT="naturalis"/>
                  <SP HEIGHT="50" WIDTH="13" VPOS="1701" HPOS="578"/>
                  <String HEIGHT="50"
                          WIDTH="142"
                          VPOS="1701"
                          HPOS="539"
                          CONTENT="existit"/>
                  <SP HEIGHT="50" WIDTH="13" VPOS="1701" HPOS="681"/>
                  <String HEIGHT="50" WIDTH="77" VPOS="1701" HPOS="643" CONTENT="in"/>
                  <SP HEIGHT="50" WIDTH="13" VPOS="1701" HPOS="720"/>
                  <String HEIGHT="50"
                          WIDTH="52"
                          VPOS="1701"
                          HPOS="668"
                          CONTENT="a"
                          SUBS_TYPE="HypPart1"
                          SUBS_CONTENT="actu,"/>
                  <HYP CONTENT="-"/>
               </TextLine>
               <TextLine ID="r3l89"
                         BASELINE="1789"
                         HEIGHT="48"
                         WIDTH="500"
                         VPOS="1741"
                         HPOS="230">
                  <String HEIGHT="48"
                          WIDTH="108"
                          VPOS="1741"
                          HPOS="216"
                          CONTENT="ctu,"
                          SUBS_TYPE="HypPart2"
                          SUBS_CONTENT="actu,"/>
                  <SP HEIGHT="48" WIDTH="14" VPOS="1741" HPOS="325"/>
                  <String HEIGHT="48"
                          WIDTH="135"
                          VPOS="1741"
                          HPOS="284"
                          CONTENT="potius"/>
                  <SP HEIGHT="48" WIDTH="14" VPOS="1741" HPOS="419"/>
                  <String HEIGHT="48"
                          WIDTH="149"
                          VPOS="1741"
                          HPOS="379"
                          CONTENT="debetur"/>
                  <SP HEIGHT="48" WIDTH="14" VPOS="1741" HPOS="527"/>
                  <String HEIGHT="48" WIDTH="81" VPOS="1741" HPOS="487" CONTENT="ei"/>
                  <SP HEIGHT="48" WIDTH="14" VPOS="1741" HPOS="568"/>
                  <String HEIGHT="48"
                          WIDTH="203"
                          VPOS="1741"
                          HPOS="527"
                          CONTENT="simpliciter"/>
                  <SP HEIGHT="48" WIDTH="14" VPOS="1741" HPOS="730"/>
                  <String HEIGHT="48" WIDTH="54" VPOS="1741" HPOS="676" CONTENT="no"/>
               </TextLine>
               <TextLine ID="r3l91"
                         BASELINE="1829"
                         HEIGHT="52"
                         WIDTH="500"
                         VPOS="1777"
                         HPOS="230">
                  <String HEIGHT="52"
                          WIDTH="100"
                          VPOS="1777"
                          HPOS="216"
                          CONTENT="men"/>
                  <SP HEIGHT="52" WIDTH="14" VPOS="1777" HPOS="316"/>
                  <String HEIGHT="52"
                          WIDTH="157"
                          VPOS="1777"
                          HPOS="273"
                          CONTENT="naturae"/>
                  <SP HEIGHT="52" WIDTH="14" VPOS="1777" HPOS="430"/>
                  <String HEIGHT="52"
                          WIDTH="114"
                          VPOS="1777"
                          HPOS="387"
                          CONTENT="quam"/>
                  <SP HEIGHT="52" WIDTH="14" VPOS="1777" HPOS="501"/>
                  <String HEIGHT="52"
                          WIDTH="114"
                          VPOS="1777"
                          HPOS="459"
                          CONTENT="rei,"/>
                  <SP HEIGHT="52" WIDTH="14" VPOS="1777" HPOS="573"/>
                  <String HEIGHT="52"
                          WIDTH="100"
                          VPOS="1777"
                          HPOS="530"
                          CONTENT="cui"/>
                  <SP HEIGHT="52" WIDTH="14" VPOS="1777" HPOS="630"/>
                  <String HEIGHT="52"
                          WIDTH="129"
                          VPOS="1777"
                          HPOS="587"
                          CONTENT="inest"/>
                  <SP HEIGHT="52" WIDTH="14" VPOS="1777" HPOS="716"/>
                  <String HEIGHT="52" WIDTH="86" VPOS="1777" HPOS="673" CONTENT="in"/>
                  <SP HEIGHT="52" WIDTH="14" VPOS="1777" HPOS="759"/>
                  <String HEIGHT="52" WIDTH="29" VPOS="1777" HPOS="701" CONTENT=""/>
               </TextLine>
               <TextLine ID="r3l93"
                         BASELINE="1866"
                         HEIGHT="45"
                         WIDTH="142"
                         VPOS="1821"
                         HPOS="223">
                  <String HEIGHT="45"
                          WIDTH="174"
                          VPOS="1821"
                          HPOS="191"
                          CONTENT="potentia."/>
               </TextLine>
               <TextLine ID="line_1613222115455_8375"
                         BASELINE="1898"
                         HEIGHT="50"
                         WIDTH="453"
                         VPOS="1848"
                         HPOS="275">
                  <String HEIGHT="50"
                          WIDTH="156"
                          VPOS="1848"
                          HPOS="261"
                          CONTENT="Tertia."/>
                  <SP HEIGHT="50" WIDTH="14" VPOS="1848" HPOS="417"/>
                  <String HEIGHT="50"
                          WIDTH="113"
                          VPOS="1848"
                          HPOS="374"
                          CONTENT="quia"/>
                  <SP HEIGHT="50" WIDTH="14" VPOS="1848" HPOS="487"/>
                  <String HEIGHT="50"
                          WIDTH="127"
                          VPOS="1848"
                          HPOS="445"
                          CONTENT="motus"/>
                  <SP HEIGHT="50" WIDTH="14" VPOS="1848" HPOS="572"/>
                  <String HEIGHT="50" WIDTH="85" VPOS="1848" HPOS="530" CONTENT="in"/>
                  <SP HEIGHT="50" WIDTH="14" VPOS="1848" HPOS="615"/>
                  <String HEIGHT="50"
                          WIDTH="170"
                          VPOS="1848"
                          HPOS="558"
                          CONTENT="generatio"/>
               </TextLine>
            </TextBlock>
            <TextBlock ID="TextRegion_1613170647739_183"
                       HEIGHT="1798"
                       WIDTH="521"
                       VPOS="136"
                       HPOS="743">
               <Shape>
                  <Polygon POINTS="743,136 1264,136 1264,1934 743,1934"/>
               </Shape>
               <TextLine ID="line_1613170644700_181"
                         BASELINE="226"
                         HEIGHT="54"
                         WIDTH="508"
                         VPOS="172"
                         HPOS="761">
                  <String HEIGHT="54" WIDTH="87" VPOS="172" HPOS="746" CONTENT="ne"/>
                  <SP HEIGHT="54" WIDTH="15" VPOS="172" HPOS="834"/>
                  <String HEIGHT="54" WIDTH="102" VPOS="172" HPOS="790" CONTENT="est"/>
                  <SP HEIGHT="54" WIDTH="15" VPOS="172" HPOS="892"/>
                  <String HEIGHT="54" WIDTH="87" VPOS="172" HPOS="848" CONTENT="ex"/>
                  <SP HEIGHT="54" WIDTH="15" VPOS="172" HPOS="935"/>
                  <String HEIGHT="54"
                          WIDTH="174"
                          VPOS="172"
                          HPOS="892"
                          CONTENT="subiecto"/>
                  <SP HEIGHT="54" WIDTH="15" VPOS="172" HPOS="1066"/>
                  <String HEIGHT="54" WIDTH="87" VPOS="172" HPOS="1022" CONTENT="ad"/>
                  <SP HEIGHT="54" WIDTH="15" VPOS="172" HPOS="1109"/>
                  <String HEIGHT="54"
                          WIDTH="160"
                          VPOS="172"
                          HPOS="1066"
                          CONTENT="formam,"/>
                  <SP HEIGHT="54" WIDTH="15" VPOS="172" HPOS="1225"/>
                  <String HEIGHT="54" WIDTH="73" VPOS="172" HPOS="1182" CONTENT="&amp;"/>
                  <SP HEIGHT="54" WIDTH="15" VPOS="172" HPOS="1254"/>
                  <String HEIGHT="54"
                          WIDTH="73"
                          VPOS="172"
                          HPOS="1196"
                          CONTENT="si"
                          SUBS_TYPE="HypPart1"
                          SUBS_CONTENT="sicut"/>
                  <HYP CONTENT="-"/>
               </TextLine>
               <TextLine ID="r3l6"
                         BASELINE="274"
                         HEIGHT="54"
                         WIDTH="494"
                         VPOS="220"
                         HPOS="756">
                  <String HEIGHT="54"
                          WIDTH="119"
                          VPOS="220"
                          HPOS="739"
                          CONTENT="cut"
                          SUBS_TYPE="HypPart2"
                          SUBS_CONTENT="sicut"/>
                  <SP HEIGHT="54" WIDTH="17" VPOS="220" HPOS="858"/>
                  <String HEIGHT="54"
                          WIDTH="153"
                          VPOS="220"
                          HPOS="807"
                          CONTENT="motus"/>
                  <SP HEIGHT="54" WIDTH="17" VPOS="220" HPOS="960"/>
                  <String HEIGHT="54" WIDTH="102" VPOS="220" HPOS="909" CONTENT="ad"/>
                  <SP HEIGHT="54" WIDTH="17" VPOS="220" HPOS="1012"/>
                  <String HEIGHT="54"
                          WIDTH="204"
                          VPOS="220"
                          HPOS="960"
                          CONTENT="terminum"/>
                  <SP HEIGHT="54" WIDTH="17" VPOS="220" HPOS="1165"/>
                  <String HEIGHT="54" WIDTH="102" VPOS="220" HPOS="1114" CONTENT="ad"/>
                  <SP HEIGHT="54" WIDTH="17" VPOS="220" HPOS="1216"/>
                  <String HEIGHT="54"
                          WIDTH="102"
                          VPOS="220"
                          HPOS="1148"
                          CONTENT="quem"/>
               </TextLine>
               <TextLine ID="r3l9"
                         BASELINE="307"
                         HEIGHT="38"
                         WIDTH="497"
                         VPOS="269"
                         HPOS="754">
                  <String HEIGHT="38"
                          WIDTH="152"
                          VPOS="269"
                          HPOS="740"
                          CONTENT="dicitur"/>
                  <SP HEIGHT="38" WIDTH="14" VPOS="269" HPOS="892"/>
                  <String HEIGHT="38"
                          WIDTH="152"
                          VPOS="269"
                          HPOS="851"
                          CONTENT="natura,"/>
                  <SP HEIGHT="38" WIDTH="14" VPOS="269" HPOS="1003"/>
                  <String HEIGHT="38"
                          WIDTH="110"
                          VPOS="269"
                          HPOS="961"
                          CONTENT="quae"/>
                  <SP HEIGHT="38" WIDTH="14" VPOS="269" HPOS="1072"/>
                  <String HEIGHT="38" WIDTH="97" VPOS="269" HPOS="1030" CONTENT="est"/>
                  <SP HEIGHT="38" WIDTH="14" VPOS="269" HPOS="1127"/>
                  <String HEIGHT="38"
                          WIDTH="138"
                          VPOS="269"
                          HPOS="1085"
                          CONTENT="forma,"/>
                  <SP HEIGHT="38" WIDTH="14" VPOS="269" HPOS="1223"/>
                  <String HEIGHT="38" WIDTH="97" VPOS="269" HPOS="1182" CONTENT="non"/>
                  <SP HEIGHT="38" WIDTH="14" VPOS="269" HPOS="1279"/>
                  <String HEIGHT="38" WIDTH="28" VPOS="269" HPOS="1223" CONTENT=""/>
               </TextLine>
               <TextLine ID="r3l11"
                         BASELINE="346"
                         HEIGHT="46"
                         WIDTH="485"
                         VPOS="300"
                         HPOS="759">
                  <String HEIGHT="46" WIDTH="91" VPOS="300" HPOS="744" CONTENT="in"/>
                  <SP HEIGHT="46" WIDTH="15" VPOS="300" HPOS="835"/>
                  <String HEIGHT="46"
                          WIDTH="167"
                          VPOS="300"
                          HPOS="789"
                          CONTENT="termino"/>
                  <SP HEIGHT="46" WIDTH="15" VPOS="300" HPOS="956"/>
                  <String HEIGHT="46" WIDTH="76" VPOS="300" HPOS="911" CONTENT="a"/>
                  <SP HEIGHT="46" WIDTH="15" VPOS="300" HPOS="986"/>
                  <String HEIGHT="46"
                          WIDTH="121"
                          VPOS="300"
                          HPOS="941"
                          CONTENT="quo,"/>
                  <SP HEIGHT="46" WIDTH="15" VPOS="300" HPOS="1062"/>
                  <String HEIGHT="46"
                          WIDTH="212"
                          VPOS="300"
                          HPOS="1017"
                          CONTENT="manifestum"/>
                  <SP HEIGHT="46" WIDTH="15" VPOS="300" HPOS="1229"/>
                  <String HEIGHT="46" WIDTH="76" VPOS="300" HPOS="1168" CONTENT="est"/>
               </TextLine>
               <TextLine ID="r3l13"
                         BASELINE="391"
                         HEIGHT="51"
                         WIDTH="500"
                         VPOS="340"
                         HPOS="756">
                  <String HEIGHT="51"
                          WIDTH="129"
                          VPOS="340"
                          HPOS="740"
                          CONTENT="quod"/>
                  <SP HEIGHT="51" WIDTH="16" VPOS="340" HPOS="869"/>
                  <String HEIGHT="51"
                          WIDTH="145"
                          VPOS="340"
                          HPOS="821"
                          CONTENT="nomen"/>
                  <SP HEIGHT="51" WIDTH="16" VPOS="340" HPOS="966"/>
                  <String HEIGHT="51"
                          WIDTH="177"
                          VPOS="340"
                          HPOS="917"
                          CONTENT="naturae"/>
                  <SP HEIGHT="51" WIDTH="16" VPOS="340" HPOS="1095"/>
                  <String HEIGHT="51"
                          WIDTH="129"
                          VPOS="340"
                          HPOS="1046"
                          CONTENT="plus"/>
                  <SP HEIGHT="51" WIDTH="16" VPOS="340" HPOS="1175"/>
                  <String HEIGHT="51"
                          WIDTH="145"
                          VPOS="340"
                          HPOS="1111"
                          CONTENT="debetur"/>
               </TextLine>
               <TextLine ID="r3l15"
                         BASELINE="418"
                         HEIGHT="40"
                         WIDTH="492"
                         VPOS="378"
                         HPOS="759">
                  <String HEIGHT="40"
                          WIDTH="137"
                          VPOS="378"
                          HPOS="745"
                          CONTENT="formae"/>
                  <SP HEIGHT="40" WIDTH="14" VPOS="378" HPOS="882"/>
                  <String HEIGHT="40"
                          WIDTH="109"
                          VPOS="378"
                          HPOS="841"
                          CONTENT="quam"/>
                  <SP HEIGHT="40" WIDTH="14" VPOS="378" HPOS="950"/>
                  <String HEIGHT="40"
                          WIDTH="178"
                          VPOS="378"
                          HPOS="909"
                          CONTENT="materiae."/>
                  <SP HEIGHT="40" WIDTH="14" VPOS="378" HPOS="1087"/>
                  <String HEIGHT="40"
                          WIDTH="123"
                          VPOS="378"
                          HPOS="1046"
                          CONTENT="cuius"/>
                  <SP HEIGHT="40" WIDTH="14" VPOS="378" HPOS="1169"/>
                  <String HEIGHT="40" WIDTH="96" VPOS="378" HPOS="1128" CONTENT="rei"/>
                  <SP HEIGHT="40" WIDTH="14" VPOS="378" HPOS="1224"/>
                  <String HEIGHT="40" WIDTH="96" VPOS="378" HPOS="1183" CONTENT="in"/>
                  <SP HEIGHT="40" WIDTH="14" VPOS="378" HPOS="1278"/>
                  <String HEIGHT="40" WIDTH="27" VPOS="378" HPOS="1224" CONTENT=""/>
               </TextLine>
               <TextLine ID="r3l17"
                         BASELINE="466"
                         HEIGHT="49"
                         WIDTH="498"
                         VPOS="417"
                         HPOS="758">
                  <String HEIGHT="49"
                          WIDTH="161"
                          VPOS="417"
                          HPOS="742"
                          CONTENT="ditium"/>
                  <SP HEIGHT="49" WIDTH="16" VPOS="417" HPOS="903"/>
                  <String HEIGHT="49"
                          WIDTH="193"
                          VPOS="417"
                          HPOS="854"
                          CONTENT="sumitur."/>
                  <SP HEIGHT="49" WIDTH="16" VPOS="417" HPOS="1047"/>
                  <String HEIGHT="49"
                          WIDTH="129"
                          VPOS="417"
                          HPOS="999"
                          CONTENT="quia"/>
                  <SP HEIGHT="49" WIDTH="16" VPOS="417" HPOS="1127"/>
                  <String HEIGHT="49"
                          WIDTH="145"
                          VPOS="417"
                          HPOS="1079"
                          CONTENT="motus"/>
                  <SP HEIGHT="49" WIDTH="16" VPOS="417" HPOS="1224"/>
                  <String HEIGHT="49"
                          WIDTH="96"
                          VPOS="417"
                          HPOS="1160"
                          CONTENT="sem"
                          SUBS_TYPE="HypPart1"
                          SUBS_CONTENT="semper"/>
                  <HYP CONTENT="-"/>
               </TextLine>
               <TextLine ID="r3l19"
                         BASELINE="498"
                         HEIGHT="37"
                         WIDTH="485"
                         VPOS="461"
                         HPOS="764">
                  <String HEIGHT="37"
                          WIDTH="113"
                          VPOS="461"
                          HPOS="748"
                          CONTENT="per"
                          SUBS_TYPE="HypPart2"
                          SUBS_CONTENT="semper"/>
                  <SP HEIGHT="37" WIDTH="16" VPOS="461" HPOS="861"/>
                  <String HEIGHT="37"
                          WIDTH="243"
                          VPOS="461"
                          HPOS="813"
                          CONTENT="denominatur"/>
                  <SP HEIGHT="37" WIDTH="16" VPOS="461" HPOS="1055"/>
                  <String HEIGHT="37"
                          WIDTH="162"
                          VPOS="461"
                          HPOS="1007"
                          CONTENT="nomine"/>
                  <SP HEIGHT="37" WIDTH="16" VPOS="461" HPOS="1168"/>
                  <String HEIGHT="37"
                          WIDTH="146"
                          VPOS="461"
                          HPOS="1104"
                          CONTENT="formae,"/>
               </TextLine>
               <TextLine ID="r3l21"
                         BASELINE="544"
                         HEIGHT="50"
                         WIDTH="490"
                         VPOS="494"
                         HPOS="765">
                  <String HEIGHT="50" WIDTH="92" VPOS="494" HPOS="750" CONTENT="ad"/>
                  <SP HEIGHT="50" WIDTH="15" VPOS="494" HPOS="842"/>
                  <String HEIGHT="50"
                          WIDTH="123"
                          VPOS="494"
                          HPOS="796"
                          CONTENT="quam"/>
                  <SP HEIGHT="50" WIDTH="15" VPOS="494" HPOS="918"/>
                  <String HEIGHT="50" WIDTH="107" VPOS="494" HPOS="872" CONTENT="fit"/>
                  <SP HEIGHT="50" WIDTH="15" VPOS="494" HPOS="979"/>
                  <String HEIGHT="50"
                          WIDTH="153"
                          VPOS="494"
                          HPOS="933"
                          CONTENT="motus,"/>
                  <SP HEIGHT="50" WIDTH="15" VPOS="494" HPOS="1087"/>
                  <String HEIGHT="50"
                          WIDTH="107"
                          VPOS="494"
                          HPOS="1041"
                          CONTENT="non"/>
                  <SP HEIGHT="50" WIDTH="15" VPOS="494" HPOS="1148"/>
                  <String HEIGHT="50"
                          WIDTH="107"
                          VPOS="494"
                          HPOS="1102"
                          CONTENT="rei"/>
                  <SP HEIGHT="50" WIDTH="15" VPOS="494" HPOS="1209"/>
                  <String HEIGHT="50" WIDTH="77" VPOS="494" HPOS="1163" CONTENT="a"/>
                  <SP HEIGHT="50" WIDTH="15" VPOS="494" HPOS="1240"/>
                  <String HEIGHT="50" WIDTH="77" VPOS="494" HPOS="1178" CONTENT="qua"/>
               </TextLine>
               <TextLine ID="r3l23"
                         BASELINE="585"
                         HEIGHT="53"
                         WIDTH="490"
                         VPOS="532"
                         HPOS="761">
                  <String HEIGHT="53" WIDTH="101" VPOS="532" HPOS="747" CONTENT="fit"/>
                  <SP HEIGHT="53" WIDTH="14" VPOS="532" HPOS="847"/>
                  <String HEIGHT="53"
                          WIDTH="144"
                          VPOS="532"
                          HPOS="804"
                          CONTENT="motus."/>
                  <SP HEIGHT="53" WIDTH="14" VPOS="532" HPOS="948"/>
                  <String HEIGHT="53" WIDTH="86" VPOS="532" HPOS="905" CONTENT="vt"/>
                  <SP HEIGHT="53" WIDTH="14" VPOS="532" HPOS="992"/>
                  <String HEIGHT="53"
                          WIDTH="159"
                          VPOS="532"
                          HPOS="948"
                          CONTENT="exempli"/>
                  <SP HEIGHT="53" WIDTH="14" VPOS="532" HPOS="1107"/>
                  <String HEIGHT="53"
                          WIDTH="144"
                          VPOS="532"
                          HPOS="1064"
                          CONTENT="gratia"/>
                  <SP HEIGHT="53" WIDTH="14" VPOS="532" HPOS="1208"/>
                  <String HEIGHT="53"
                          WIDTH="101"
                          VPOS="532"
                          HPOS="1150"
                          CONTENT="moue"
                          SUBS_TYPE="HypPart1"
                          SUBS_CONTENT="moueri"/>
                  <HYP CONTENT="-"/>
               </TextLine>
               <TextLine ID="r3l25"
                         BASELINE="626"
                         HEIGHT="53"
                         WIDTH="486"
                         VPOS="573"
                         HPOS="761">
                  <String HEIGHT="53"
                          WIDTH="81"
                          VPOS="573"
                          HPOS="748"
                          CONTENT="ri"
                          SUBS_TYPE="HypPart2"
                          SUBS_CONTENT="moueri"/>
                  <SP HEIGHT="53" WIDTH="14" VPOS="573" HPOS="829"/>
                  <String HEIGHT="53" WIDTH="81" VPOS="573" HPOS="788" CONTENT="ab"/>
                  <SP HEIGHT="53" WIDTH="14" VPOS="573" HPOS="869"/>
                  <String HEIGHT="53"
                          WIDTH="203"
                          VPOS="573"
                          HPOS="829"
                          CONTENT="aegritudine"/>
                  <SP HEIGHT="53" WIDTH="14" VPOS="573" HPOS="1031"/>
                  <String HEIGHT="53" WIDTH="81" VPOS="573" HPOS="991" CONTENT="ad"/>
                  <SP HEIGHT="53" WIDTH="14" VPOS="573" HPOS="1072"/>
                  <String HEIGHT="53"
                          WIDTH="176"
                          VPOS="573"
                          HPOS="1031"
                          CONTENT="sanitatem"/>
                  <SP HEIGHT="53" WIDTH="14" VPOS="573" HPOS="1207"/>
                  <String HEIGHT="53"
                          WIDTH="95"
                          VPOS="573"
                          HPOS="1153"
                          CONTENT="dici"
                          SUBS_TYPE="HypPart1"
                          SUBS_CONTENT="dicitur"/>
                  <HYP CONTENT="-"/>
               </TextLine>
               <TextLine ID="r3l27"
                         BASELINE="662"
                         HEIGHT="42"
                         WIDTH="496"
                         VPOS="620"
                         HPOS="759">
                  <String HEIGHT="42"
                          WIDTH="96"
                          VPOS="620"
                          HPOS="745"
                          CONTENT="tur"
                          SUBS_TYPE="HypPart2"
                          SUBS_CONTENT="dicitur"/>
                  <SP HEIGHT="42" WIDTH="14" VPOS="620" HPOS="842"/>
                  <String HEIGHT="42"
                          WIDTH="152"
                          VPOS="620"
                          HPOS="800"
                          CONTENT="sanari,"/>
                  <SP HEIGHT="42" WIDTH="14" VPOS="620" HPOS="952"/>
                  <String HEIGHT="42" WIDTH="96" VPOS="620" HPOS="911" CONTENT="non"/>
                  <SP HEIGHT="42" WIDTH="14" VPOS="620" HPOS="1007"/>
                  <String HEIGHT="42"
                          WIDTH="193"
                          VPOS="620"
                          HPOS="966"
                          CONTENT="aegrotare,"/>
                  <SP HEIGHT="42" WIDTH="14" VPOS="620" HPOS="1159"/>
                  <String HEIGHT="42" WIDTH="69" VPOS="620" HPOS="1117" CONTENT="&amp;"/>
                  <SP HEIGHT="42" WIDTH="14" VPOS="620" HPOS="1186"/>
                  <String HEIGHT="42"
                          WIDTH="124"
                          VPOS="620"
                          HPOS="1131"
                          CONTENT="econtra"/>
               </TextLine>
               <TextLine ID="r3l29"
                         BASELINE="704"
                         HEIGHT="51"
                         WIDTH="488"
                         VPOS="653"
                         HPOS="759">
                  <String HEIGHT="51"
                          WIDTH="132"
                          VPOS="653"
                          HPOS="746"
                          CONTENT="motus,"/>
                  <SP HEIGHT="51" WIDTH="13" VPOS="653" HPOS="878"/>
                  <String HEIGHT="51" WIDTH="92" VPOS="653" HPOS="838" CONTENT="qui"/>
                  <SP HEIGHT="51" WIDTH="13" VPOS="653" HPOS="930"/>
                  <String HEIGHT="51" WIDTH="92" VPOS="653" HPOS="891" CONTENT="est"/>
                  <SP HEIGHT="51" WIDTH="13" VPOS="653" HPOS="983"/>
                  <String HEIGHT="51" WIDTH="66" VPOS="653" HPOS="944" CONTENT="a"/>
                  <SP HEIGHT="51" WIDTH="13" VPOS="653" HPOS="1010"/>
                  <String HEIGHT="51"
                          WIDTH="158"
                          VPOS="653"
                          HPOS="970"
                          CONTENT="sanitate"/>
                  <SP HEIGHT="51" WIDTH="13" VPOS="653" HPOS="1128"/>
                  <String HEIGHT="51" WIDTH="79" VPOS="653" HPOS="1089" CONTENT="ad"/>
                  <SP HEIGHT="51" WIDTH="13" VPOS="653" HPOS="1168"/>
                  <String HEIGHT="51"
                          WIDTH="132"
                          VPOS="653"
                          HPOS="1115"
                          CONTENT="aegritu"
                          SUBS_TYPE="HypPart1"
                          SUBS_CONTENT="aegritudinem"/>
                  <HYP CONTENT="-"/>
               </TextLine>
               <TextLine ID="r3l31"
                         BASELINE="742"
                         HEIGHT="51"
                         WIDTH="494"
                         VPOS="691"
                         HPOS="757">
                  <String HEIGHT="51"
                          WIDTH="131"
                          VPOS="691"
                          HPOS="742"
                          CONTENT="dinem"
                          SUBS_TYPE="HypPart2"
                          SUBS_CONTENT="aegritudinem"/>
                  <SP HEIGHT="51" WIDTH="15" VPOS="691" HPOS="873"/>
                  <String HEIGHT="51"
                          WIDTH="160"
                          VPOS="691"
                          HPOS="830"
                          CONTENT="dicitur"/>
                  <SP HEIGHT="51" WIDTH="15" VPOS="691" HPOS="989"/>
                  <String HEIGHT="51"
                          WIDTH="203"
                          VPOS="691"
                          HPOS="946"
                          CONTENT="aegrotatio"/>
                  <SP HEIGHT="51" WIDTH="15" VPOS="691" HPOS="1149"/>
                  <String HEIGHT="51"
                          WIDTH="102"
                          VPOS="691"
                          HPOS="1106"
                          CONTENT="non"/>
                  <SP HEIGHT="51" WIDTH="15" VPOS="691" HPOS="1207"/>
                  <String HEIGHT="51"
                          WIDTH="102"
                          VPOS="691"
                          HPOS="1149"
                          CONTENT="sana"
                          SUBS_TYPE="HypPart1"
                          SUBS_CONTENT="sanatio."/>
                  <HYP CONTENT="-"/>
               </TextLine>
               <TextLine ID="r3l33"
                         BASELINE="770"
                         HEIGHT="42"
                         WIDTH="498"
                         VPOS="728"
                         HPOS="759">
                  <String HEIGHT="42"
                          WIDTH="114"
                          VPOS="728"
                          HPOS="745"
                          CONTENT="tio."
                          SUBS_TYPE="HypPart2"
                          SUBS_CONTENT="sanatio."/>
                  <SP HEIGHT="42" WIDTH="14" VPOS="728" HPOS="859"/>
                  <String HEIGHT="42" WIDTH="71" VPOS="728" HPOS="816" CONTENT="&amp;"/>
                  <SP HEIGHT="42" WIDTH="14" VPOS="728" HPOS="887"/>
                  <String HEIGHT="42" WIDTH="85" VPOS="728" HPOS="844" CONTENT="si"/>
                  <SP HEIGHT="42" WIDTH="14" VPOS="728" HPOS="930"/>
                  <String HEIGHT="42"
                          WIDTH="242"
                          VPOS="728"
                          HPOS="887"
                          CONTENT="vniuscuinsque"/>
                  <SP HEIGHT="42" WIDTH="14" VPOS="728" HPOS="1129"/>
                  <String HEIGHT="42"
                          WIDTH="100"
                          VPOS="728"
                          HPOS="1086"
                          CONTENT="rei"/>
                  <SP HEIGHT="42" WIDTH="14" VPOS="728" HPOS="1186"/>
                  <String HEIGHT="42"
                          WIDTH="128"
                          VPOS="728"
                          HPOS="1129"
                          CONTENT="mobilis"/>
               </TextLine>
               <TextLine ID="r3l35"
                         BASELINE="811"
                         HEIGHT="41"
                         WIDTH="492"
                         VPOS="770"
                         HPOS="758">
                  <String HEIGHT="41"
                          WIDTH="148"
                          VPOS="770"
                          HPOS="742"
                          CONTENT="motus"/>
                  <SP HEIGHT="41" WIDTH="16" VPOS="770" HPOS="889"/>
                  <String HEIGHT="41"
                          WIDTH="230"
                          VPOS="770"
                          HPOS="840"
                          CONTENT="nuncupatur"/>
                  <SP HEIGHT="41" WIDTH="16" VPOS="770" HPOS="1070"/>
                  <String HEIGHT="41" WIDTH="82" VPOS="770" HPOS="1020" CONTENT="&amp;"/>
                  <SP HEIGHT="41" WIDTH="16" VPOS="770" HPOS="1102"/>
                  <String HEIGHT="41"
                          WIDTH="213"
                          VPOS="770"
                          HPOS="1037"
                          CONTENT="denominatur"/>
               </TextLine>
               <TextLine ID="r3l37"
                         BASELINE="850"
                         HEIGHT="38"
                         WIDTH="490"
                         VPOS="812"
                         HPOS="765">
                  <String HEIGHT="38" WIDTH="72" VPOS="812" HPOS="751" CONTENT="a"/>
                  <SP HEIGHT="38" WIDTH="14" VPOS="812" HPOS="823"/>
                  <String HEIGHT="38"
                          WIDTH="144"
                          VPOS="812"
                          HPOS="779"
                          CONTENT="nomine"/>
                  <SP HEIGHT="38" WIDTH="14" VPOS="812" HPOS="924"/>
                  <String HEIGHT="38"
                          WIDTH="115"
                          VPOS="812"
                          HPOS="880"
                          CONTENT="rei,"/>
                  <SP HEIGHT="38" WIDTH="14" VPOS="812" HPOS="996"/>
                  <String HEIGHT="38" WIDTH="86" VPOS="812" HPOS="952" CONTENT="ad"/>
                  <SP HEIGHT="38" WIDTH="14" VPOS="812" HPOS="1039"/>
                  <String HEIGHT="38"
                          WIDTH="115"
                          VPOS="812"
                          HPOS="996"
                          CONTENT="quam"/>
                  <SP HEIGHT="38" WIDTH="14" VPOS="812" HPOS="1111"/>
                  <String HEIGHT="38"
                          WIDTH="115"
                          VPOS="812"
                          HPOS="1068"
                          CONTENT="sit:"/>
                  <SP HEIGHT="38" WIDTH="14" VPOS="812" HPOS="1183"/>
                  <String HEIGHT="38"
                          WIDTH="115"
                          VPOS="812"
                          HPOS="1140"
                          CONTENT="ergo"/>
                  <SP HEIGHT="38" WIDTH="14" VPOS="812" HPOS="1255"/>
                  <String HEIGHT="38" WIDTH="58" VPOS="812" HPOS="1197" CONTENT="ma"/>
               </TextLine>
               <TextLine ID="r3l40"
                         BASELINE="898"
                         HEIGHT="51"
                         WIDTH="496"
                         VPOS="847"
                         HPOS="758">
                  <String HEIGHT="51"
                          WIDTH="180"
                          VPOS="847"
                          HPOS="743"
                          CONTENT="nifestum"/>
                  <SP HEIGHT="51" WIDTH="15" VPOS="847" HPOS="923"/>
                  <String HEIGHT="51" WIDTH="105" VPOS="847" HPOS="878" CONTENT="est"/>
                  <SP HEIGHT="51" WIDTH="15" VPOS="847" HPOS="983"/>
                  <String HEIGHT="51"
                          WIDTH="120"
                          VPOS="847"
                          HPOS="938"
                          CONTENT="quod"/>
                  <SP HEIGHT="51" WIDTH="15" VPOS="847" HPOS="1059"/>
                  <String HEIGHT="51"
                          WIDTH="135"
                          VPOS="847"
                          HPOS="1014"
                          CONTENT="motus"/>
                  <SP HEIGHT="51" WIDTH="15" VPOS="847" HPOS="1149"/>
                  <String HEIGHT="51"
                          WIDTH="165"
                          VPOS="847"
                          HPOS="1089"
                          CONTENT="simplici"
                          SUBS_TYPE="HypPart1"
                          SUBS_CONTENT="simpliciter"/>
                  <HYP CONTENT="-"/>
               </TextLine>
               <TextLine ID="r3l42"
                         BASELINE="936"
                         HEIGHT="51"
                         WIDTH="490"
                         VPOS="885"
                         HPOS="765">
                  <String HEIGHT="51"
                          WIDTH="98"
                          VPOS="885"
                          HPOS="751"
                          CONTENT="ter"
                          SUBS_TYPE="HypPart2"
                          SUBS_CONTENT="simpliciter"/>
                  <SP HEIGHT="51" WIDTH="14" VPOS="885" HPOS="849"/>
                  <String HEIGHT="51"
                          WIDTH="196"
                          VPOS="885"
                          HPOS="807"
                          CONTENT="appellatur"/>
                  <SP HEIGHT="51" WIDTH="14" VPOS="885" HPOS="1003"/>
                  <String HEIGHT="51"
                          WIDTH="140"
                          VPOS="885"
                          HPOS="961"
                          CONTENT="natura"/>
                  <SP HEIGHT="51" WIDTH="14" VPOS="885" HPOS="1101"/>
                  <String HEIGHT="51"
                          WIDTH="140"
                          VPOS="885"
                          HPOS="1059"
                          CONTENT="nomine"/>
                  <SP HEIGHT="51" WIDTH="14" VPOS="885" HPOS="1199"/>
                  <String HEIGHT="51"
                          WIDTH="112"
                          VPOS="885"
                          HPOS="1143"
                          CONTENT="finis,"/>
               </TextLine>
               <TextLine ID="r3l44"
                         BASELINE="976"
                         HEIGHT="54"
                         WIDTH="496"
                         VPOS="922"
                         HPOS="758">
                  <String HEIGHT="54" WIDTH="90" VPOS="922" HPOS="743" CONTENT="ad"/>
                  <SP HEIGHT="54" WIDTH="15" VPOS="922" HPOS="833"/>
                  <String HEIGHT="54"
                          WIDTH="120"
                          VPOS="922"
                          HPOS="788"
                          CONTENT="quem"/>
                  <SP HEIGHT="54" WIDTH="15" VPOS="922" HPOS="908"/>
                  <String HEIGHT="54"
                          WIDTH="271"
                          VPOS="922"
                          HPOS="863"
                          CONTENT="proficiscitur,"/>
                  <SP HEIGHT="54" WIDTH="15" VPOS="922" HPOS="1134"/>
                  <String HEIGHT="54"
                          WIDTH="105"
                          VPOS="922"
                          HPOS="1089"
                          CONTENT="qui"/>
                  <SP HEIGHT="54" WIDTH="15" VPOS="922" HPOS="1194"/>
                  <String HEIGHT="54"
                          WIDTH="120"
                          VPOS="922"
                          HPOS="1134"
                          CONTENT="quidem"/>
               </TextLine>
               <TextLine ID="r3l46"
                         BASELINE="1002"
                         HEIGHT="42"
                         WIDTH="492"
                         VPOS="960"
                         HPOS="759">
                  <String HEIGHT="42" WIDTH="104" VPOS="960" HPOS="744" CONTENT="est"/>
                  <SP HEIGHT="42" WIDTH="15" VPOS="960" HPOS="848"/>
                  <String HEIGHT="42"
                          WIDTH="119"
                          VPOS="960"
                          HPOS="804"
                          CONTENT="ipsa"/>
                  <SP HEIGHT="42" WIDTH="15" VPOS="960" HPOS="923"/>
                  <String HEIGHT="42"
                          WIDTH="149"
                          VPOS="960"
                          HPOS="878"
                          CONTENT="forma."/>
                  <SP HEIGHT="42" WIDTH="15" VPOS="960" HPOS="1027"/>
                  <String HEIGHT="42" WIDTH="89" VPOS="960" HPOS="983" CONTENT="&amp;,"/>
                  <SP HEIGHT="42" WIDTH="15" VPOS="960" HPOS="1072"/>
                  <String HEIGHT="42"
                          WIDTH="104"
                          VPOS="960"
                          HPOS="1027"
                          CONTENT="cum"/>
                  <SP HEIGHT="42" WIDTH="15" VPOS="960" HPOS="1132"/>
                  <String HEIGHT="42"
                          WIDTH="134"
                          VPOS="960"
                          HPOS="1087"
                          CONTENT="motus"/>
                  <SP HEIGHT="42" WIDTH="15" VPOS="960" HPOS="1221"/>
                  <String HEIGHT="42"
                          WIDTH="89"
                          VPOS="960"
                          HPOS="1162"
                          CONTENT="con"
                          SUBS_TYPE="HypPart1"
                          SUBS_CONTENT="constet"/>
                  <HYP CONTENT="-"/>
               </TextLine>
               <TextLine ID="r3l48"
                         BASELINE="1045"
                         HEIGHT="45"
                         WIDTH="490"
                         VPOS="1000"
                         HPOS="765">
                  <String HEIGHT="45"
                          WIDTH="101"
                          VPOS="1000"
                          HPOS="752"
                          CONTENT="stet"
                          SUBS_TYPE="HypPart2"
                          SUBS_CONTENT="constet"/>
                  <SP HEIGHT="45" WIDTH="13" VPOS="1000" HPOS="853"/>
                  <String HEIGHT="45" WIDTH="75" VPOS="1000" HPOS="815" CONTENT="ex"/>
                  <SP HEIGHT="45" WIDTH="13" VPOS="1000" HPOS="891"/>
                  <String HEIGHT="45"
                          WIDTH="151"
                          VPOS="1000"
                          HPOS="853"
                          CONTENT="materia,"/>
                  <SP HEIGHT="45" WIDTH="13" VPOS="1000" HPOS="1004"/>
                  <String HEIGHT="45" WIDTH="63" VPOS="1000" HPOS="966" CONTENT="&amp;"/>
                  <SP HEIGHT="45" WIDTH="13" VPOS="1000" HPOS="1029"/>
                  <String HEIGHT="45"
                          WIDTH="126"
                          VPOS="1000"
                          HPOS="991"
                          CONTENT="forma,"/>
                  <SP HEIGHT="45" WIDTH="13" VPOS="1000" HPOS="1117"/>
                  <String HEIGHT="45"
                          WIDTH="88"
                          VPOS="1000"
                          HPOS="1079"
                          CONTENT="hoc"/>
                  <SP HEIGHT="45" WIDTH="13" VPOS="1000" HPOS="1167"/>
                  <String HEIGHT="45"
                          WIDTH="88"
                          VPOS="1000"
                          HPOS="1129"
                          CONTENT="est"/>
                  <SP HEIGHT="45" WIDTH="13" VPOS="1000" HPOS="1217"/>
                  <String HEIGHT="45"
                          WIDTH="101"
                          VPOS="1000"
                          HPOS="1180"
                          CONTENT="quod"/>
                  <SP HEIGHT="45" WIDTH="13" VPOS="1000" HPOS="1280"/>
                  <String HEIGHT="45" WIDTH="25" VPOS="1000" HPOS="1230" CONTENT=""/>
               </TextLine>
               <TextLine ID="r3l51"
                         BASELINE="1090"
                         HEIGHT="54"
                         WIDTH="490"
                         VPOS="1036"
                         HPOS="761">
                  <String HEIGHT="54" WIDTH="77" VPOS="1036" HPOS="748" CONTENT="in"/>
                  <SP HEIGHT="54" WIDTH="13" VPOS="1036" HPOS="825"/>
                  <String HEIGHT="54" WIDTH="77" VPOS="1036" HPOS="787" CONTENT="eo"/>
                  <SP HEIGHT="54" WIDTH="13" VPOS="1036" HPOS="864"/>
                  <String HEIGHT="54"
                          WIDTH="142"
                          VPOS="1036"
                          HPOS="825"
                          CONTENT="existit"/>
                  <SP HEIGHT="54" WIDTH="13" VPOS="1036" HPOS="967"/>
                  <String HEIGHT="54"
                          WIDTH="116"
                          VPOS="1036"
                          HPOS="929"
                          CONTENT="pars,"/>
                  <SP HEIGHT="54" WIDTH="13" VPOS="1036" HPOS="1045"/>
                  <String HEIGHT="54" WIDTH="64" VPOS="1036" HPOS="1006" CONTENT="a"/>
                  <SP HEIGHT="54" WIDTH="13" VPOS="1036" HPOS="1070"/>
                  <String HEIGHT="54"
                          WIDTH="103"
                          VPOS="1036"
                          HPOS="1032"
                          CONTENT="quo,"/>
                  <SP HEIGHT="54" WIDTH="13" VPOS="1036" HPOS="1135"/>
                  <String HEIGHT="54"
                          WIDTH="168"
                          VPOS="1036"
                          HPOS="1083"
                          CONTENT="appellatur,"/>
               </TextLine>
               <TextLine ID="r3l53"
                         BASELINE="1126"
                         HEIGHT="50"
                         WIDTH="486"
                         VPOS="1076"
                         HPOS="769">
                  <String HEIGHT="50"
                          WIDTH="118"
                          VPOS="1076"
                          HPOS="756"
                          CONTENT="anmen"/>
                  <SP HEIGHT="50" WIDTH="13" VPOS="1076" HPOS="874"/>
                  <String HEIGHT="50"
                          WIDTH="131"
                          VPOS="1076"
                          HPOS="835"
                          CONTENT="natura"/>
                  <SP HEIGHT="50" WIDTH="13" VPOS="1076" HPOS="966"/>
                  <String HEIGHT="50" WIDTH="79" VPOS="1076" HPOS="927" CONTENT="ab"/>
                  <SP HEIGHT="50" WIDTH="13" VPOS="1076" HPOS="1005"/>
                  <String HEIGHT="50" WIDTH="92" VPOS="1076" HPOS="966" CONTENT="eo,"/>
                  <SP HEIGHT="50" WIDTH="13" VPOS="1076" HPOS="1058"/>
                  <String HEIGHT="50"
                          WIDTH="105"
                          VPOS="1076"
                          HPOS="1019"
                          CONTENT="quod"/>
                  <SP HEIGHT="50" WIDTH="13" VPOS="1076" HPOS="1124"/>
                  <String HEIGHT="50"
                          WIDTH="118"
                          VPOS="1076"
                          HPOS="1084"
                          CONTENT="habet"/>
                  <SP HEIGHT="50" WIDTH="13" VPOS="1076" HPOS="1202"/>
                  <String HEIGHT="50" WIDTH="79" VPOS="1076" HPOS="1163" CONTENT="ab"/>
                  <SP HEIGHT="50" WIDTH="13" VPOS="1076" HPOS="1242"/>
                  <String HEIGHT="50"
                          WIDTH="66"
                          VPOS="1076"
                          HPOS="1189"
                          CONTENT="ip"
                          SUBS_TYPE="HypPart1"
                          SUBS_CONTENT="ipsa"/>
                  <HYP CONTENT="-"/>
               </TextLine>
               <TextLine ID="r3l56"
                         BASELINE="1167"
                         HEIGHT="50"
                         WIDTH="500"
                         VPOS="1117"
                         HPOS="761">
                  <String HEIGHT="50"
                          WIDTH="83"
                          VPOS="1117"
                          HPOS="747"
                          CONTENT="sa"
                          SUBS_TYPE="HypPart2"
                          SUBS_CONTENT="ipsa"/>
                  <SP HEIGHT="50" WIDTH="14" VPOS="1117" HPOS="830"/>
                  <String HEIGHT="50"
                          WIDTH="139"
                          VPOS="1117"
                          HPOS="789"
                          CONTENT="forma,"/>
                  <SP HEIGHT="50" WIDTH="14" VPOS="1117" HPOS="928"/>
                  <String HEIGHT="50" WIDTH="97" VPOS="1117" HPOS="886" CONTENT="non"/>
                  <SP HEIGHT="50" WIDTH="14" VPOS="1117" HPOS="983"/>
                  <String HEIGHT="50" WIDTH="69" VPOS="1117" HPOS="942" CONTENT="a"/>
                  <SP HEIGHT="50" WIDTH="14" VPOS="1117" HPOS="1011"/>
                  <String HEIGHT="50"
                          WIDTH="167"
                          VPOS="1117"
                          HPOS="969"
                          CONTENT="materia."/>
                  <SP HEIGHT="50" WIDTH="14" VPOS="1117" HPOS="1136"/>
                  <String HEIGHT="50"
                          WIDTH="139"
                          VPOS="1117"
                          HPOS="1094"
                          CONTENT="Igitur"/>
                  <SP HEIGHT="50" WIDTH="14" VPOS="1117" HPOS="1233"/>
                  <String HEIGHT="50"
                          WIDTH="83"
                          VPOS="1117"
                          HPOS="1178"
                          CONTENT="plus"/>
               </TextLine>
               <TextLine ID="r3l59"
                         BASELINE="1207"
                         HEIGHT="53"
                         WIDTH="492"
                         VPOS="1154"
                         HPOS="758">
                  <String HEIGHT="53"
                          WIDTH="174"
                          VPOS="1154"
                          HPOS="744"
                          CONTENT="conuenit"/>
                  <SP HEIGHT="53" WIDTH="14" VPOS="1154" HPOS="917"/>
                  <String HEIGHT="53"
                          WIDTH="188"
                          VPOS="1154"
                          HPOS="874"
                          CONTENT="huiusmodi"/>
                  <SP HEIGHT="53" WIDTH="14" VPOS="1154" HPOS="1062"/>
                  <String HEIGHT="53"
                          WIDTH="130"
                          VPOS="1154"
                          HPOS="1018"
                          CONTENT="nomen"/>
                  <SP HEIGHT="53" WIDTH="14" VPOS="1154" HPOS="1149"/>
                  <String HEIGHT="53"
                          WIDTH="116"
                          VPOS="1154"
                          HPOS="1105"
                          CONTENT="ipsi"/>
                  <SP HEIGHT="53" WIDTH="14" VPOS="1154" HPOS="1221"/>
                  <String HEIGHT="53"
                          WIDTH="87"
                          VPOS="1154"
                          HPOS="1163"
                          CONTENT="for"
                          SUBS_TYPE="HypPart1"
                          SUBS_CONTENT="formae"/>
                  <HYP CONTENT="-"/>
               </TextLine>
               <TextLine ID="r3l61"
                         BASELINE="1250"
                         HEIGHT="54"
                         WIDTH="264"
                         VPOS="1196"
                         HPOS="759">
                  <String HEIGHT="54"
                          WIDTH="103"
                          VPOS="1196"
                          HPOS="744"
                          CONTENT="mae"
                          SUBS_TYPE="HypPart2"
                          SUBS_CONTENT="formae"/>
                  <SP HEIGHT="54" WIDTH="15" VPOS="1196" HPOS="847"/>
                  <String HEIGHT="54"
                          WIDTH="117"
                          VPOS="1196"
                          HPOS="803"
                          CONTENT="quam"/>
                  <SP HEIGHT="54" WIDTH="15" VPOS="1196" HPOS="920"/>
                  <String HEIGHT="54"
                          WIDTH="161"
                          VPOS="1196"
                          HPOS="862"
                          CONTENT="materiae."/>
               </TextLine>
               <TextLine ID="r3l64"
                         BASELINE="1315"
                         HEIGHT="47"
                         WIDTH="390"
                         VPOS="1268"
                         HPOS="809">
                  <String HEIGHT="47"
                          WIDTH="165"
                          VPOS="1268"
                          HPOS="794"
                          CONTENT="Secunda"/>
                  <SP HEIGHT="47" WIDTH="15" VPOS="1268" HPOS="959"/>
                  <String HEIGHT="47"
                          WIDTH="165"
                          VPOS="1268"
                          HPOS="914"
                          CONTENT="Summula"/>
                  <SP HEIGHT="47" WIDTH="15" VPOS="1268" HPOS="1079"/>
                  <String HEIGHT="47"
                          WIDTH="120"
                          VPOS="1268"
                          HPOS="1034"
                          CONTENT="Tria"/>
                  <SP HEIGHT="47" WIDTH="15" VPOS="1268" HPOS="1154"/>
                  <String HEIGHT="47"
                          WIDTH="105"
                          VPOS="1268"
                          HPOS="1094"
                          CONTENT="habet"/>
               </TextLine>
               <TextLine ID="r3l66"
                         BASELINE="1363"
                         HEIGHT="47"
                         WIDTH="106"
                         VPOS="1316"
                         HPOS="950">
                  <String HEIGHT="47"
                          WIDTH="136"
                          VPOS="1316"
                          HPOS="920"
                          CONTENT="Capita."/>
               </TextLine>
               <TextLine ID="r3l68"
                         BASELINE="1426"
                         HEIGHT="37"
                         WIDTH="496"
                         VPOS="1389"
                         HPOS="761">
                  <String HEIGHT="37" WIDTH="68" VPOS="1389" HPOS="750" CONTENT="In"/>
                  <SP HEIGHT="37" WIDTH="11" VPOS="1389" HPOS="817"/>
                  <String HEIGHT="37"
                          WIDTH="101"
                          VPOS="1389"
                          HPOS="784"
                          CONTENT="Primo"/>
                  <SP HEIGHT="37" WIDTH="11" VPOS="1389" HPOS="885"/>
                  <String HEIGHT="37"
                          WIDTH="124"
                          VPOS="1389"
                          HPOS="851"
                          CONTENT="habetur"/>
                  <SP HEIGHT="37" WIDTH="11" VPOS="1389" HPOS="975"/>
                  <String HEIGHT="37"
                          WIDTH="180"
                          VPOS="1389"
                          HPOS="941"
                          CONTENT="lifferentia,"/>
                  <SP HEIGHT="37" WIDTH="11" VPOS="1389" HPOS="1122"/>
                  <String HEIGHT="37"
                          WIDTH="90"
                          VPOS="1389"
                          HPOS="1088"
                          CONTENT="quae"/>
                  <SP HEIGHT="37" WIDTH="11" VPOS="1389" HPOS="1178"/>
                  <String HEIGHT="37"
                          WIDTH="79"
                          VPOS="1389"
                          HPOS="1144"
                          CONTENT="est"/>
                  <SP HEIGHT="37" WIDTH="11" VPOS="1389" HPOS="1223"/>
                  <String HEIGHT="37"
                          WIDTH="79"
                          VPOS="1389"
                          HPOS="1178"
                          CONTENT="inter"/>
               </TextLine>
               <TextLine ID="r3l70"
                         BASELINE="1458"
                         HEIGHT="35"
                         WIDTH="485"
                         VPOS="1423"
                         HPOS="775">
                  <String HEIGHT="35"
                          WIDTH="271"
                          VPOS="1423"
                          HPOS="761"
                          CONTENT="contemplationem"/>
                  <SP HEIGHT="35" WIDTH="14" VPOS="1423" HPOS="1032"/>
                  <String HEIGHT="35"
                          WIDTH="157"
                          VPOS="1423"
                          HPOS="989"
                          CONTENT="Physici"/>
                  <SP HEIGHT="35" WIDTH="14" VPOS="1423" HPOS="1146"/>
                  <String HEIGHT="35" WIDTH="71" VPOS="1423" HPOS="1103" CONTENT="&amp;"/>
                  <SP HEIGHT="35" WIDTH="14" VPOS="1423" HPOS="1174"/>
                  <String HEIGHT="35"
                          WIDTH="143"
                          VPOS="1423"
                          HPOS="1117"
                          CONTENT="Mathema"
                          SUBS_TYPE="HypPart1"
                          SUBS_CONTENT="Mathematici"/>
                  <HYP CONTENT="-"/>
               </TextLine>
               <TextLine ID="r3l72"
                         BASELINE="1490"
                         HEIGHT="36"
                         WIDTH="202"
                         VPOS="1454"
                         HPOS="771">
                  <String HEIGHT="36"
                          WIDTH="95"
                          VPOS="1454"
                          HPOS="759"
                          CONTENT="tici"
                          SUBS_TYPE="HypPart2"
                          SUBS_CONTENT="Mathematici"/>
                  <SP HEIGHT="36" WIDTH="12" VPOS="1454" HPOS="854"/>
                  <String HEIGHT="36" WIDTH="71" VPOS="1454" HPOS="819" CONTENT="de"/>
                  <SP HEIGHT="36" WIDTH="12" VPOS="1454" HPOS="890"/>
                  <String HEIGHT="36"
                          WIDTH="107"
                          VPOS="1454"
                          HPOS="854"
                          CONTENT="eadem"/>
                  <SP HEIGHT="36" WIDTH="12" VPOS="1454" HPOS="961"/>
                  <String HEIGHT="36"
                          WIDTH="59"
                          VPOS="1454"
                          HPOS="914"
                          CONTENT="re"
                          SUBS_TYPE="HypPart1"
                          SUBS_CONTENT="reIn"/>
                  <HYP CONTENT="-"/>
               </TextLine>
               <TextLine ID="r3l74"
                         BASELINE="1522"
                         HEIGHT="38"
                         WIDTH="502"
                         VPOS="1484"
                         HPOS="761">
                  <String HEIGHT="38"
                          WIDTH="70"
                          VPOS="1484"
                          HPOS="749"
                          CONTENT="In"
                          SUBS_TYPE="HypPart2"
                          SUBS_CONTENT="reIn"/>
                  <SP HEIGHT="38" WIDTH="12" VPOS="1484" HPOS="819"/>
                  <String HEIGHT="38"
                          WIDTH="128"
                          VPOS="1484"
                          HPOS="784"
                          CONTENT="Secundo"/>
                  <SP HEIGHT="38" WIDTH="12" VPOS="1484" HPOS="913"/>
                  <String HEIGHT="38"
                          WIDTH="163"
                          VPOS="1484"
                          HPOS="878"
                          CONTENT="ostendetur"/>
                  <SP HEIGHT="38" WIDTH="12" VPOS="1484" HPOS="1041"/>
                  <String HEIGHT="38"
                          WIDTH="93"
                          VPOS="1484"
                          HPOS="1006"
                          CONTENT="quod"/>
                  <SP HEIGHT="38" WIDTH="12" VPOS="1484" HPOS="1100"/>
                  <String HEIGHT="38"
                          WIDTH="82"
                          VPOS="1484"
                          HPOS="1065"
                          CONTENT="non"/>
                  <SP HEIGHT="38" WIDTH="12" VPOS="1484" HPOS="1146"/>
                  <String HEIGHT="38"
                          WIDTH="140"
                          VPOS="1484"
                          HPOS="1111"
                          CONTENT="sequitur"/>
                  <SP HEIGHT="38" WIDTH="12" VPOS="1484" HPOS="1251"/>
                  <String HEIGHT="38"
                          WIDTH="58"
                          VPOS="1484"
                          HPOS="1205"
                          CONTENT="com"/>
               </TextLine>
               <TextLine ID="r3l76"
                         BASELINE="1554"
                         HEIGHT="34"
                         WIDTH="485"
                         VPOS="1520"
                         HPOS="775">
                  <String HEIGHT="34" WIDTH="92" VPOS="1520" HPOS="762" CONTENT="tra"/>
                  <SP HEIGHT="34" WIDTH="13" VPOS="1520" HPOS="854"/>
                  <String HEIGHT="34"
                          WIDTH="210"
                          VPOS="1520"
                          HPOS="814"
                          CONTENT="Mathematicos"/>
                  <SP HEIGHT="34" WIDTH="13" VPOS="1520" HPOS="1024"/>
                  <String HEIGHT="34"
                          WIDTH="223"
                          VPOS="1520"
                          HPOS="985"
                          CONTENT="consyderantes"/>
                  <SP HEIGHT="34" WIDTH="13" VPOS="1520" HPOS="1208"/>
                  <String HEIGHT="34"
                          WIDTH="105"
                          VPOS="1520"
                          HPOS="1155"
                          CONTENT="formam"/>
               </TextLine>
               <TextLine ID="r3l77"
                         BASELINE="1582"
                         HEIGHT="34"
                         WIDTH="485"
                         VPOS="1548"
                         HPOS="774">
                  <String HEIGHT="34"
                          WIDTH="136"
                          VPOS="1548"
                          HPOS="759"
                          CONTENT="rerum"/>
                  <SP HEIGHT="34" WIDTH="15" VPOS="1548" HPOS="895"/>
                  <String HEIGHT="34"
                          WIDTH="273"
                          VPOS="1548"
                          HPOS="850"
                          CONTENT="mathematicarum"/>
                  <SP HEIGHT="34" WIDTH="15" VPOS="1548" HPOS="1123"/>
                  <String HEIGHT="34"
                          WIDTH="197"
                          VPOS="1548"
                          HPOS="1062"
                          CONTENT="denudatatum"/>
               </TextLine>
               <TextLine ID="r3l79"
                         BASELINE="1621"
                         HEIGHT="39"
                         WIDTH="478"
                         VPOS="1582"
                         HPOS="777">
                  <String HEIGHT="39" WIDTH="60" VPOS="1582" HPOS="765" CONTENT="a"/>
                  <SP HEIGHT="39" WIDTH="12" VPOS="1582" HPOS="825"/>
                  <String HEIGHT="39"
                          WIDTH="131"
                          VPOS="1582"
                          HPOS="789"
                          CONTENT="materia"/>
                  <SP HEIGHT="39" WIDTH="12" VPOS="1582" HPOS="920"/>
                  <String HEIGHT="39"
                          WIDTH="108"
                          VPOS="1582"
                          HPOS="885"
                          CONTENT="illud"/>
                  <SP HEIGHT="39" WIDTH="12" VPOS="1582" HPOS="992"/>
                  <String HEIGHT="39"
                          WIDTH="203"
                          VPOS="1582"
                          HPOS="956"
                          CONTENT="inconueniens,"/>
                  <SP HEIGHT="39" WIDTH="12" VPOS="1582" HPOS="1159"/>
                  <String HEIGHT="39"
                          WIDTH="96"
                          VPOS="1582"
                          HPOS="1124"
                          CONTENT="quod"/>
                  <SP HEIGHT="39" WIDTH="12" VPOS="1582" HPOS="1219"/>
                  <String HEIGHT="39"
                          WIDTH="84"
                          VPOS="1582"
                          HPOS="1171"
                          CONTENT="sequi"/>
               </TextLine>
               <TextLine ID="r3l81"
                         BASELINE="1642"
                         HEIGHT="29"
                         WIDTH="485"
                         VPOS="1613"
                         HPOS="774">
                  <String HEIGHT="29" WIDTH="89" VPOS="1613" HPOS="761" CONTENT="tur"/>
                  <SP HEIGHT="29" WIDTH="13" VPOS="1613" HPOS="851"/>
                  <String HEIGHT="29"
                          WIDTH="128"
                          VPOS="1613"
                          HPOS="812"
                          CONTENT="contra"/>
                  <SP HEIGHT="29" WIDTH="13" VPOS="1613" HPOS="940"/>
                  <String HEIGHT="29"
                          WIDTH="217"
                          VPOS="1613"
                          HPOS="902"
                          CONTENT="contemplantes"/>
                  <SP HEIGHT="29" WIDTH="13" VPOS="1613" HPOS="1119"/>
                  <String HEIGHT="29"
                          WIDTH="128"
                          VPOS="1613"
                          HPOS="1080"
                          CONTENT="formas"/>
                  <SP HEIGHT="29" WIDTH="13" VPOS="1613" HPOS="1208"/>
                  <String HEIGHT="29"
                          WIDTH="102"
                          VPOS="1613"
                          HPOS="1157"
                          CONTENT="natura"/>
               </TextLine>
               <TextLine ID="r3l83"
                         BASELINE="1673"
                         HEIGHT="30"
                         WIDTH="488"
                         VPOS="1643"
                         HPOS="770">
                  <String HEIGHT="30" WIDTH="83" VPOS="1643" HPOS="758" CONTENT="les"/>
                  <SP HEIGHT="30" WIDTH="12" VPOS="1643" HPOS="841"/>
                  <String HEIGHT="30"
                          WIDTH="167"
                          VPOS="1643"
                          HPOS="806"
                          CONTENT="expoliatas"/>
                  <SP HEIGHT="30" WIDTH="12" VPOS="1643" HPOS="972"/>
                  <String HEIGHT="30" WIDTH="60" VPOS="1643" HPOS="937" CONTENT="a"/>
                  <SP HEIGHT="30" WIDTH="12" VPOS="1643" HPOS="996"/>
                  <String HEIGHT="30"
                          WIDTH="143"
                          VPOS="1643"
                          HPOS="960"
                          CONTENT="materia."/>
                  <SP HEIGHT="30" WIDTH="12" VPOS="1643" HPOS="1103"/>
                  <String HEIGHT="30"
                          WIDTH="179"
                          VPOS="1643"
                          HPOS="1068"
                          CONTENT="differentia"/>
                  <SP HEIGHT="30" WIDTH="12" VPOS="1643" HPOS="1246"/>
                  <String HEIGHT="30"
                          WIDTH="60"
                          VPOS="1643"
                          HPOS="1198"
                          CONTENT="au"
                          SUBS_TYPE="HypPart1"
                          SUBS_CONTENT="autem"/>
                  <HYP CONTENT="-"/>
               </TextLine>
               <TextLine ID="r3l85"
                         BASELINE="1706"
                         HEIGHT="34"
                         WIDTH="488"
                         VPOS="1672"
                         HPOS="771">
                  <String HEIGHT="34"
                          WIDTH="81"
                          VPOS="1672"
                          HPOS="759"
                          CONTENT="tem"
                          SUBS_TYPE="HypPart2"
                          SUBS_CONTENT="autem"/>
                  <SP HEIGHT="34" WIDTH="12" VPOS="1672" HPOS="841"/>
                  <String HEIGHT="34"
                          WIDTH="105"
                          VPOS="1672"
                          HPOS="806"
                          CONTENT="inter"/>
                  <SP HEIGHT="34" WIDTH="12" VPOS="1672" HPOS="910"/>
                  <String HEIGHT="34" WIDTH="81" VPOS="1672" HPOS="876" CONTENT="has"/>
                  <SP HEIGHT="34" WIDTH="12" VPOS="1672" HPOS="957"/>
                  <String HEIGHT="34"
                          WIDTH="93"
                          VPOS="1672"
                          HPOS="922"
                          CONTENT="duas"/>
                  <SP HEIGHT="34" WIDTH="12" VPOS="1672" HPOS="1015"/>
                  <String HEIGHT="34"
                          WIDTH="198"
                          VPOS="1672"
                          HPOS="980"
                          CONTENT="abstractiones"/>
                  <SP HEIGHT="34" WIDTH="12" VPOS="1672" HPOS="1178"/>
                  <String HEIGHT="34"
                          WIDTH="81"
                          VPOS="1672"
                          HPOS="1143"
                          CONTENT="est"/>
                  <SP HEIGHT="34" WIDTH="12" VPOS="1672" HPOS="1224"/>
                  <String HEIGHT="34"
                          WIDTH="81"
                          VPOS="1672"
                          HPOS="1178"
                          CONTENT="satis"/>
               </TextLine>
               <TextLine ID="r3l86"
                         BASELINE="1739"
                         HEIGHT="36"
                         WIDTH="127"
                         VPOS="1703"
                         HPOS="775">
                  <String HEIGHT="36"
                          WIDTH="152"
                          VPOS="1703"
                          HPOS="750"
                          CONTENT="manifesta."/>
               </TextLine>
               <TextLine ID="r3l88"
                         BASELINE="1770"
                         HEIGHT="37"
                         WIDTH="498"
                         VPOS="1733"
                         HPOS="763">
                  <String HEIGHT="37" WIDTH="75" VPOS="1733" HPOS="751" CONTENT="In"/>
                  <SP HEIGHT="37" WIDTH="12" VPOS="1733" HPOS="825"/>
                  <String HEIGHT="37"
                          WIDTH="125"
                          VPOS="1733"
                          HPOS="788"
                          CONTENT="Tertio"/>
                  <SP HEIGHT="37" WIDTH="12" VPOS="1733" HPOS="912"/>
                  <String HEIGHT="37"
                          WIDTH="174"
                          VPOS="1733"
                          HPOS="875"
                          CONTENT="probabitur"/>
                  <SP HEIGHT="37" WIDTH="12" VPOS="1733" HPOS="1049"/>
                  <String HEIGHT="37"
                          WIDTH="87"
                          VPOS="1733"
                          HPOS="1012"
                          CONTENT="non"/>
                  <SP HEIGHT="37" WIDTH="12" VPOS="1733" HPOS="1099"/>
                  <String HEIGHT="37"
                          WIDTH="125"
                          VPOS="1733"
                          HPOS="1062"
                          CONTENT="decere"/>
                  <SP HEIGHT="37" WIDTH="12" VPOS="1733" HPOS="1186"/>
                  <String HEIGHT="37"
                          WIDTH="125"
                          VPOS="1733"
                          HPOS="1137"
                          CONTENT="professo"/>
               </TextLine>
               <TextLine ID="r3l90"
                         BASELINE="1801"
                         HEIGHT="29"
                         WIDTH="491"
                         VPOS="1772"
                         HPOS="770">
                  <String HEIGHT="29" WIDTH="88" VPOS="1772" HPOS="757" CONTENT="rem"/>
                  <SP HEIGHT="29" WIDTH="13" VPOS="1772" HPOS="846"/>
                  <String HEIGHT="29"
                          WIDTH="164"
                          VPOS="1772"
                          HPOS="808"
                          CONTENT="naturalis"/>
                  <SP HEIGHT="29" WIDTH="13" VPOS="1772" HPOS="971"/>
                  <String HEIGHT="29"
                          WIDTH="164"
                          VPOS="1772"
                          HPOS="934"
                          CONTENT="scientiae"/>
                  <SP HEIGHT="29" WIDTH="13" VPOS="1772" HPOS="1097"/>
                  <String HEIGHT="29"
                          WIDTH="126"
                          VPOS="1772"
                          HPOS="1060"
                          CONTENT="formam"/>
                  <SP HEIGHT="29" WIDTH="13" VPOS="1772" HPOS="1185"/>
                  <String HEIGHT="29"
                          WIDTH="101"
                          VPOS="1772"
                          HPOS="1148"
                          CONTENT="sine"/>
                  <SP HEIGHT="29" WIDTH="13" VPOS="1772" HPOS="1248"/>
                  <String HEIGHT="29"
                          WIDTH="63"
                          VPOS="1772"
                          HPOS="1198"
                          CONTENT="ma"
                          SUBS_TYPE="HypPart1"
                          SUBS_CONTENT="materia"/>
                  <HYP CONTENT="-"/>
               </TextLine>
               <TextLine ID="r3l92"
                         BASELINE="1834"
                         HEIGHT="30"
                         WIDTH="481"
                         VPOS="1804"
                         HPOS="778">
                  <String HEIGHT="30"
                          WIDTH="101"
                          VPOS="1804"
                          HPOS="767"
                          CONTENT="teria"
                          SUBS_TYPE="HypPart2"
                          SUBS_CONTENT="materia"/>
                  <SP HEIGHT="30" WIDTH="11" VPOS="1804" HPOS="867"/>
                  <String HEIGHT="30"
                          WIDTH="179"
                          VPOS="1804"
                          HPOS="834"
                          CONTENT="contemplari,"/>
                  <SP HEIGHT="30" WIDTH="11" VPOS="1804" HPOS="1013"/>
                  <String HEIGHT="30"
                          WIDTH="101"
                          VPOS="1804"
                          HPOS="979"
                          CONTENT="neque"/>
                  <SP HEIGHT="30" WIDTH="11" VPOS="1804" HPOS="1080"/>
                  <String HEIGHT="30"
                          WIDTH="134"
                          VPOS="1804"
                          HPOS="1046"
                          CONTENT="materiam"/>
                  <SP HEIGHT="30" WIDTH="11" VPOS="1804" HPOS="1181"/>
                  <String HEIGHT="30"
                          WIDTH="89"
                          VPOS="1804"
                          HPOS="1147"
                          CONTENT="sine"/>
                  <SP HEIGHT="30" WIDTH="11" VPOS="1804" HPOS="1237"/>
                  <String HEIGHT="30"
                          WIDTH="67"
                          VPOS="1804"
                          HPOS="1192"
                          CONTENT="for"
                          SUBS_TYPE="HypPart1"
                          SUBS_CONTENT="forma:"/>
                  <HYP CONTENT="-"/>
               </TextLine>
               <TextLine ID="r3l94"
                         BASELINE="1867"
                         HEIGHT="42"
                         WIDTH="489"
                         VPOS="1825"
                         HPOS="770">
                  <String HEIGHT="42"
                          WIDTH="88"
                          VPOS="1825"
                          HPOS="757"
                          CONTENT="ma:"
                          SUBS_TYPE="HypPart2"
                          SUBS_CONTENT="forma:"/>
                  <SP HEIGHT="42" WIDTH="13" VPOS="1825" HPOS="845"/>
                  <String HEIGHT="42"
                          WIDTH="100"
                          VPOS="1825"
                          HPOS="808"
                          CONTENT="immo"/>
                  <SP HEIGHT="42" WIDTH="13" VPOS="1825" HPOS="908"/>
                  <String HEIGHT="42"
                          WIDTH="150"
                          VPOS="1825"
                          HPOS="870"
                          CONTENT="oportere"/>
                  <SP HEIGHT="42" WIDTH="13" VPOS="1825" HPOS="1021"/>
                  <String HEIGHT="42" WIDTH="75" VPOS="1825" HPOS="983" CONTENT="se"/>
                  <SP HEIGHT="42" WIDTH="13" VPOS="1825" HPOS="1058"/>
                  <String HEIGHT="42"
                          WIDTH="150"
                          VPOS="1825"
                          HPOS="1021"
                          CONTENT="vtrunque"/>
                  <SP HEIGHT="42" WIDTH="13" VPOS="1825" HPOS="1171"/>
                  <String HEIGHT="42"
                          WIDTH="113"
                          VPOS="1825"
                          HPOS="1134"
                          CONTENT="simul"/>
                  <SP HEIGHT="42" WIDTH="13" VPOS="1825" HPOS="1246"/>
                  <String HEIGHT="42"
                          WIDTH="63"
                          VPOS="1825"
                          HPOS="1196"
                          CONTENT="com"/>
               </TextLine>
               <TextLine ID="r3l95"
                         BASELINE="1895"
                         HEIGHT="40"
                         WIDTH="483"
                         VPOS="1855"
                         HPOS="776">
                  <String HEIGHT="40"
                          WIDTH="153"
                          VPOS="1855"
                          HPOS="764"
                          CONTENT="syderare,"/>
                  <SP HEIGHT="40" WIDTH="12" VPOS="1855" HPOS="917"/>
                  <String HEIGHT="40" WIDTH="82" VPOS="1855" HPOS="882" CONTENT="sed"/>
                  <SP HEIGHT="40" WIDTH="12" VPOS="1855" HPOS="964"/>
                  <String HEIGHT="40"
                          WIDTH="153"
                          VPOS="1855"
                          HPOS="929"
                          CONTENT="inateriam"/>
                  <SP HEIGHT="40" WIDTH="12" VPOS="1855" HPOS="1082"/>
                  <String HEIGHT="40"
                          WIDTH="141"
                          VPOS="1855"
                          HPOS="1047"
                          CONTENT="quatenus"/>
                  <SP HEIGHT="40" WIDTH="12" VPOS="1855" HPOS="1188"/>
                  <String HEIGHT="40"
                          WIDTH="82"
                          VPOS="1855"
                          HPOS="1153"
                          CONTENT="est"/>
                  <SP HEIGHT="40" WIDTH="12" VPOS="1855" HPOS="1235"/>
                  <String HEIGHT="40"
                          WIDTH="71"
                          VPOS="1855"
                          HPOS="1188"
                          CONTENT="for"/>
               </TextLine>
            </TextBlock>
         </PrintSpace>
      </Page>
   </Layout>
</alto>
