1416 2066
174 179 112 37 prima:
252 179 56 37 &
275 179 90 37 quod
331 179 78 37 non
375 179 101 37 fiunt
443 179 67 37 ex
476 179 168 37 alterutris,
611 179 67 37 ex
633 179 56 37 hoc

174 213 85 38 quod
228 213 85 38 sunt
281 213 149 38 contraria:
398 213 53 38 &
419 213 85 38 quod
472 213 96 38 omnia
536 213 96 38 fiant
600 213 64 38 ex
621 213 64 38 eis.

173 239 87 35 Sed
222 239 162 35 obuiabam,
347 239 100 35 quia
410 239 112 35 forma
484 239 87 35 fit
534 239 75 35 ex
559 239 125 35 materia,

175 272 57 32 &
197 272 138 32 priuatio
301 272 115 32 etiam.
381 272 149 32 Soluitur.
496 272 115 32 litera
564 272 115 32 transla-

172 304 110 34 tionis
249 304 143 34 Arabicae,
359 304 88 34 quam
414 304 99 34 ferem
481 304 99 34 omnes
547 304 110 34 Latini
613 304 66 34 imi-

168 340 120 35 tantur,
255 340 98 35 habet
320 340 87 35 quod
375 340 109 35 Arist.
451 340 76 35 ibi
494 340 109 35 probat
570 340 98 35 prima
625 340 65 35 prin

172 371 88 35 cipia
231 371 78 35 sunt
280 371 137 35 contraria,
387 371 68 35 sed
426 371 137 35 reiveritas
533 371 68 35 est
572 371 78 35 quod
611 371 78 35 probat

168 400 142 34 conuersam
277 400 87 34 quod
332 400 98 34 prima
397 400 142 34 contraria
506 400 87 34 sunt
550 400 131 34 principia.

166 429 59 34 &
190 429 83 34 ita
237 429 118 34 legunt
320 429 118 34 Graeci
402 429 189 34 expositores.
556 429 59 34 &
580 429 95 34 tunc
627 429 59 34 in-

173 460 123 38 stantia
262 460 101 38 nulla
329 460 89 38 est,
385 460 89 38 quia
441 460 123 38 materia
531 460 101 38 nulli
598 460 78 38 est
631 460 56 38 con

175 495 123 35 traria,
264 495 78 35 cum
309 495 78 35 sit
354 495 78 35 ens
398 495 67 35 in
432 495 145 35 potentia,
544 495 78 35 sed
588 495 89 35 bene
633 495 56 35 est

173 523 161 33 subiectum
296 523 210 33 contrariorum:
469 523 86 33 sed
518 523 99 33 vnum
568 523 111 33 contra-

164 557 95 36 rium
224 557 83 36 non
271 557 119 36 potest
354 557 95 36 esse
414 557 154 36 subiectum
533 557 154 36 alterius.
639 557 48 36 Si

162 587 162 39 replicetur
289 587 92 39 quod
347 587 104 39 illae
416 587 104 39 etiam
486 587 92 39 sunt
532 587 150 39 conditiones

161 620 205 40 principiorum,
330 620 60 40 &
354 620 85 40 cum
402 620 133 40 materia
499 620 85 40 sit
535 620 145 40 principium

172 654 113 37 adhuc
248 654 176 37 argumentum
387 654 101 37 stat
450 654 76 37 in
487 654 88 37 suo
538 654 139 37 vigore:
626 654 63 37 Dic

172 684 131 32 negando
268 684 167 32 assumptum,
399 684 95 32 quod
458 684 107 32 forma
530 684 84 32 fit
578 684 72 32 ex
602 684 84 32 mate-

173 718 86 30 ria,
227 718 75 30 sed
270 718 140 30 formatum.
378 718 65 30 7.
410 718 108 30 nieta.
486 718 86 30 tex.
540 718 75 30 com
583 718 75 30 26.
626 718 54 30 &
637 718 43 30 ib

173 743 78 37 dem
217 743 89 37 tex.
273 743 89 37 com.
328 743 78 37 27.
373 743 122 37 necesse
462 743 78 37 est
506 743 100 37 omne,
573 743 89 37 quod
617 743 67 37 fit,

174 780 151 35 diuisibile
293 780 97 35 esse,
358 780 54 35 &
379 780 76 35 hoc
423 780 86 35 esse
477 780 86 35 hoc,
531 780 54 35 &
552 780 76 35 hoc
596 780 86 35 hoc,
639 780 43 35 di

172 812 67 31 co
205 812 101 31 autem
273 812 78 31 hoc
317 812 146 31 materiam,
429 812 101 31 illud
497 812 90 31 vero
553 812 123 31 formam.
631 812 56 31 vn-

174 843 65 32 de
207 843 97 32 ista,
271 843 97 32 forma
336 843 86 32 fit,
389 843 54 32 &
411 843 129 32 priuatio
508 843 75 32 fit
551 843 65 32 ex
572 843 108 32 materia,

163 875 96 31 sunt
223 875 96 31 vere
283 875 84 31 per
331 875 156 31 accidens,
452 875 72 31 de
488 875 120 31 quibus
560 875 120 31 scientia

166 902 83 36 non
213 902 177 36 consyderat,
355 902 83 36 &c.
402 902 95 36 vnde
462 902 95 36 Com.
521 902 83 36 12.
568 902 95 36 met.
615 902 71 36 com.

168 933 79 44 in.
213 933 135 44 scribit.
314 933 157 44 imaginatio
438 933 101 44 super
505 933 157 44 creationes
618 933 67 44 for-

168 972 101 30 marum
235 972 123 30 induxit
325 972 123 30 homine:
414 972 112 30 dicere
493 972 123 30 formas.
582 972 67 30 i.
605 972 78 30 ideas

171 1000 89 34 esse,
230 1000 59 34 et
260 1000 118 34 datorem,
348 1000 79 34 esse
398 1000 128 34 formarum:
496 1000 79 34 quid
545 1000 89 34 dixit
594 1000 89 34 Auicem.

166 1037 120 38 primum
250 1037 108 38 autem
322 1037 96 38 fuit
382 1037 120 38 dictum
467 1037 132 38 propter
551 1037 132 38 Platonem.

195 1063 199 40 Declmaoctaua
356 1063 162 40 contradi.
481 1063 87 40 est
531 1063 75 40 in
568 1063 100 40 com.
618 1063 62 40 A9.

172 1093 71 37 in
208 1093 83 37 quo
255 1093 107 37 dicit
327 1093 95 37 Com.
386 1093 95 37 puod
446 1093 107 37 rarum
517 1093 60 37 &
541 1093 119 37 densum
613 1093 71 37 sunt

164 1132 96 30 minus
228 1132 159 30 vniversalia
356 1132 85 30 quam
409 1132 106 30 magnum
483 1132 53 30 &
504 1132 117 30 paruum,
589 1132 85 30 quia
632 1132 53 30 ra-

164 1158 96 36 rum
219 1158 68 36 &
246 1158 137 36 densum
342 1158 123 36 solum
424 1158 109 36 sunt
493 1158 82 36 in
520 1158 164 36 corporibus

170 1190 192 37 sensibilibus
326 1190 192 37 naturalibus,
483 1190 120 37 magnum
567 1190 120 37 autem,
651 1190 60 37 &

165 1225 140 36 paruum
263 1225 267 36 comprehenduntur
488 1225 84 36 in
516 1225 168 36 corporibus

161 1260 188 36 naturalibus
312 1260 63 36 &
337 1260 213 36 mathematicis.
513 1260 88 36 Sed
563 1260 113 36 huius
626 1260 50 36 op

174 1288 123 35 positum
263 1288 134 35 sequitur
363 1288 67 35 ex
397 1288 89 35 com.
453 1288 78 35 6a.
497 1288 67 35 4.
531 1288 89 35 phy.
587 1288 78 35 vbi
620 1288 67 35 habe

168 1318 79 43 tur
213 1318 90 43 quod
269 1318 124 43 raritas
360 1318 57 43 &
383 1318 136 43 densitas
484 1318 170 43 insequuntur
609 1318 79 43 quan-

169 1357 134 30 titatem.
269 1357 78 30 cum
314 1357 112 30 igitur
392 1357 67 30 in
425 1357 178 30 mathematicis
570 1357 78 30 sit
604 1357 78 30 ratio

170 1383 122 43 quanti,
259 1383 89 43 erit
314 1383 100 43 etiam
381 1383 100 43 ratio
448 1383 122 43 illius,
537 1383 89 43 quod
581 1383 100 43 insepa-

166 1418 165 40 rabiliter
293 1418 63 40 &
318 1418 165 40 immediate
445 1418 190 40 consequitur
585 1418 101 40 quanti

168 1452 115 30 tatem.
249 1452 150 30 Soluitur.
365 1452 104 30 tarum
434 1452 58 30 &
457 1452 115 30 densum
538 1452 69 30 in
572 1452 81 30 via
607 1452 69 30 Auer

181 1478 123 42 andoque
270 1478 134 42 sumuntur
371 1478 78 42 pro
416 1478 179 42 qualitatibus
551 1478 134 42 sensibili-

166 1511 92 35 bus
218 1511 237 35 consequentibus
416 1511 145 35 calidum
521 1511 66 35 &
534 1511 145 35 frigidum.

168 1545 61 33 &
192 1545 85 33 sic
241 1545 110 33 solum
314 1545 183 33 reperiuntur
460 1545 73 33 in
497 1545 171 33 corporibus
619 1545 61 33 na-

167 1575 153 36 turalibus
285 1575 212 36 generabilibus,
461 1575 59 36 &
473 1575 212 36 corruutibilibus,

170 1610 98 34 quod
231 1610 98 34 addo
292 1610 135 34 propter
390 1610 171 34 raritatem,
525 1610 61 34 &
537 1610 147 34 densitatem

166 1637 162 37 existentem
294 1637 69 37 in
328 1637 162 37 corporibus
456 1637 197 37 coelestilius,
618 1637 93 37 quae

166 1669 150 37 aequiuoce
282 1669 138 37 dicitur,
385 1669 69 37 vt
420 1669 115 37 inquit
501 1669 92 37 Com.
558 1669 69 37 2.
593 1669 92 37 cap.
639 1669 46 37 de

166 1701 169 37 substantia
298 1701 120 37 orbis,
383 1701 84 37 cum
431 1701 145 37 raritate
539 1701 60 37 &
551 1701 133 37 dentitate

166 1734 128 42 istorum
259 1734 186 42 materialium.
411 1734 58 42 &
434 1734 81 42 sic
480 1734 140 42 loctitus
585 1734 81 42 est
620 1734 58 42 Com

168 1766 77 44 hic,
216 1766 58 44 &.
245 1766 58 44 7.
274 1766 77 44 phy.
322 1766 67 44 13.
360 1766 58 44 &.
389 1766 67 44 i2.
428 1766 58 44 &.
456 1766 58 44 2.
485 1766 58 44 de
514 1766 106 44 generat
591 1766 77 44 ione
629 1766 48 44 com

165 1801 79 34 13
204 1801 105 34 Alio
270 1801 105 34 modo
336 1801 158 34 sumuntur
455 1801 92 34 pro
508 1801 185 34 distantia,
639 1801 40 34 &

166 1830 225 36 approximatione
353 1830 137 36 partium
452 1830 187 36 quantitatis
590 1830 87 36 adin-

162 1867 128 31 uicem,
252 1867 64 31 &
278 1867 90 31 sic
329 1867 192 31 insequuntur
483 1867 205 31 quantitatem,
650 1867 64 31 &

172 1900 73 33 vt
208 1900 86 33 sic
257 1900 183 33 reperiuntur
404 1900 73 33 in
441 1900 196 33 mathematicis
587 1900 98 33 corpo-

163 1924 112 39 ribus,
241 1924 56 39 &
264 1924 168 39 naturalibus
398 1924 202 39 indifferenter.
567 1924 56 39 &
589 1924 79 39 sic
623 1924 56 39 lo

702 172 108 46 cutus
774 172 84 46 est
822 172 72 46 de
857 172 96 46 raro
917 172 60 46 &
941 172 108 46 denso
1013 172 131 46 Commen.
1108 172 72 46 4.
1132 172 96 46 physt.

703 207 105 41 com.
768 207 92 41 Ma.
821 207 65 41 &
834 207 65 41 72.

730 241 174 34 Decimanona
867 241 162 34 contradi.
991 241 87 34 est
1041 241 112 34 super
1116 241 100 34 tex.
1166 241 62 34 So-

709 269 93 37 Arist
771 269 83 37 enim
823 269 52 37 &
844 269 83 37 Com.
896 269 62 37 i.
927 269 104 37 physi.
999 269 73 37 tex
1041 269 83 37 com.
1093 269 73 37 30.
1124 269 104 37 volentes

699 304 124 41 numerum
789 304 180 41 principiorum
935 304 135 41 secundum
1036 304 112 41 verita
1115 304 79 41 tem
1148 304 79 41 inue-

707 335 138 35 stigare,
811 335 138 35 adducunt
915 335 104 35 istam
984 335 150 35 rationem,
1099 335 92 35 quia
1157 335 69 35 in
1180 335 46 35 om

699 367 64 35 ni
731 367 107 35 genere
806 367 75 35 est
849 367 75 35 vna
892 367 182 35 contrarietas,
1042 367 150 35 substantia
1149 367 75 35 autem

706 398 75 34 est
749 398 86 34 vnum
803 398 108 34 genus.
878 398 75 34 vbi
922 398 86 34 Com.
975 398 97 34 dicit
1040 398 86 34 quod
1094 398 108 34 Arist.
1158 398 65 34 pro-

703 428 78 38 bat
747 428 89 38 quod
803 428 145 38 principia
914 428 78 38 non
959 428 89 38 sunt
1015 428 145 38 infinita,
1126 428 89 38 quia
1170 428 56 38 cum

706 462 71 41 in
742 462 94 41 omni
800 462 118 41 genere
883 462 82 41 sit
930 462 82 41 vna
977 462 200 41 contrarietas,
1142 462 59 41 &
1153 462 71 41 sub-

700 492 129 39 stantia
794 492 82 39 sit
841 492 94 39 vnum
900 492 117 39 genus,
982 492 106 39 cuius
1052 492 152 39 principia
1158 492 70 39 sunt

705 522 151 43 quaesita,
821 522 81 43 cum
868 522 162 43 substantia
995 522 81 43 sit
1042 522 151 43 subiectum
1146 522 81 43 alio-

704 559 88 31 rum
755 559 152 31 generum:
869 559 139 31 necesse
970 559 88 31 est
1020 559 76 31 vt
1045 559 177 31 contrarietas

703 589 131 34 existens
801 589 66 34 in
834 589 153 34 principiis
955 589 77 34 sit
998 589 87 34 vna,
1053 589 55 34 &
1075 589 77 34 est
1108 589 120 34 contrarie

704 620 78 32 tas
748 620 134 32 existens
849 620 67 32 in
882 620 167 32 substantia.
1016 620 100 32 nedum
1082 620 67 32 vt
1116 620 89 32 sint
1171 620 78 32 in

701 649 149 42 finita.
809 649 95 42 Sed
863 649 176 42 opponebam
998 649 95 42 per
1038 649 189 42 authoritatem

710 683 165 33 Philosophi.
842 683 66 33 I.
875 683 66 33 de
908 683 99 33 anima
974 683 88 33 tex.
1029 683 88 33 com.
1084 683 77 33 76.
1128 683 77 33 vbi
1161 683 66 33 Com.

706 712 99 34 dicit
772 712 66 34 in
805 712 88 34 com.
860 712 88 34 quod
915 712 165 34 impossibile
1047 712 77 34 est
1080 712 143 34 substantiam

701 749 179 29 elementum
839 749 110 29 esse
908 749 151 29 aliorum
1004 749 220 29 pdicamentorum:

704 777 128 40 principia
803 777 79 40 enim
852 777 69 40 non
892 777 148 40 substantiae
1010 777 79 40 sunt
1059 777 69 40 non
1089 777 138 40 substantiae.

705 807 136 40 Amplius
803 807 123 40 percat
890 807 111 40 etiam
964 807 123 40 dictum
1050 807 99 40 Com.
1112 807 74 40 in
1137 807 86 40 alio,

705 839 92 41 quia
763 839 104 41 dicit
832 839 173 41 substantiae
971 839 139 41 elementa
1075 839 139 41 inquiri.
1167 839 58 41 hoc

698 872 94 34 autem
760 872 104 34 falsum
833 872 83 34 est,
885 872 83 34 quia
937 872 94 34 infra
1000 872 83 34 tex.
1052 872 83 34 com.
1104 872 73 34 37.
1135 872 94 34 Philoso

707 903 98 45 phus
768 903 146 45 proponit
878 903 73 45 se
914 903 220 45 inuestigaturum
1085 903 134 45 principia

708 939 137 31 cuiuslibet
816 939 156 31 generationis
942 939 176 31 simpiericitur,
1089 939 127 31 videlicet
1176 939 49 31 tam

699 966 181 42 generationis,
849 966 85 42 quae
902 966 75 42 est
945 966 64 42 in
977 966 160 42 substantia,
1105 966 85 42 quae
1147 966 75 42 gene-

697 999 144 35 rationis,
807 999 88 35 quae
863 999 77 35 est
907 999 66 35 in
940 999 188 35 accidentibus.
1094 999 66 35 Et
1128 999 77 35 ita
1161 999 66 35 Phi-

702 1032 166 34 losophus,
830 1032 77 34 si
868 1032 141 34 volebat
971 1032 192 34 inuestigare
1111 1032 115 34 numerum

705 1068 199 30 principiorum,
869 1068 117 30 debuit
952 1068 141 30 communem
1045 1068 188 30 contrarietatem

698 1102 123 35 decem
780 1102 273 35 praedicamentorum
1012 1102 218 35 inuestigare,
1189 1102 68 35 &

695 1127 86 43 non
744 1127 123 43 illam,
830 1127 99 43 quae
892 1127 99 43 erat
954 1127 111 43 solum
1028 1127 74 43 in
1052 1127 173 43 praedicamen-

696 1156 73 38 to
732 1156 194 38 substantiae.
890 1156 73 38 Ad
926 1156 97 38 hanc
987 1156 109 38 autem
1059 1156 145 38 secundam
1156 1156 73 38 dubi

696 1191 163 35 tationem
818 1191 122 35 dicit
900 1191 176 35 Ammonius,
1035 1191 68 35 &
1062 1191 122 35 etiam
1130 1191 95 35 Alex-

699 1224 86 39 quod
753 1224 172 39 contrarietas
893 1224 65 39 in
925 1224 151 39 substantia
1044 1224 129 39 primitus
1141 1224 86 39 est,
1195 1224 54 39 &

703 1260 95 32 eius
763 1260 203 32 principaliter
930 1260 155 32 principia
1049 1260 179 32 quaeruntur,
1180 1260 48 32 in

695 1287 114 35 aliis
771 1287 101 35 vero
834 1287 88 35 est
885 1287 190 35 secundario.
1036 1287 101 35 vnde
1100 1287 88 35 ens
1138 1287 88 35 primo

696 1324 152 36 saluatur
810 1324 76 36 in
848 1324 190 36 sulstantia.
1000 1324 63 36 &
1025 1324 101 36 ideo
1088 1324 114 36 prima
1151 1324 76 36 con-

700 1352 139 34 tratietas
807 1352 129 34 saluatur
904 1352 64 34 in
936 1352 96 34 primo
1000 1352 96 34 ente,
1064 1352 64 34 in
1097 1352 96 34 aliis
1150 1352 75 34 autem

701 1384 133 34 secundo
798 1384 109 34 loco,
870 1384 133 34 tanquam
966 1384 72 34 in
1003 1384 97 34 his,
1063 1384 97 34 quae
1123 1384 97 34 sunt
1172 1384 48 34 ab

699 1416 102 35 vno,
763 1416 64 35 &
789 1416 77 35 ad
827 1416 115 35 vnum.
903 1416 77 35 Ad
942 1416 242 35 contradictionem
1133 1416 89 35 autem

694 1448 189 41 respondetur,
848 1448 95 41 quod
907 1448 154 41 principia
1025 1448 177 41 substantiae
1155 1448 83 41 sunt,

706 1485 164 29 principia
832 1485 113 29 etiam
908 1485 176 29 caeterorum
1034 1485 189 29 praedicamento

698 1517 94 32 rum,
757 1517 71 32 in
793 1517 118 32 genere
875 1517 118 32 causae
958 1517 189 32 subiectiuae,
1111 1517 94 32 siue
1158 1517 71 32 mate

707 1543 110 41 rialis,
787 1543 60 41 vt
817 1543 90 41 dicit
876 1543 80 41 Com.
926 1543 80 41 hic,
976 1543 60 41 &.
1006 1543 60 41 4.
1036 1543 90 41 meta.
1096 1543 80 41 com.
1145 1543 60 41 2.
1165 1543 60 41 sub-

706 1574 129 40 stantia
800 1574 82 40 est
847 1574 105 40 causa
917 1574 129 40 aliorum
999 1574 223 40 praedicamentorum,

698 1606 70 36 non
738 1606 120 36 secundum
828 1606 100 36 agens,
897 1606 90 36 neque
957 1606 100 36 finem,
1027 1606 70 36 sed
1067 1606 80 36 quia
1116 1606 70 36 est
1146 1606 80 36 subie-

697 1640 103 34 ctum
761 1640 64 34 &
787 1640 141 34 materia
890 1640 129 34 eorum.
980 1640 77 34 Et
1018 1640 77 34 ad
1044 1640 180 34 authoritatem

705 1671 87 41 Com.
760 1671 65 41 I.
792 1671 65 41 de
825 1671 109 41 anima.
902 1671 87 41 com.
956 1671 76 41 76.
1000 1671 76 41 vbi
1043 1671 98 41 habet
1109 1671 87 41 quod
1153 1671 65 41 sub-

699 1703 124 35 stantia
789 1703 169 35 impossibile
924 1703 79 35 est
969 1703 67 35 vt
1002 1703 79 35 sit
1047 1703 146 35 elementum
1149 1703 67 35 alio

696 1733 82 37 rum
743 1733 245 37 praedicamentorum,
953 1733 152 37 solu:tur,
1069 1733 93 37 quod
1128 1733 93 37 bene
1174 1733 47 37 ve

700 1768 96 43 rum
755 1768 96 43 est
810 1768 164 43 loquendo
932 1768 82 43 de
973 1768 164 43 elemento
1083 1768 136 43 proximo,

699 1796 75 39 sed
742 1796 107 39 fallit
817 1796 64 39 de
849 1796 129 39 elemento
946 1796 118 39 remoto.
1032 1796 86 39 ista
1086 1796 86 39 enim
1139 1796 75 39 est
1171 1796 54 39 de-

703 1828 168 42 terminatio
835 1828 168 42 Philosophi
967 1828 72 42 in
1003 1828 84 42 12.
1051 1828 120 42 primae
1123 1828 108 42 philoso

703 1861 114 40 phiae,
782 1861 79 40 vbi
828 1861 182 40 inuestigauit
975 1861 102 40 vtrum
1043 1861 102 40 eadem
1111 1861 91 40 sint
1157 1861 68 40 prin

698 1897 116 33 cipia
776 1897 129 33 omnium
866 1897 271 33 praedicamentorum.
1098 1897 65 33 &
1111 1897 116 33 solutio

701 1920 81 51 est
748 1920 93 51 quod
806 1920 139 51 loquendo
910 1920 70 51 de
945 1920 162 51 principiis
1061 1920 151 51 propinquis,
