1416 2066
234 164 85 42 quod
288 164 96 42 motus
352 164 117 42 locales
437 164 171 42 consequuntur
576 164 64 42 ad
608 164 96 42 motum
662 164 85 42 rarefa

232 201 121 35 ctionis,
323 201 51 35 &
343 201 192 35 condensationis,
505 201 91 35 sicut
566 201 91 35 patet
627 201 81 35 intu
667 201 71 35 etam,

265 231 81 35 Nona
315 231 131 35 contradi.
416 231 70 35 est
456 231 50 35 i
476 231 91 35 eodem
537 231 81 35 com.
587 231 81 35 S49.
637 231 91 35 dicit
688 231 50 35 Com

242 263 73 36 per
283 263 135 36 quantitas
387 263 73 36 non
428 263 73 36 fit
470 263 52 36 a
490 263 155 36 quantitate,
615 263 93 36 sicut
666 263 73 36 cali-

227 300 103 30 ditas
295 300 57 30 a
318 300 171 30 caliditate.
455 300 103 30 Huius
523 300 103 30 tamen
592 300 126 30 videtur
672 300 68 30 dice

233 333 62 29 re
264 333 146 29 oppositum.
378 333 62 29 I.
409 333 62 29 de
441 333 156 29 generatione
565 333 83 29 com.
617 333 73 29 30.
659 333 73 29 vbi
690 333 52 29 ha-

240 365 78 34 per
284 365 89 34 quod
340 365 123 34 faciens
429 365 111 34 partes
507 365 178 34 magnitudinis
652 365 78 34 est
685 365 56 34 ma-

234 390 145 41 gnitudo.
342 390 169 41 Solutionem
475 390 108 41 huius
547 390 120 41 quaere
620 390 120 41 superius

231 420 75 33 in.
274 420 65 33 3.
307 420 108 33 physi.
382 420 205 33 contradictione.
554 420 65 33 6.
587 420 97 33 super
651 420 86 33 com.
694 420 54 33 17.

259 450 110 32 Decima
336 450 142 32 contradi.
445 450 77 32 est
489 450 66 32 in
522 450 88 32 com.
577 450 77 32 S7.
621 450 99 32 Dicit
675 450 66 32 Com.

232 484 81 36 quod
283 484 91 36 motus
343 484 81 36 pont
394 484 132 36 imaginari
496 484 91 36 extra
556 484 101 36 tpers.
627 484 91 36 Huius
678 484 71 36 tamen

230 518 132 30 oppositum
332 518 132 30 inuenitur
433 518 61 30 in
464 518 102 30 dictis
535 518 92 30 suis.
596 518 71 30 12.
637 518 92 30 meta.
688 518 61 30 com.

242 547 66 35 29.
279 547 66 35 vbi
317 547 85 35 habet
373 547 75 35 quod
420 547 75 35 sine
468 547 66 35 tpe
505 547 141 35 impossibile
618 547 66 35 est
646 547 104 35 imaginari

229 576 106 34 motum.
304 576 117 34 Rndetur
388 576 85 34 quod
441 576 85 34 Com.
494 576 74 34 hic
537 576 127 34 loquitur
632 576 64 34 de
653 576 85 34 abstra

233 608 103 34 ctione,
308 608 75 34 quae
355 608 75 34 fsit
402 608 56 34 in
430 608 85 34 prima
486 608 132 34 operatione
590 608 150 34 intellectus,
702 608 38 34 in

229 639 86 35 qua
278 639 86 35 pot
327 639 185 35 consyderari
475 639 111 35 prius
549 639 86 35 non
586 639 160 35 consyderato

231 670 152 38 posteriori.
352 670 81 38 Nam,
403 670 91 38 sicut
464 670 111 38 scribit
545 670 81 38 Com.
595 670 71 38 12.
636 670 91 38 meta.
686 670 61 38 com.

234 708 67 32 29.
273 708 143 32 intellectus
387 708 86 32 natus
444 708 67 32 est
483 708 115 32 diuidere
569 708 67 32 ea,
607 708 76 32 quae
655 708 76 32 sunt
693 708 57 32 adu-

226 732 87 37 nata
281 732 66 37 in
314 732 98 37 esse.
379 732 98 37 licet
445 732 66 37 in
478 732 66 37 re
510 732 87 37 ipsa
565 732 77 37 non
609 732 87 37 sint
653 732 87 37 diuisa

231 764 59 31 &
255 764 94 31 ita,
314 764 82 31 cum
361 764 118 31 tempus
443 764 82 31 non
490 764 82 31 sit
537 764 71 31 de
572 764 153 31 quiditate
690 764 82 31 mo¬

229 795 80 32 tus,
279 795 150 32 intellectus
399 795 100 32 potest
469 795 140 32 abstrahere
579 795 90 32 motum
639 795 50 32 a
649 795 100 32 tempore.

235 828 65 42 Et
268 828 65 42 ex
300 828 76 42 hoc
344 828 98 42 patet
409 828 120 42 scontra
497 828 131 42 vulgares
584 828 163 42 successionem,

226 857 83 40 non
274 857 95 40 esse
333 857 71 40 de
369 857 95 40 intr
428 857 119 40 inseca
511 857 131 40 ratione
606 857 119 40 motus,
690 857 83 40 sed

231 894 81 30 est
278 894 69 30 de
312 894 208 30 consequentibus
486 894 116 30 ipsum.
567 894 93 30 Sed.
625 894 81 30 12.
660 894 81 30 meta.

233 924 87 37 com.
287 924 76 37 19.
331 924 130 37 loquitur
429 924 65 37 de
461 924 185 37 abstractione,
614 924 87 37 quae
668 924 76 37 fit
701 924 43 37 in

229 952 119 40 secunda
316 952 151 40 operatione
434 952 162 40 intellectus
564 952 54 40 &
585 952 76 40 sic
628 952 76 40 non
661 952 86 40 potest

232 985 163 38 imaginari
357 985 113 38 motus
432 985 100 38 sine
494 985 150 38 tempore.
607 985 100 38 quia
657 985 88 38 imagi

230 1018 106 33 nando
301 1018 94 33 hoc,
360 1018 106 33 talis
430 1018 165 33 imaginatio
560 1018 118 33 mendax
642 1018 94 33 est,
689 1018 59 33 pri

236 1046 65 36 ma
269 1046 97 36 autem
333 1046 119 36 minime:
420 1046 97 36 quia.
484 1046 65 36 2.
517 1046 108 36 physi.
592 1046 86 36 tex.
646 1046 86 36 com.
689 1046 54 36 16.

231 1078 225 35 abstrahentium
416 1078 93 35 non
469 1078 93 35 est
509 1078 159 35 mendacium,

264 1108 138 38 vndecima
368 1108 150 38 contradi.
484 1108 81 38 est
530 1108 69 38 in
564 1108 92 38 tex.
622 1108 81 38 79.
657 1108 92 38 Arist.

233 1143 121 35 videtur
321 1143 110 35 dicere
399 1143 99 35 motum
465 1143 88 35 esse
520 1143 155 35 continuum,
642 1143 88 35 quia
686 1143 55 35 ma-

232 1174 140 36 gnitudo,
337 1174 105 36 super
407 1174 81 36 qua
453 1174 81 36 fit
500 1174 116 36 motus,
581 1174 81 36 est
616 1174 128 36 continua.

235 1203 77 44 ped
279 1203 99 44 huius
345 1203 143 44 oppositum
455 1203 132 44 arguebam
553 1203 77 44 per
597 1203 88 44 tex.
652 1203 88 44 com.
696 1203 44 44 13

235 1237 62 39 in.
271 1237 53 39 3.
297 1237 71 39 phy.
342 1237 62 39 vbi
377 1237 98 39 asserit
449 1237 71 39 quod
493 1237 71 39 esto
537 1237 71 39 quod
582 1237 107 39 spacium,
662 1237 62 39 per
689 1237 53 39 quod

232 1266 78 36 fit
276 1266 112 36 motus,
355 1266 78 36 non
399 1266 78 36 sit
444 1266 156 36 continuum,
567 1266 123 36 dummodo
645 1266 100 36 tempus,

230 1296 71 34 in
266 1296 83 34 quo
313 1296 83 34 fit
360 1296 118 34 motus,
443 1296 83 34 sit
490 1296 165 34 continuum,
620 1296 106 34 adhuc
679 1296 59 34 mot

231 1329 77 38 est
275 1329 154 38 continuus.
396 1329 121 38 Amplius
484 1329 99 38 autem
550 1329 143 38 dubitatur
649 1329 99 38 ibidem.

227 1364 89 39 quia
283 1364 89 39 vult
338 1364 100 39 tpens
405 1364 89 39 esse
461 1364 156 39 continuum,
583 1364 89 39 quia
639 1364 100 39 motus
694 1364 56 39 est

231 1398 151 29 continuus:
350 1398 86 29 sed.
404 1398 65 29 3.
436 1398 86 29 phy.
490 1398 97 29 dicit
555 1398 97 29 motum
620 1398 86 29 esse
663 1398 86 29 conti-

233 1425 89 34 nuum,
293 1425 80 34 quia
342 1425 99 34 tamens
412 1425 70 34 est
452 1425 139 34 continuum.
561 1425 89 34 alter
621 1425 99 34 igitur
680 1425 60 34 ser-

228 1460 66 30 mo
261 1460 111 30 falsus
339 1460 89 30 esse
394 1460 133 30 videtur,
494 1460 133 30 alioquin
593 1460 89 30 erit
637 1460 111 30 circulu.

238 1488 128 41 cudemus,
334 1488 64 41 vt
366 1488 117 41 asserit
451 1488 149 41 Simplicius
568 1488 74 41 in.
611 1488 64 41 3.
643 1488 96 41 phuy,
696 1488 53 41 au-

228 1518 196 36 scultationis,
390 1518 104 36 tenet
459 1518 196 36 continuitatem
620 1518 104 36 motus
678 1518 69 36 esse

232 1551 68 35 ex
266 1551 124 35 spacio,
356 1551 102 35 super
424 1551 79 35 quo
469 1551 79 35 fit
514 1551 113 35 motus.
594 1551 124 35 Straton
673 1551 79 35 autem

228 1582 79 36 non
273 1582 102 36 solum
341 1582 68 36 ex
375 1582 125 36 spacio,
466 1582 102 36 verum
534 1582 102 36 etiam
602 1582 68 36 ex
636 1582 114 36 seipso
705 1582 45 36 mo

231 1620 85 30 tum
279 1620 109 30 hirre
352 1620 206 30 continuitatem
521 1620 169 30 asseuerat.
642 1620 109 30 Dicimus

224 1647 93 33 nos,
283 1647 93 33 quod
341 1647 175 33 continuitas
481 1647 105 33 motus
551 1647 70 33 ex
586 1647 140 33 pluribus
680 1647 70 33 cau-

228 1680 79 34 sis
273 1680 113 34 venari
352 1680 102 34 pont,
420 1680 56 34 &
442 1680 181 34 diuersimode,
589 1680 90 34 quia
645 1680 56 34 &
668 1680 56 34 a
679 1680 68 34 prio

227 1717 71 29 ri
263 1717 59 29 &
286 1717 59 29 a
310 1717 177 29 posteriori.
452 1717 59 29 a
475 1717 118 29 priori
558 1717 118 29 quidem
641 1717 71 29 ex
664 1717 83 29 parte

228 1740 135 38 mobilis,
329 1740 56 38 &
351 1740 67 38 ex
385 1740 101 38 parte
452 1740 123 38 spacil,
542 1740 56 38 a
564 1740 157 38 posteriori
677 1740 67 38 vero

227 1773 64 37 ex
259 1773 96 37 parte
324 1773 96 37 tpis.
388 1773 86 37 Vnde
441 1773 107 37 Arist.
516 1773 64 37 3.
548 1773 86 37 phy.
601 1773 86 37 tex.
655 1773 86 37 com.
698 1773 53 37 7o.

224 1808 101 32 dicit
291 1808 90 32 quod
348 1808 146 32 infinitum
460 1808 79 32 non
505 1808 101 32 eodem
573 1808 90 32 modo
618 1808 135 32 inuenitur,

225 1836 69 38 in
259 1836 184 38 magnitudine,
408 1836 103 38 motu,
477 1836 57 38 &
500 1836 115 38 tpere,
581 1836 80 38 sed
627 1836 115 38 tempus
696 1836 57 38 est

227 1870 152 37 infinitum
344 1870 105 37 prper
414 1870 117 37 motum,
496 1870 58 37 &
520 1870 105 37 motus
590 1870 105 37 prper
648 1870 94 37 magni-

230 1901 139 38 tudinem,
335 1901 81 38 vbi
381 1901 185 38 lucidissimus
531 1901 162 38 Themistius
658 1901 81 38 per
693 1901 58 38 ma

760 165 175 42 gnitudinem,
900 165 70 42 in
935 165 82 42 qua
982 165 163 42 alteratur,
1110 165 151 42 mouentur,
1215 165 58 42 aut

761 205 138 30 augetur,
864 205 126 30 exponit
956 205 149 30 subiectum
1070 205 115 30 motus.
1151 205 103 30 omnis
1208 205 69 30 enim

760 231 111 36 motus,
838 231 78 36 aut
882 231 133 36 localis,
982 231 78 36 aut
1026 231 188 36 alterationis,
1181 231 78 36 aut
1214 231 67 36 aug-

759 261 106 37 menti
830 261 71 37 in
865 261 188 37 magnitudine,
1018 261 94 37 quae
1077 261 118 37 corpus
1159 261 94 37 est.
1206 261 71 37 tan-

761 292 88 47 quam
816 292 66 47 in
849 292 132 47 subiecto
948 292 88 47 est.
1003 292 55 47 &
1025 292 77 47 ita
1068 292 121 47 exponit
1156 292 99 47 etiam
1211 292 66 47 Com.

766 323 106 35 ibidem,
843 323 58 35 &.
872 323 58 35 6.
901 323 77 35 phy.
949 323 77 35 tex.
997 323 67 35 49.
1036 323 96 35 dicit.
1103 323 106 35 secutum
1180 323 67 35 est
1209 323 67 35 autem

762 361 94 26 omnia
824 361 157 26 diuisibilia
950 361 63 26 ab
982 361 84 26 ipso
1034 361 126 26 mutante.
1128 361 63 26 i.
1160 361 52 26 a
1170 361 105 26 subiecto

758 386 118 43 motus,
841 386 94 43 quod
899 386 141 43 mutatur,
1005 386 94 43 quia
1064 386 106 43 illud
1135 386 82 43 est
1170 386 106 43 diuisi-

762 418 99 32 bile,
828 418 88 32 ideo
883 418 99 32 motus
948 418 55 32 &
970 418 99 32 tpens
1036 418 88 32 sunt
1091 418 175 32 diuisibilia.
1222 418 55 32 vn-

758 448 70 34 de
793 448 93 34 sine
851 448 104 34 dubio
921 448 116 34 potius
1002 448 174 34 continuitas
1141 448 128 34 mobilis
1222 448 58 34 est

763 482 104 39 causa
833 482 104 39 prima
903 482 197 39 continuitatis
1065 482 58 39 &
1076 482 209 39 diuisibilitatis,

760 513 108 32 motus,
836 513 86 32 quai
889 513 183 32 diuisibilitas
1040 513 54 32 &
1062 513 161 32 continuitas
1180 513 97 32 spacil.

763 546 96 32 Dicit
827 546 85 32 enim
881 546 150 32 Themistius
998 546 85 32 quod
1052 546 75 32 non
1094 546 96 32 omnis
1159 546 96 32 motus
1212 546 64 32 con-

764 580 136 34 tinuitas
866 580 68 34 ex
900 580 114 34 spacio
980 580 91 34 est,
1036 580 136 34 alioquin
1139 580 102 34 motus
1195 580 80 34 equo-

759 606 77 33 rum
803 606 66 33 in
836 606 110 33 stadio
913 606 165 33 lacessitus,
1046 606 55 33 &
1068 606 165 33 interruptus
1189 606 88 33 esset.

762 636 87 38 sed
811 636 87 38 non
861 636 87 38 pot
911 636 112 38 motus
986 636 100 38 esse
1049 636 175 38 continuus,
1186 636 75 38 si
1211 636 75 38 mobi

758 669 70 37 le
793 669 81 37 non
840 669 116 37 fuerit
921 669 93 37 vnum
979 669 58 37 &
1002 669 162 37 continuum,
1129 669 70 37 vt
1164 669 116 37 patet.
1234 669 46 37 A.

763 702 107 37 physi.
838 702 86 37 tex.
892 702 86 37 com.
946 702 75 37 34.
989 702 129 37 Amiplius
1085 702 97 37 autem
1150 702 97 37 motus
1203 702 86 37 circu-

763 731 93 37 laris
824 731 123 37 corporis
917 731 134 37 continuus
1020 731 82 37 est,
1071 731 51 37 &
1092 731 93 37 tamen
1154 731 72 37 non
1184 731 93 37 dicitur

764 762 91 33 esse
821 762 69 33 in
855 762 126 33 spacio.
946 762 91 33 vnde
1004 762 171 33 continuitas
1141 762 103 33 motus
1198 762 80 33 circu

763 794 98 32 laris
828 794 76 32 est
872 794 65 32 ex
904 794 98 32 parte
969 794 130 32 mobilis,
1067 794 98 32 licet
1132 794 54 32 i
1154 794 87 32 motu
1197 794 76 32 recto

765 825 65 33 hoc
802 825 92 33 possit
866 825 83 33 esse.
921 825 74 33 quia
968 825 74 33 ille
1014 825 101 33 dicitur
1087 825 55 33 in
1115 825 92 33 spacio
1180 825 83 33 esse.
1226 825 55 33 seri

766 858 70 32 bit
806 858 80 32 enim
856 858 80 32 Com.
906 858 70 32 in.
946 858 60 32 2.
976 858 90 32 coeli
1036 858 50 32 &
1056 858 80 32 mun.
1106 858 60 32 in
1136 858 80 32 tex.
1186 858 80 32 com.
1226 858 50 32 A6.

764 888 141 34 spacium
867 888 77 34 in
905 888 167 34 circulari
1033 888 103 34 motu
1098 888 90 34 est
1136 888 141 34 magnitudo

768 920 90 39 ipsius
831 920 117 39 corporis,
921 920 144 39 magnitudines
1038 920 72 39 enim
1083 920 54 39 in
1110 920 81 39 istis
1164 920 108 39 scilicet
1245 920 54 39 in

763 951 180 35 circularibus
909 951 101 35 sunt,
977 951 101 35 sicut
1044 951 113 35 spacia
1123 951 68 35 in
1157 951 124 35 rectis.
1236 951 45 35 Et

770 981 77 37 sta
814 981 77 37 est
858 981 187 37 determinatio,
1012 981 110 37 frater
1090 981 77 37 mi,
1134 981 121 37 Aristo.
1211 981 66 37 for-

768 1013 109 38 malitur
848 1013 70 38 in.
887 1013 60 38 2.
917 1013 60 38 de
947 1013 99 38 genera
1017 1013 50 38 &
1036 1013 109 38 corrup.
1116 1013 60 38 in
1146 1013 80 38 tex.
1196 1013 80 38 com.
1235 1013 50 38 Si.

762 1046 81 36 vbi
809 1046 70 36 ex
844 1046 151 36 proposito
960 1046 105 36 mouet
1030 1046 128 36 quodnem
1123 1046 116 36 istam,
1193 1046 81 36 vtrum

758 1077 105 37 motus
828 1077 175 37 continuitas
968 1077 128 37 sumatur
1061 1077 163 37 principale
1189 1077 70 37 ex
1212 1077 70 37 par-

761 1115 63 28 te
793 1115 127 28 mobilis,
888 1115 74 28 vel
930 1115 63 28 ex
962 1115 95 28 parte
1025 1115 116 28 spacil,
1109 1115 74 28 seu
1152 1115 127 28 termini,
1236 1115 42 28 et

765 1142 151 38 concludit
882 1142 82 38 pro
928 1142 140 38 opinione
1033 1142 128 38 nostra,
1127 1142 93 38 quam
1173 1142 105 38 diffuse

760 1173 104 39 tenui
829 1173 69 39 in
863 1173 219 39 Tlfeorematibus,
1047 1173 92 39 quod
1105 1173 69 39 ex
1139 1173 104 39 parte
1197 1173 81 39 mobi-

769 1204 84 31 lis.
822 1204 53 31 &
843 1204 63 31 tu
875 1204 95 31 vide,
938 1204 63 31 si
970 1204 116 31 placet.
1054 1204 63 31 Ad
1086 1204 106 31 formam
1160 1204 106 31 igitur
1223 1204 53 31 con

760 1234 157 36 tradictionis
887 1234 88 36 dico,
946 1234 78 36 quod
995 1234 98 36 dictum
1064 1234 98 36 Arist.
1132 1234 88 36 verum
1191 1234 78 36 est,
1230 1234 49 36 sed

759 1269 85 37 non
808 1269 110 37 dicit
881 1269 110 37 illam
954 1269 98 37 esse
1015 1269 122 37 causam
1100 1269 122 37 primam
1185 1269 61 37 &
1198 1269 85 37 adae-

767 1296 121 41 quatam,
855 1296 66 41 vt
888 1296 77 41 iam
932 1296 132 41 probatum
1031 1296 77 41 est
1074 1296 66 41 Ad
1107 1296 99 41 aliam
1162 1296 121 41 difficul-

769 1329 106 33 tatem
840 1329 130 33 dicimus
935 1329 83 33 tps
982 1329 95 33 esse
1041 1329 118 33 causam
1112 1329 177 33 continuitatis

763 1364 100 31 motus
829 1364 67 31 in
863 1364 122 31 ratione
951 1364 144 31 mensurae,
1062 1364 89 31 quia
1118 1364 100 31 tpers
1184 1364 78 31 est
1217 1364 67 31 nume

765 1392 87 35 rus
814 1392 124 35 motus,
901 1392 62 35 &
926 1392 74 35 ad
963 1392 112 35 motus
1037 1392 149 35 vnitatem
1149 1392 62 35 &
1161 1392 124 35 continui

765 1423 95 35 tatem
829 1423 148 35 requiritur
945 1423 85 35 quod
998 1423 74 35 sit
1041 1423 106 35 vnitas
1115 1423 116 35 mobilis
1189 1423 95 35 termini

763 1454 55 36 &
785 1454 99 36 tpis.
851 1454 77 36 sed
895 1454 99 36 motus
960 1454 77 36 est
1004 1454 99 36 causa
1070 1454 186 36 continuitatis
1212 1454 66 36 tpis

767 1487 66 35 in
800 1487 121 35 ratione
888 1487 132 35 subiecti
987 1487 55 35 &
1009 1487 121 35 causae.
1098 1487 55 35 &
1120 1487 77 35 hoc
1164 1487 77 35 non
1208 1487 99 35 incon

769 1518 106 38 uenit.
843 1518 84 38 Quod
896 1518 95 38 soulo
959 1518 74 38 nia
1002 1518 84 38 vera
1054 1518 84 38 sit,
1107 1518 84 38 vide
1149 1518 127 38 principium

773 1551 76 35 com.
821 1551 67 35 39.
859 1551 67 35 vbi
898 1551 105 35 supplet
974 1551 115 35 defectum
1060 1551 96 35 Arist.
1127 1551 86 35 dicit
1184 1551 76 35 enim
1223 1551 57 35 Com.

761 1581 91 38 quod
818 1581 103 38 motus
886 1581 80 38 est
932 1581 160 38 continuus,
1057 1581 91 38 quia
1114 1581 160 38 magnitudo,
1228 1581 46 38 pr

763 1616 95 35 quam
822 1616 83 35 fit
870 1616 118 35 motus,
953 1616 83 35 est
1000 1616 154 35 continua,
1118 1616 59 35 &
1142 1616 107 35 motum
1201 1616 83 35 etiam

768 1645 78 41 est
812 1645 100 41 tale,
879 1645 89 41 quia
934 1645 155 41 requiritur
1056 1645 89 41 alia
1112 1645 111 41 causa,
1189 1645 89 41 immo
1234 1645 55 41 il-

762 1675 65 35 la
795 1675 76 35 est
838 1675 108 35 prima.
914 1675 76 35 Nam
957 1675 119 35 Aristo.
1043 1675 65 35 2.
1076 1675 141 35 coelitex.
1184 1675 86 35 com.
1227 1675 54 35 47.

765 1707 106 33 demrat
840 1707 85 33 quod
893 1707 128 33 stellae,
989 1707 74 33 cum
1031 1707 85 33 sint
1084 1707 106 33 partes
1159 1707 106 33 orbis,
1233 1707 74 33 non

769 1739 107 41 ossunt
844 1739 107 41 moueri
919 1739 75 41 per
961 1739 64 41 se
993 1739 85 41 orbe
1046 1739 160 41 quiescente,
1174 1739 96 41 quia,
1228 1739 53 41 cum

768 1779 101 32 motus
835 1779 101 32 coeli
902 1779 78 32 sit
947 1779 157 32 continuus,
1070 1779 123 32 oportet
1160 1779 90 32 quod
1205 1779 78 32 mobi-

766 1803 64 33 le
798 1803 75 33 sit
841 1803 86 33 vnum
895 1803 54 33 &
916 1803 150 33 continuum.
1034 1803 54 33 &
1056 1803 97 33 ideo,
1120 1803 64 33 si
1152 1803 107 33 partes
1217 1803 64 33 eius

767 1838 116 29 essent
849 1838 139 29 diuisae,
953 1838 104 29 motus
1022 1838 93 29 ille
1080 1838 81 29 non
1127 1838 116 29 esset.
1196 1838 93 29 contra

768 1871 108 33 tamen
840 1871 108 33 motus
912 1871 120 33 potest
996 1871 96 33 esse
1055 1871 168 33 continuus,
1187 1871 108 33 licet
1247 1871 48 33 de

763 1901 107 46 sinat
835 1901 95 46 rei,
894 1901 107 46 idest
966 1901 119 46 spacil
1049 1901 155 46 parumper,
1168 1901 107 46 super
1227 1901 60 46 quo
