1416 2066
195 180 70 46 &
223 180 155 46 mouetur
336 180 85 46 ab
378 180 85 46 A,
420 180 70 46 &
448 180 70 46 c
477 180 155 46 mouetur
589 180 85 46 ex
632 180 99 46 pr,
674 180 42 46 &

215 216 110 52 nihil
288 216 122 52 mouet.
373 216 98 52 D.d.
434 216 146 52 quoniam,
544 216 85 52 cum
593 216 73 52 ad
630 216 85 52 hoc
666 216 49 52 p-

213 254 172 40 ueniemus,
345 254 93 40 &c.
398 254 79 40 i.
437 254 66 40 &
464 254 225 40 indifferenter
636 254 79 40 siue

215 292 121 49 istud
295 292 121 49 motum
376 292 81 49 ex
417 292 81 49 se
457 292 189 49 compositum
592 292 121 49 ponatur

215 332 164 42 componi
334 332 89 42 ex
379 332 149 42 motis,
483 332 75 42 &
513 332 194 42 motoribus
647 332 75 42 mul

210 373 106 45 tis,
276 373 106 45 ita,
343 373 106 45 quod
409 373 133 45 primus
502 373 120 45 motor
582 373 120 45 mouet
649 373 66 45 po-

215 404 142 39 stremum
318 404 116 39 motum
396 404 90 39 cum
448 404 155 39 pluribus
564 404 142 39 mediis,
654 404 65 39 aut

218 445 86 38 cum
267 445 86 38 vno
316 445 123 38 medio,
403 445 74 38 in
440 445 99 38 hoc,
501 445 111 38 quoid
563 445 148 38 intendimus

217 478 130 44 declarare,
319 478 111 44 scilicet
402 478 74 44 quod
448 478 56 44 in
476 478 74 44 omni
523 478 74 44 moto
569 478 56 44 ex
597 478 56 44 se
625 478 74 44 tali
662 478 46 44 est

216 516 113 47 motum
292 516 76 47 ex
330 516 76 47 se
367 516 138 47 primum,
468 516 101 47 quid
531 516 176 47 componitur
657 516 63 47 ex-

215 551 109 52 duabus
291 551 130 52 partibus
389 551 120 52 tantum,
476 551 54 52 &
498 551 87 52 quod
552 551 98 52 illud
617 551 76 52 est
661 551 76 52 mo¬

220 593 78 49 tum
265 593 67 49 ex
298 593 78 49 se,
343 593 78 49 non
388 593 112 49 aliqua
466 593 90 49 alia
522 593 90 49 pars
578 593 112 49 ptium,
646 593 67 49 quae

219 629 91 52 sunt
275 629 68 52 in
310 629 102 52 illo.
378 629 91 52 D.d.
435 629 125 52 ponatur
526 629 114 52 igitur
605 629 91 52 esse
662 629 80 52 per

222 668 81 37 vnum
272 668 101 37 medium
343 668 111 37 tandum.
424 668 61 37 i.
454 668 61 37 &,
484 668 71 37 cum
524 668 91 37 nulla
585 668 121 37 dicitura
666 668 50 37 est

214 705 74 41 in
251 705 98 41 hoc,
312 705 98 41 quod
373 705 135 41 ponatur
471 705 123 41 mouere
557 705 86 41 cum
594 705 110 41 pluribi

213 748 132 44 medijs
305 748 159 44 finitis,
424 748 93 44 aut
477 748 93 44 cum
530 748 93 44 vno
583 748 132 44 medio,
662 748 53 44 po

220 780 100 47 natur
287 780 111 47 mouere
365 780 78 47 cum
409 780 78 47 vno
454 780 111 47 medio,
532 780 134 47 scilicet
621 780 100 47 ponatur

219 817 134 41 componi
316 817 73 41 ex
353 817 134 41 tribus.
450 817 122 41 medium
535 817 97 41 enim
596 817 97 41 vnum
644 817 73 41 exi-

211 853 113 50 stit
282 853 85 50 in
324 853 113 50 tali
395 853 156 50 numero.
508 853 113 50 D.d.
565 853 156 50 ABCigitur

214 893 110 52 totum
287 893 110 52 mouet
361 893 86 52 se.
410 893 74 52 i.
447 893 74 52 &,
484 893 86 52 cum
533 893 147 52 posuerim
643 893 98 52 quod

213 933 137 42 mouens
309 933 82 42 se
350 933 123 42 mouet
432 933 137 42 partem
528 933 178 42 postremam
651 933 55 42 ip

215 968 81 42 sius
266 968 122 42 scilicet
357 968 61 42 a,
387 968 142 42 manifestum
499 968 71 42 est
540 968 81 42 quod
590 968 91 42 istud
651 968 61 42 ex
671 968 41 42 se

220 1013 100 39 motum
287 1013 156 39 componitur
409 1013 67 39 ex
442 1013 67 39 A,
476 1013 56 39 &
498 1013 67 39 i,
531 1013 56 39 &
553 1013 67 39 c.
587 1013 67 39 v.
620 1013 67 39 g.
642 1013 67 39 quod

208 1042 164 48 musculus
331 1042 96 48 est
386 1042 123 48 motum
468 1042 82 48 ex
509 1042 96 48 se,
564 1042 68 48 &
577 1042 137 48 composut

214 1079 67 51 ex
247 1079 112 51 tribus
326 1079 134 51 scilicet
426 1079 67 51 ex
460 1079 123 51 corpore
549 1079 134 51 musculi,
650 1079 56 51 &
661 1079 56 51 est

212 1124 183 40 postremum
353 1124 141 40 motum,
451 1124 70 40 &
479 1124 84 40 ex
521 1124 141 40 calore
606 1124 98 40 natu-

216 1165 110 37 rali,
289 1165 85 37 qui
338 1165 85 37 est
387 1165 122 37 motor,
472 1165 61 37 &
497 1165 122 37 motum,
582 1165 85 37 qui
619 1165 85 37 tran-

218 1193 76 41 sit
262 1193 65 41 in
294 1193 120 41 neruis,
382 1193 55 41 &
404 1193 98 41 anima
469 1193 131 41 mouente,
567 1193 87 41 quae
622 1193 76 41 est
654 1193 55 41 for

219 1229 76 45 ma
257 1229 76 45 in
295 1229 101 45 illo
358 1229 126 45 calore
446 1229 164 45 naturali.
572 1229 101 45 D.d.
635 1229 101 45 sed,

222 1268 61 46 i
246 1268 197 46 abstulerimus
406 1268 74 46 c,
443 1268 86 46 &c.
492 1268 74 46 i.
529 1268 98 46 sed,
590 1268 74 46 si
615 1268 98 46 abstu-

214 1306 136 45 lerimus
312 1306 74 45 c,
349 1306 74 45 ex
386 1306 86 45 hoc
436 1306 99 45 moto
497 1306 74 45 ex
534 1306 86 45 se,
584 1306 99 45 quod
633 1306 74 45 com-

219 1345 146 40 ponitur
325 1345 80 40 ex
365 1345 106 40 ABc,
432 1345 106 40 tunc
498 1345 173 40 remanebit
618 1345 93 40 illd,

216 1389 97 38 quod
277 1389 170 38 componitur
410 1389 73 38 ex
447 1389 61 38 A
471 1389 73 38 s,
507 1389 109 38 motum
580 1389 73 38 ex
617 1389 85 38 se.
653 1389 61 38 Et,

218 1421 80 37 cum
263 1421 68 37 d.
297 1421 148 37 quodillud
411 1421 148 37 remanens,
526 1421 160 37 compositum
651 1421 68 37 ex
674 1421 34 37 A

218 1460 100 38 neri,
285 1460 78 38 est
329 1460 112 38 illud,
408 1460 89 38 quid
463 1460 67 38 in
497 1460 78 38 rei
542 1460 134 38 veritate
631 1460 78 38 mouet

219 1492 76 41 se,
263 1492 98 41 dedit
328 1492 109 41 causam
404 1492 65 41 in
436 1492 87 41 hoc,
491 1492 54 41 &
512 1492 65 41 d.
545 1492 54 41 &
567 1492 87 41 enim
621 1492 76 41 est
654 1492 54 41 mo-

219 1529 89 49 tor,
275 1529 78 49 &c.
319 1529 67 49 i.
353 1529 56 49 &
375 1529 134 49 sequitur
475 1529 156 49 necessario
598 1529 67 49 vt
620 1529 89 49 illem,

216 1566 98 48 quod
277 1566 110 48 mouet
350 1566 85 48 se,
399 1566 85 48 sit
448 1566 171 48 compositum
582 1566 73 48 ex
618 1566 85 48 AE:
655 1566 61 48 qua

218 1605 105 46 Aest
283 1605 131 46 motor,
375 1605 92 46 cum
427 1605 92 46 sit
480 1605 196 46 necessarium
637 1605 78 46 vt
663 1605 52 46 mo

212 1647 107 48 uens
279 1647 81 48 se
319 1647 134 48 habeat
413 1647 134 48 motum,
507 1647 67 48 &
534 1647 67 48 p
560 1647 94 48 est
601 1647 107 48 primum

209 1685 115 51 motum
286 1685 77 51 ab
324 1685 77 51 A.
363 1685 128 51 cautem
452 1685 90 51 non
503 1685 90 51 est
555 1685 128 51 motum,
631 1685 77 51 quod

216 1724 86 37 est
265 1724 184 37 necessarium
412 1724 172 37 inueniendo
547 1724 110 37 motum
620 1724 74 37 ex
645 1724 61 37 se,

215 1758 104 49 licet
285 1758 92 49 quia
342 1758 58 49 c
366 1758 81 49 non
412 1758 81 49 est
458 1758 104 49 pars,
527 1758 92 49 quae
585 1758 127 49 mouetur
666 1758 46 49 ab

213 1805 92 37 eo.
266 1805 66 37 &
292 1805 92 37 hoc
345 1805 198 37 intendebat,
503 1805 92 37 cum
556 1805 79 37 d.
595 1805 66 37 &
622 1805 66 37 c
648 1805 92 37 non

738 180 111 49 mouet
812 180 86 49 se.
861 180 74 49 i.
898 180 74 49 &.
935 180 62 49 c
960 180 86 49 non
1009 180 86 49 est
1059 180 173 49 illud,quid
1194 180 86 49 mo¬

743 214 83 52 uent
794 214 72 52 se,
836 214 83 52 siec
887 214 72 52 est
929 214 103 52 motum,
1001 214 83 52 quid
1053 214 72 52 est
1094 214 62 52 in
1125 214 93 52 illo,
1177 214 62 52 quid

739 252 99 54 mouet
805 252 77 54 se,
849 252 77 54 cum
893 252 77 54 sit
937 252 154 54 declaratum
1059 252 88 54 quod
1114 252 110 54 illdm,
1180 252 66 54 quid

736 296 99 42 mouet
802 296 77 42 se,
846 296 153 42 componitur
966 296 66 42 ex
999 296 110 42 duobus
1076 296 131 42 scilicet
1174 296 66 42 a,
1207 296 55 42 &

734 334 80 36 p.
774 334 66 36 &
800 334 66 36 c
827 334 120 36 forte
907 334 93 36 non
960 334 106 36 erit
1026 334 133 36 omnino
1119 334 133 36 motor,
1199 334 40 36 &

732 365 148 44 remanebit
845 365 136 44 residuum
948 365 102 44 motum
1016 365 68 44 ex
1050 365 80 44 se,
1095 365 136 44 scilicet
1186 365 57 44 il-

733 405 95 45 lud,
793 405 95 45 quid
852 405 166 45 componitur
983 405 71 45 ex
1018 405 71 45 A,
1054 405 59 45 &
1078 405 71 45 p.
1113 405 95 45 D.d.
1161 405 83 45 Neque

734 439 70 51 Bc
769 439 105 51 etiam
839 439 105 51 mouet
909 439 70 51 se
944 439 93 51 sine
1003 439 70 51 A.
1038 439 70 51 i.
1073 439 117 51 neque:
1143 439 93 51 possu-

737 475 75 51 mus
780 475 96 51 etiam
844 475 117 51 dicere,
929 475 85 51 quod
983 475 75 51 pro
1026 475 53 51 &
1047 475 53 51 c
1068 475 75 51 est
1111 475 107 51 illud,
1175 475 64 51 quid

734 515 120 47 mouet
813 515 80 47 se
853 515 106 47 sine
920 515 80 47 A.
960 515 80 47 Et
1000 515 186 47 intendebat
1133 515 106 47 conclu

738 553 95 51 dere
798 553 179 51 diuisionem,
941 553 131 51 quoniam
1036 553 83 51 non
1084 553 143 51 possumus
1179 553 60 51 di-

736 596 94 46 cere,
798 596 84 46 quod
850 596 104 46 illud,
924 596 84 46 quid
976 596 115 46 ponitur
1059 596 63 46 ex
1091 596 63 46 A,
1122 596 52 46 &
1143 596 73 46 ae,
1185 596 52 46 &
1195 596 42 46 c,

734 629 76 53 est
778 629 109 53 illud,
854 629 87 53 quid
908 629 98 53 mouet
973 629 76 53 se.
1017 629 130 53 quoniam,
1115 629 65 53 si
1136 629 109 53 aufertur

732 669 82 45 c,
773 669 177 45 remanebit
910 669 150 45 ABmoues
1019 669 95 45 se.
1073 669 123 45 neque
1142 669 95 45 etiam

738 705 156 41 possumus
855 705 130 41 dicere
946 705 91 41 hoc
999 705 78 41 in
1038 705 104 41 solo
1103 705 78 41 A:
1142 705 65 41 A
1155 705 78 41 enim

731 748 79 38 non
776 748 125 38 mouetur
867 748 91 38 sine
924 748 68 38 s:
958 748 102 38 neque
1026 748 68 38 in
1060 748 91 38 solo
1117 748 91 38 per,
1162 748 68 38 sine

734 779 75 39 A:
771 779 137 39 quoniam
870 779 137 39 necesse
970 779 87 39 est
1020 779 75 39 vt
1057 779 62 39 p
1082 779 124 39 habeat
1156 779 75 39 moto

730 818 105 42 rem:
795 818 144 42 remanet
900 818 78 42 de
939 818 196 42 necessitate
1096 818 78 42 vt
1122 818 105 42 illud,

731 857 84 50 de
773 857 98 50 quo
829 857 154 50 dicimus
941 857 140 50 mouere
1040 857 98 50 se,
1096 857 98 50 sit
1138 857 98 50 compo

734 892 97 49 situm
799 892 65 49 ex
831 892 65 49 A,
864 892 54 49 &
885 892 65 49 p.
918 892 76 49 Et,
961 892 76 49 cum
1004 892 130 49 narrauit
1101 892 86 49 quod
1155 892 65 49 pe
1177 892 54 49 non

731 929 85 41 est
779 929 122 41 mouens
865 929 85 41 se,
913 929 109 41 dedit
986 929 122 41 causam
1071 929 73 41 in
1108 929 97 41 hoc,
1168 929 61 41 &
1180 929 49 41 d.

733 970 68 40 er
767 970 91 40 enim
823 970 113 40 mouet,
903 970 91 40 quia
960 970 136 40 mouetur,
1062 970 79 40 &c.
1107 970 68 40 i.
1141 970 57 40 &
1164 970 57 40 p
1175 970 57 40 non

729 1005 93 53 est
782 1005 119 53 motum
861 1005 79 53 ex
901 1005 93 53 se,
953 1005 106 53 quia
1020 1005 145 53 positum
1125 1005 106 53 fuit
1178 1005 53 53 mo

730 1043 83 39 ueri
782 1043 62 39 ex
813 1043 83 39 alio
865 1043 125 39 scilicet
958 1043 62 39 ex
989 1043 62 39 A,
1020 1043 73 39 non
1062 1043 62 39 ab
1093 1043 104 39 aliqua
1155 1043 73 39 perte

733 1078 64 53 in
765 1078 96 53 ipso,
830 1078 128 53 quoniam,
926 1078 64 53 si
958 1078 139 53 moueretur
1065 1078 64 53 ab
1097 1078 107 53 aliqua
1161 1078 75 53 perte

726 1118 81 36 in
767 1118 122 36 ipso,
848 1118 108 36 tunc
916 1118 108 36 illa
984 1118 108 36 pars
1051 1118 122 36 esset
1119 1118 108 36 mouens

730 1154 80 41 se.
775 1154 91 41 D.d.
832 1154 125 41 quoniam
923 1154 125 41 ABsolum
1014 1154 80 41 est
1060 1154 114 41 illud,
1140 1154 91 41 quid
1185 1154 46 41 mo

730 1190 70 51 uet
770 1190 70 51 se.
810 1190 60 51 i.
841 1190 111 51 quoniam
921 1190 101 51 illdm,
992 1190 81 51 quid
1042 1190 141 51 componitur
1153 1190 60 51 ex
1173 1190 50 51 AE,

732 1228 76 49 em
770 1228 127 49 illud,
859 1228 101 49 quid
922 1228 89 49 est
973 1228 139 49 necesse
1074 1228 76 49 vt
1099 1228 127 49 moueatur

729 1265 68 42 ex
763 1265 79 42 se.
808 1265 56 42 &
830 1265 158 42 intendebat
954 1265 90 42 quod
1010 1265 79 42 per
1055 1265 79 42 non
1100 1265 90 42 fuit
1145 1265 79 42 posi-

731 1304 78 42 tum
776 1304 67 42 in
809 1304 123 42 potiene
899 1304 112 42 diuidi
977 1304 67 42 in
1011 1304 112 42 parte,
1089 1304 90 42 quae
1146 1304 78 42 est
1179 1304 45 42 mo

731 1345 91 41 tor,
787 1345 79 41 non
833 1345 113 41 motum,
912 1345 57 41 &
935 1345 68 41 in
969 1345 113 41 parte,
1048 1345 91 41 quae
1105 1345 79 41 est
1139 1345 91 41 motum,

726 1380 103 49 sed
785 1380 177 49 posuimus
918 1380 192 49 Amotorem,
1066 1380 74 49 &
1095 1380 74 49 p
1110 1380 118 49 motum.

729 1417 78 40 Et,
773 1417 78 40 cum
818 1417 112 40 posuit
896 1417 100 40 omnia
963 1417 100 40 ista,
1030 1417 100 40 dedit
1086 1417 145 40 conclionem,

732 1456 57 42 &
754 1456 69 42 d.
789 1456 126 42 Necesse
881 1456 80 42 est
927 1456 126 42 igitur,
1019 1456 80 42 &c.
1065 1456 161 42 declaratum
1180 1456 57 42 est

730 1493 112 43 igitur
808 1493 67 43 ex
841 1493 89 43 hoc,
897 1493 89 43 quod
953 1493 112 43 illud,
1031 1493 89 43 quod
1087 1493 78 43 est
1132 1493 100 43 motum
1187 1493 45 43 ex

732 1530 87 48 le,
781 1530 75 48 in
819 1530 87 48 rei
868 1530 149 48 veritate
980 1530 174 48 componitur
1117 1530 75 48 ex
1142 1530 87 48 moto-

727 1565 98 53 re,
783 1565 98 53 qui
839 1565 98 53 non
894 1565 167 53 mouetur,
1020 1565 70 53 &
1048 1565 84 53 ex
1090 1565 125 53 primo
1159 1565 70 53 mo-

731 1604 75 52 to.
774 1604 75 52 Iam
817 1604 108 52 igitur
893 1604 140 52 conclusit
1001 1604 108 52 illud,
1076 1604 86 52 quid
1119 1604 108 52 intende-

730 1644 78 38 bat
774 1644 156 38 declarare,
897 1644 56 38 &
920 1644 89 38 est,
975 1644 89 38 quod
1031 1644 100 38 motum
1098 1644 67 38 ex
1132 1644 67 38 se
1154 1644 67 38 com-

740 1681 114 48 onitur
819 1681 68 48 ex
853 1681 114 48 duabus
933 1681 125 48 prtibus
1024 1681 137 48 scilicet
1127 1681 68 48 ex
1149 1681 80 48 moto-

730 1720 80 46 re
770 1720 93 46 non
823 1720 120 46 moto,
903 1720 67 46 &
930 1720 80 46 ex
970 1720 120 46 moto,
1050 1720 107 46 quid
1116 1720 93 46 non
1156 1720 67 46 mo-

728 1764 92 30 uet
780 1764 79 30 de
820 1764 210 30 necessitate.
991 1764 105 30 D.d.
1056 1764 92 30 dum
1096 1764 131 30 conuenit

725 1795 154 56 vtrunque
841 1795 154 56 reliquo,
956 1795 90 56 aut
1007 1795 128 56 tangit
1097 1795 128 56 ipsum.
1174 1795 51 56 i.
