1416 2066
194 179 160 47 tempus
306 179 112 47 est
370 179 128 47 vnum
450 179 96 47 in
498 179 128 47 omni
578 179 144 47 loco,
658 179 48 47 &

207 223 119 48 apud
281 223 207 48 quodlibet,
444 223 74 48 &
474 223 89 48 in
518 223 178 48 respectu
637 223 59 48 eu

210 260 175 38 iuslibet,
344 260 67 38 &
371 260 175 38 conclusit
505 260 81 38 in
546 260 148 38 secunda
640 260 67 38 fi-

213 300 117 49 vura,
291 300 104 49 quod
356 300 117 49 motus
434 300 91 49 non
486 300 91 49 est
538 300 143 49 tempus,
629 300 78 49 sic.

214 330 133 48 Motus
303 330 103 48 non
362 330 103 48 est
421 330 118 48 vnus
495 330 89 48 in
539 330 118 48 omni
598 330 103 48 loco-

206 380 81 53 &
238 380 130 53 apud
320 380 228 53 quodlibet:
499 380 81 53 &
531 380 163 53 tempus
629 380 81 53 est

213 412 120 46 vnum
288 412 90 46 in
333 412 120 46 omni
408 412 135 46 loco,
498 412 75 46 &
528 412 120 46 apud
603 412 135 46 quod¬

203 455 148 43 libet:
307 455 119 43 ergo
381 455 133 43 motus
470 455 104 43 non
529 455 104 43 est
574 455 133 43 tempus.

245 506 185 54 Amplius
380 506 152 54 autem
481 506 185 54 mutatio
599 506 101 54 qui,

212 549 108 45 dem
273 549 139 45 omnis
366 549 201 45 velocior,
521 549 108 45 aut
568 549 139 45 tardior

209 592 123 52 est,
286 592 154 52 tempus
394 592 139 52 autem
486 592 108 52 non
548 592 123 52 est.
609 592 93 52 tar-

213 634 101 56 dum
270 634 116 56 enim
343 634 72 56 &
372 634 130 56 velox
459 634 130 56 tpere
531 634 174 56 definiunt.

217 676 119 46 Velox
296 676 106 46 enim
363 676 106 46 est,
429 676 106 46 quid
495 676 80 46 in
535 676 119 46 pauco
601 676 106 46 multum

205 720 172 42 mouetur:
334 720 144 42 Tardum
434 720 144 42 autem,
535 720 115 42 quod
607 720 86 42 in
635 720 72 42 mul

203 762 94 48 to
250 762 156 48 parum,
360 762 156 48 tempus
469 762 141 48 autem
563 762 110 48 non
610 762 94 48 defi

202 812 147 38 nitur
300 812 163 38 tpere,
414 812 147 38 neque
511 812 114 38 quo
560 812 147 38 quantum

205 849 124 57 quid
283 849 124 57 est,
361 849 140 57 neque
454 849 109 57 quo
501 849 124 57 quale.

252 891 89 55 Et
297 891 133 55 omnis
386 891 237 55 transmutatio
578 891 104 55 est
623 891 74 55 ve-

202 935 161 62 locior,
320 935 103 62 aut
378 935 176 62 tardior,
510 935 73 62 &
540 935 147 62 tempus
628 935 73 62 non

213 985 101 56 est
270 985 130 56 tale.
357 985 130 56 velox
443 985 115 56 enim
515 985 72 56 &
544 985 144 56 tardum
631 985 72 56 de-

203 1037 196 61 finiuntur
354 1037 105 61 per
414 1037 166 61 tempus.
534 1037 136 61 Velox
610 1037 90 61 enim

208 1084 100 63 est
265 1084 143 63 illud,
365 1084 114 63 quod
436 1084 100 63 est
493 1084 143 63 multum
593 1084 86 63 in
621 1084 86 63 tem-

194 1132 128 62 pore
274 1132 160 62 breui:
386 1132 80 62 &
418 1132 160 62 rardum
530 1132 112 62 est
578 1132 128 62 illud,

201 1181 124 61 quod
278 1181 108 61 est
340 1181 170 61 modicum
463 1181 93 61 in
509 1181 170 61 tempore
633 1181 108 61 lon

195 1229 100 61 Q.
245 1229 83 61 &
279 1229 166 61 tempus
395 1229 116 61 non
462 1229 216 61 definitur
628 1229 116 61 per

205 1277 172 62 tempus,
331 1277 141 62 neque
425 1277 188 62 secundum
566 1277 125 62 quod
629 1277 78 62 est

196 1324 213 62 quantum,
356 1324 160 62 neque
463 1324 213 62 secundum
605 1324 107 62 quod

208 1376 104 60 est
253 1376 118 60 quale.

203 1428 122 55 Ista
279 1428 107 55 est
340 1428 168 55 secunda
462 1428 259 55 contradictio,
660 1428 46 55 &

207 1473 174 49 continet
338 1473 160 49 quatuor
454 1473 189 49 propones,
585 1473 116 49 quarum

206 1509 109 57 tres
274 1509 109 57 sunt
342 1509 190 57 manifestae
492 1509 95 57 per
546 1509 95 57 se,
601 1509 68 57 &
614 1509 82 57 quar

204 1549 81 45 ta
244 1549 216 45 declarabitur
420 1549 95 45 per
474 1549 108 45 duas
541 1549 149 45 illaru.
636 1549 68 45 cum

201 1588 151 53 ligitur
311 1588 193 53 propositio
463 1588 165 53 conclusa
587 1588 83 53 ex
614 1588 83 53 dua-

200 1629 106 54 bus
261 1629 228 54 coniungetur
443 1629 91 54 ad
488 1629 167 54 tertiam
595 1629 106 54 mani-

204 1669 142 51 festam
303 1669 99 51 per
360 1669 99 51 se,
417 1669 170 51 sequetur
531 1669 170 51 conclusio,

202 1709 73 38 &
232 1709 204 38 compositio
392 1709 131 38 earum
479 1709 102 38 est
537 1709 116 38 sic.
595 1709 102 38 Velox

199 1745 77 41 &
229 1745 154 41 tardum
338 1745 93 41 in
384 1745 170 41 motibus
492 1745 216 41 definiuntur,

201 1784 107 51 per
262 1784 168 51 tempus:
384 1784 107 51 sed
445 1784 153 51 tempus
552 1784 107 51 non
598 1784 107 51 defi-

201 1829 134 46 nitur
291 1829 104 46 per
350 1829 164 46 tempus:
469 1829 119 46 ergo
544 1829 89 46 in
574 1829 134 46 secunda

205 1861 134 53 figura
299 1861 81 53 in
339 1861 148 53 tempore
447 1861 94 53 non
500 1861 94 53 est
541 1861 161 53 velocitas,

725 179 78 47 &
757 179 203 47 tarditas:
913 179 109 47 sed
975 179 94 47 in
1022 179 125 47 omni
1100 179 125 47 motu
1163 179 78 47 est

728 221 188 51 velocitas,
876 221 67 51 &
903 221 175 51 tarditas:
1037 221 108 51 ergo
1104 221 81 51 in
1131 221 108 51 secun-

723 261 94 50 da
770 261 172 50 figura,
896 261 157 50 tempus
1005 261 110 50 non
1068 261 110 50 est
1115 261 125 50 motus.

731 296 74 56 Et
768 296 124 56 dixit:
855 296 112 56 Velox
929 296 99 56 enim
991 296 87 56 est
1041 296 124 56 illud,
1127 296 99 56 quod
1177 296 62 56 est

727 336 134 48 multum,
824 336 85 48 &c.
873 336 73 48 i.
909 336 109 48 Velox
982 336 97 48 enim
1043 336 85 48 est
1091 336 121 48 illud,
1164 336 73 48 quid

731 379 213 47 pertransit
898 379 152 47 longum
1004 379 167 47 spatium
1126 379 91 47 in
1156 379 76 47 tem

724 413 110 52 pore
793 413 138 52 breui:
890 413 69 52 &
917 413 138 52 Tardum
1014 413 96 52 est
1069 413 138 52 illud,
1151 413 83 52 quid

724 453 209 56 pertransit
888 453 134 56 breue
978 453 164 56 spatium
1097 453 89 56 in
1127 453 104 56 longo

728 502 186 42 tempore.
867 502 109 42 Et,
929 502 109 42 cum
991 502 155 42 dixit:
1100 502 78 42 &
1115 502 124 42 tempus

727 540 102 44 non
786 540 189 44 definitur
931 540 102 44 per
989 540 160 44 tempus,
1105 540 102 44 &c.
1163 540 102 44 non

722 572 169 50 intendit
849 572 113 50 quod
919 572 85 50 in
961 572 155 50 tempore
1074 572 99 50 sit
1116 572 113 50 quodam

721 617 150 35 modo
815 617 224 35 quantum,
983 617 93 35 &
1002 617 224 35 quodammodo

727 650 129 48 quale:
818 650 142 48 quoniam
921 650 129 48 tempus
1012 650 91 48 est
1064 650 155 48 quantum,
1167 650 65 48 non

726 688 134 51 quale:
820 688 94 51 sed
873 688 175 51 intendit,
1008 688 107 51 quod
1061 688 175 51 impossibile

727 726 92 52 est
779 726 79 52 vt
819 726 144 52 aliquis
924 726 158 52 definiat
1042 726 131 52 tempus
1134 726 92 52 per
1173 726 66 52 tem

730 766 96 56 pus,
790 766 108 56 neque
862 766 144 56 secundum
970 766 120 56 quale,
1053 766 72 56 si
1089 766 132 56 haberet
1173 766 60 56 qua

731 805 83 46 te,
778 805 106 46 neque
849 805 142 46 secundum
956 805 130 46 quantum
1051 805 71 46 si
1086 805 142 46 haberet,
1181 805 47 46 vt

724 845 146 45 inuenimus
836 845 68 45 in
870 845 90 45 motu
926 845 146 45 definitum
1039 845 135 45 scilicet
1129 845 101 45 quoniam

730 884 176 46 velocitas,
869 884 63 46 &
894 884 163 46 tarditas,
1019 884 101 46 quae
1082 884 101 46 sunt
1145 884 75 46 in
1170 884 63 46 eo,

727 922 114 52 sunt
798 922 142 52 quale,
898 922 71 52 &
926 922 214 52 definiuntur
1097 922 100 52 per
1140 922 85 52 tem-

722 960 116 55 pus:
794 960 72 55 &
823 960 188 55 similiter
968 960 174 55 quantum,
1098 960 116 55 quid
1156 960 72 55 est

724 1001 85 41 in
766 1001 99 41 eo,
823 1001 183 41 definitur
963 1001 99 41 per
1020 1001 155 41 tempus,
1132 1001 99 41 cum
1175 1001 56 41 di

721 1048 128 34 citur
806 1048 114 34 quod
877 1048 142 34 magnus
977 1048 128 34 motus
1062 1048 100 34 est
1119 1048 85 34 in
1148 1048 85 34 tem-

722 1085 126 45 pore
801 1085 157 45 magno,
911 1085 79 45 &
942 1085 157 45 paruus
1052 1085 94 45 in
1083 1085 126 45 paruo.

720 1148 167 46 Ostendit
845 1148 153 46 tempus,
957 1148 153 46 quamuis
1068 1148 97 46 non
1124 1148 97 46 sit
1165 1148 70 46 mo-

754 1186 104 48 tus,
819 1186 91 48 non
871 1186 117 48 tamen
948 1186 104 48 esse
1013 1186 104 48 sine
1078 1186 117 48 motu,
1155 1186 65 48 &
1168 1186 65 48 de-

753 1229 169 37 claratur,
883 1229 104 37 quid
948 1229 91 37 sit
1000 1229 130 37 ipsius
1090 1229 130 37 motus:
1168 1229 65 37 vbi

761 1266 120 48 datur
841 1266 120 48 etiam
921 1266 133 48 ipsius
1014 1266 160 48 Temporis
1120 1266 107 48 defni-

733 1309 295 42 tio
902 1309 337 42 Cap.
1070 1309 169 42 A-

848 1349 114 53 Vod
913 1349 163 53 igitur
1027 1349 114 53 non
1092 1349 114 53 est
1141 1349 81 53 mo-

840 1393 112 49 tus
904 1393 225 49 manifestum
1081 1393 128 49 est.
1145 1393 80 49 ni-

829 1434 77 52 &
859 1434 108 52 hil
921 1434 139 52 autem
1014 1434 170 52 referat
1123 1434 108 52 nobis

722 1477 162 46 dicere
835 1477 97 46 in
884 1477 227 46 praesentia
1062 1477 162 46 motum,
1159 1477 81 46 aut

714 1520 253 42 mutationem.
916 1520 101 42 At
967 1520 135 42 vero
1051 1520 152 42 neque
1135 1520 101 42 sine

724 1564 204 46 mutatione.
885 1564 102 46 cum
943 1564 117 46 enim
1016 1564 117 46 ipsi
1089 1564 131 46 nihil
1162 1564 73 46 mu-

728 1604 121 45 tamur
808 1604 162 45 secundum
929 1604 256 45 intelligentiam,
1145 1604 94 45 aut
1185 1604 54 45 la

727 1647 104 43 tet
787 1647 104 43 nos
846 1647 163 43 mutari,
965 1647 104 43 non
1024 1647 163 43 videtur
1128 1647 104 43 nobis

726 1693 111 55 fuisse
804 1693 122 55 tmpens.
893 1693 111 55 sicuti
971 1693 100 55 neque
1038 1693 100 55 ijns,
1104 1693 78 55 qui
1149 1693 67 55 in
1171 1693 67 55 Sar-

728 1732 87 46 do
771 1732 174 46 fabulose
902 1732 189 46 diciturtr
1047 1732 160 46 dormire
1148 1732 87 46 apud

728 1775 159 43 Heroas,
843 1775 101 43 cum
901 1775 144 43 fuerit
1001 1775 216 43 experrecti.
1160 1775 72 43 co-

723 1820 155 51 pulant
831 1820 124 51 enim
909 1820 155 51 primum
1017 1820 124 51 nunc
1079 1820 155 51 posterio

716 1861 91 53 ri
761 1861 137 53 nunc,
853 1861 76 53 &
883 1861 167 53 faciunt
1005 1861 137 53 vnum,
1081 1861 152 53 remouen
