1416 2066
176 141 157 51 secundum
294 141 144 51 aliquam
399 141 144 51 istarum
504 141 197 51 qualitatum,
648 141 79 51 quas

188 185 166 41 numeramus
316 185 153 41 scilicet
431 185 140 41 priorum
520 185 179 41 sensibilium,

237 244 140 46 Atque
331 244 140 46 etiam
424 244 125 46 ipsi
502 244 156 46 sensus
596 244 109 46 alte-

191 289 169 41 rantur:
314 289 200 41 patiuntur
467 289 138 41 enim.
560 289 138 41 actus
637 289 62 41 e-

186 332 118 38 nim
254 332 186 38 ipsorum
389 332 152 38 motus
490 332 118 38 est
557 332 118 38 per
608 332 101 38 cor-

191 368 123 50 pus,
268 368 185 50 patiente
406 368 169 50 aliquid
529 368 154 50 sensu.
621 368 77 50 Se-

187 413 179 38 cundum
313 413 143 38 quae
402 413 179 38 igitur
510 413 197 38 inanimata

186 450 242 41 alterantur,
380 450 81 41 &
412 450 194 41 animata.
541 450 162 41 secundum

190 489 129 41 haec
271 489 145 41 omnia
368 489 242 41 alterantur,
545 489 162 41 secundum

193 529 159 48 autem,
305 529 127 48 quae
384 529 175 48 animata
496 529 207 48 alterantur,

192 570 190 41 secundum
335 570 95 41 ea
382 570 111 41 non
446 570 222 41 alterantur
604 570 95 41 ina.

183 608 192 49 nimata.
322 608 209 49 secundum
479 608 139 49 enim
548 608 157 49 sensus,

188 649 114 41 non
253 649 245 41 alterantur:
449 649 82 41 &
481 649 147 41 latet
563 649 147 41 inanima

186 692 112 38 ta,
250 692 112 38 cum
314 692 241 38 alterantur.
507 692 145 38 nihil
588 692 112 38 autem

189 732 200 46 prohibet
339 732 83 46 &
373 732 167 46 latere
489 732 200 46 animata,
623 732 83 46 cum

186 780 257 30 alterantur,
391 780 171 30 quando
511 780 120 30 non
562 780 137 30 secun-

187 813 110 37 dum
250 813 158 37 sensus
361 813 173 37 accidit
487 813 142 37 ipsis
565 813 142 37 altera-

192 853 125 50 tio.
270 853 94 50 Si
317 853 156 50 igitur
426 853 218 50 sensibiles
582 853 125 50 quidem

184 893 208 46 passiones
344 893 144 46 sunt:
440 893 112 46 per
503 893 112 46 has
567 893 144 46 autem
647 893 64 46 al

190 932 176 46 teratio
318 932 128 46 est,
398 932 112 46 hoc
463 932 112 46 iam
511 932 192 46 manisestum

190 971 125 59 est,
269 971 125 59 quod
347 971 188 59 patiens,
487 971 78 59 &
519 971 156 59 passio
612 971 94 59 sunt

186 1013 167 46 simul.
303 1013 83 46 &
336 1013 150 46 inter
436 1013 133 46 haec
520 1013 167 46 medium
620 1013 83 46 ni-

189 1054 106 44 hil
249 1054 121 44 est.
325 1054 121 44 huic
400 1054 121 44 enim
476 1054 106 44 aer
536 1054 106 44 est
581 1054 121 44 conti-

184 1095 162 49 nuus,
292 1095 144 49 aeri
382 1095 162 49 autem
471 1095 234 49 coniungitur

186 1138 180 42 corpus.
316 1138 82 42 &
349 1138 245 42 superficies
545 1138 163 42 quidem
643 1138 65 42 ad

194 1179 178 40 lumen,
319 1179 160 40 lumen
426 1179 160 40 autem
533 1179 107 40 ad
568 1179 143 40 visum.

184 1217 228 49 similiter
360 1217 158 49 autem
465 1217 88 49 &
500 1217 210 49 auditus,
657 1217 88 49 &

194 1257 205 50 odoratus
348 1257 102 50 ad
399 1257 171 50 mouens
518 1257 154 50 ipsos
604 1257 102 50 pri-

186 1294 147 45 mum.
278 1294 166 45 eodem
388 1294 166 45 autem
499 1294 147 45 modo
572 1294 129 45 simul

191 1335 81 51 &
223 1335 179 51 gustus,
353 1335 81 51 &
385 1335 146 51 sapor
467 1335 97 51 est.

234 1389 289 45 Alterantur
461 1389 165 45 enim
544 1389 165 45 quodam

189 1432 151 42 modo
284 1432 95 42 &
322 1432 208 42 sensus:
473 1432 189 42 sensus
586 1432 114 42 enim

184 1476 120 45 se
244 1476 200 45 cundum
384 1476 180 45 actum
505 1476 180 45 motus
605 1476 100 45 est

188 1522 124 51 per
259 1522 195 51 corpus,
401 1522 213 51 patiente
543 1522 159 51 aliquid

184 1562 145 49 ipso
274 1562 181 49 sensu.
401 1562 217 49 secundum
546 1562 163 49 quaecum

185 1610 130 53 que
260 1610 185 53 igitur
389 1610 259 53 inanimatum
574 1610 130 53 alte-

189 1653 183 46 ratur,
317 1653 91 46 &
353 1653 238 46 animatum:
518 1653 183 46 secundum

189 1708 288 31 quaecunque
416 1708 165 31 vero
498 1708 206 31 animatum

183 1741 147 45 non
267 1741 253 45 secundum
457 1741 189 45 eadem
562 1741 147 45 omnia

697 141 293 46 inanimatum.
932 141 137 46 non
1010 141 156 46 enim
1089 141 156 46 alte

711 189 195 43 rantur
848 189 234 43 secundum
1024 189 215 43 sensus.
1180 189 98 43 &

718 232 123 43 hoc
789 232 175 43 quidem
911 232 175 43 latet,
1034 232 158 43 illud
1122 232 105 43 vero

719 277 115 45 non
784 277 148 45 latet
883 277 197 45 patiens.
1031 277 148 45 nihil
1113 277 115 45 autem

728 320 233 42 prohibet
903 320 97 42 &
941 320 233 42 animatum
1097 320 136 42 late-

710 361 130 49 re,
785 361 185 49 quando
914 361 130 49 non
988 361 222 49 secundum
1136 361 93 49 sen

726 404 101 60 sus
783 404 188 60 alteratio
928 404 130 60 fiat.
1015 404 87 60 Si
1058 404 145 60 igitur
1145 404 87 60 alte

721 449 149 57 ratur
821 449 116 57 id,
887 449 133 57 quod
970 449 216 57 alteratur
1136 449 83 57 a
1153 449 83 57 sen

719 493 245 45 sibilibus,
911 493 105 45 in
964 493 193 45 omnibus
1104 493 123 45 his
1156 493 70 45 ma

716 537 221 49 nifestum,
886 537 136 49 quod
971 537 153 49 simul
1072 537 119 49 est
1123 537 102 49 vlti

713 585 150 50 mum
798 585 279 50 alterans,
1013 585 107 50 &
1034 585 193 50 primum,

724 628 134 53 quod
808 628 235 53 alteratur.
992 628 134 53 huic
1076 628 134 53 enim
1143 628 84 53 com

725 671 161 43 tinuus
837 671 112 43 est
902 671 129 43 aer,
982 671 129 43 aeri
1062 671 129 43 vero
1127 671 96 43 cor-

717 723 141 47 pus.
805 723 176 47 rursus
928 723 158 47 autem
1034 723 158 47 color
1122 723 105 47 qui-

718 764 138 46 dem
797 764 216 46 lumini,
954 764 177 46 lumen
1073 764 157 46 vero
1151 764 79 46 vi

708 804 168 46 sui.
813 804 189 46 eodem
939 804 189 46 autem
1064 804 168 46 modo
1169 804 105 46 &

713 847 223 43 auditus,
880 847 93 43 &
918 847 241 43 odoratus.
1085 847 148 43 primum

714 893 154 45 enim
810 893 193 45 mouens
945 893 116 45 ad
1003 893 135 45 id,
1081 893 154 45 quod
1158 893 77 45 mo

719 933 153 45 uetur,
826 933 123 45 aer.
903 933 77 45 &
933 933 77 45 i
964 933 138 45 gustu
1041 933 184 45 similiter.

720 978 165 48 simul
830 978 147 48 enim
921 978 128 48 cum
995 978 165 48 gustu
1086 978 147 48 sapor.

767 1037 84 62 Et
809 1037 112 62 ipsi
879 1037 125 62 etiam
962 1037 139 62 sensus
1046 1037 181 62 alterantur,

728 1101 120 46 quia
803 1101 210 46 patiuntur:
968 1101 135 46 actio
1059 1101 120 46 enim
1119 1101 105 46 eorum

725 1133 108 57 ect
786 1133 154 57 motus.
894 1133 92 57 Et
940 1133 138 57 omne,
1032 1133 169 57 secudum
1140 1133 92 57 quod

716 1181 203 46 alterantur
875 1181 203 46 inanimata,
1034 1181 101 46 per
1092 1181 130 46 illud
1165 1181 72 46 eta

721 1225 196 57 alterantur
875 1225 168 57 animata.
1001 1225 98 57 sed
1057 1225 98 57 non
1113 1225 98 57 per
1155 1225 70 57 omn

721 1269 131 64 illud,
813 1269 92 64 per
865 1269 105 64 quod
931 1269 144 64 animata
1036 1269 197 64 alterantur,
1180 1269 53 64 al

715 1317 194 45 terantur
860 1317 210 45 inanimata
1021 1317 113 45 non
1086 1317 129 45 enim
1150 1317 81 45 al-

721 1365 182 57 terantur
857 1365 106 57 per
918 1365 167 57 sensus.
1039 1365 76 57 &
1069 1365 91 57 cu
1100 1365 136 57 accidet

725 1412 127 47 etiam
810 1412 85 47 vt
852 1412 183 47 alteratio
993 1412 155 47 illorum
1106 1412 99 47 sit
1148 1412 85 47 sine

725 1457 237 58 sensibilibus,
920 1457 98 58 non
976 1457 209 58 percipiemus
1129 1457 98 58 alte-

720 1503 183 59 rationem.
861 1503 99 59 Et,
917 1503 113 59 cum,
988 1503 183 59 passiones
1115 1503 113 59 praece

725 1549 130 53 dunt,
811 1549 116 53 tunc
884 1549 130 53 forma
971 1549 130 53 erunt
1043 1549 188 53 sensibiles,

720 1597 77 47 &
750 1597 214 47 mediatibus
919 1597 153 47 formis
1026 1597 123 47 erit
1087 1597 138 47 altera-

724 1644 110 60 tio.
793 1644 110 60 ergo
861 1644 178 60 manifestu
998 1644 96 60 est
1053 1644 110 60 quod
1108 1644 123 60 faciens

720 1691 201 55 passionem,
877 1691 72 55 &
906 1691 158 55 patiens
1020 1691 158 55 insimul
1121 1691 100 55 sunt,

726 1736 68 58 &
754 1736 123 58 inter
836 1736 109 58 illa
904 1736 96 58 non
959 1736 96 58 est
1013 1736 137 58 mediu.
1109 1736 96 58 aer
1150 1736 82 58 enim
