<?xml version="1.0" encoding="UTF-8"?>
<alto xmlns:xsi="http://www.w3.org/2001/XMLSchema-instance"
      xmlns="http://www.loc.gov/standards/alto/ns-v2#"
      xmlns:page="http://schema.primaresearch.org/PAGE/gts/pagecontent/2013-07-15"
      xsi:schemaLocation="http://www.loc.gov/standards/alto/ns-v2# http://www.loc.gov/standards/alto/alto.xsd">
   <Description>
      <MeasurementUnit>pixel</MeasurementUnit>
      <OCRProcessing ID="IdOcr">
         <ocrProcessingStep>
            <processingDateTime>2021-02-13T08:28:29.847-05:00</processingDateTime>
            <processingSoftware>
               <softwareCreator>READ COOP</softwareCreator>
               <softwareName>Transkribus</softwareName>
            </processingSoftware>
         </ocrProcessingStep>
      </OCRProcessing>
   </Description>
   <Tags/>
   <Layout>
      <Page ID="Page1" PHYSICAL_IMG_NR="1" HEIGHT="2066" WIDTH="1420">
         <TopMargin HEIGHT="0" WIDTH="1420" VPOS="0" HPOS="0"/>
         <LeftMargin HEIGHT="2066" WIDTH="0" VPOS="0" HPOS="0"/>
         <RightMargin HEIGHT="2066" WIDTH="0" VPOS="0" HPOS="1420"/>
         <BottomMargin HEIGHT="0" WIDTH="1420" VPOS="2066" HPOS="0"/>
         <PrintSpace HEIGHT="2066" WIDTH="1420" VPOS="0" HPOS="0">
            <TextBlock ID="TextRegion_1613149401867_4009"
                       HEIGHT="1725"
                       WIDTH="518"
                       VPOS="109"
                       HPOS="210">
               <Shape>
                  <Polygon POINTS="210,109 728,109 728,1834 210,1834"/>
               </Shape>
               <TextLine ID="line_1613149401987_4012"
                         BASELINE="202"
                         HEIGHT="56"
                         WIDTH="510"
                         VPOS="146"
                         HPOS="205">
                  <String HEIGHT="56" WIDTH="96" VPOS="146" HPOS="191" CONTENT="est"/>
                  <SP HEIGHT="56" WIDTH="14" VPOS="146" HPOS="288"/>
                  <String HEIGHT="56"
                          WIDTH="138"
                          VPOS="146"
                          HPOS="246"
                          CONTENT="contra"/>
                  <SP HEIGHT="56" WIDTH="14" VPOS="146" HPOS="384"/>
                  <String HEIGHT="56"
                          WIDTH="165"
                          VPOS="146"
                          HPOS="343"
                          CONTENT="positum,"/>
                  <SP HEIGHT="56" WIDTH="14" VPOS="146" HPOS="508"/>
                  <String HEIGHT="56" WIDTH="69" VPOS="146" HPOS="467" CONTENT="&amp;"/>
                  <SP HEIGHT="56" WIDTH="14" VPOS="146" HPOS="536"/>
                  <String HEIGHT="56"
                          WIDTH="110"
                          VPOS="146"
                          HPOS="494"
                          CONTENT="haec"/>
                  <SP HEIGHT="56" WIDTH="14" VPOS="146" HPOS="605"/>
                  <String HEIGHT="56"
                          WIDTH="165"
                          VPOS="146"
                          HPOS="550"
                          CONTENT="declaratio"/>
               </TextLine>
               <TextLine ID="r2l3"
                         BASELINE="234"
                         HEIGHT="45"
                         WIDTH="494"
                         VPOS="189"
                         HPOS="214">
                  <String HEIGHT="45"
                          WIDTH="129"
                          VPOS="189"
                          HPOS="203"
                          CONTENT="communis"/>
                  <SP HEIGHT="45" WIDTH="11" VPOS="189" HPOS="332"/>
                  <String HEIGHT="45" WIDTH="75" VPOS="189" HPOS="300" CONTENT="est"/>
                  <SP HEIGHT="45" WIDTH="11" VPOS="189" HPOS="375"/>
                  <String HEIGHT="45"
                          WIDTH="107"
                          VPOS="189"
                          HPOS="343"
                          CONTENT="duobus"/>
                  <SP HEIGHT="45" WIDTH="11" VPOS="189" HPOS="450"/>
                  <String HEIGHT="45"
                          WIDTH="118"
                          VPOS="189"
                          HPOS="418"
                          CONTENT="motibus"/>
                  <SP HEIGHT="45" WIDTH="11" VPOS="189" HPOS="536"/>
                  <String HEIGHT="45"
                          WIDTH="129"
                          VPOS="189"
                          HPOS="504"
                          CONTENT="scilicet"/>
                  <SP HEIGHT="45" WIDTH="11" VPOS="189" HPOS="633"/>
                  <String HEIGHT="45"
                          WIDTH="118"
                          VPOS="189"
                          HPOS="590"
                          CONTENT="alteratio"/>
               </TextLine>
               <TextLine ID="r2l4"
                         BASELINE="274"
                         HEIGHT="49"
                         WIDTH="497"
                         VPOS="225"
                         HPOS="208">
                  <String HEIGHT="49"
                          WIDTH="117"
                          VPOS="225"
                          HPOS="193"
                          CONTENT="nis,"/>
                  <SP HEIGHT="49" WIDTH="15" VPOS="225" HPOS="310"/>
                  <String HEIGHT="49" WIDTH="73" VPOS="225" HPOS="266" CONTENT="&amp;"/>
                  <SP HEIGHT="49" WIDTH="15" VPOS="225" HPOS="340"/>
                  <String HEIGHT="49"
                          WIDTH="190"
                          VPOS="225"
                          HPOS="296"
                          CONTENT="augmenti."/>
                  <SP HEIGHT="49" WIDTH="15" VPOS="225" HPOS="486"/>
                  <String HEIGHT="49" WIDTH="88" VPOS="225" HPOS="442" CONTENT="In"/>
                  <SP HEIGHT="49" WIDTH="15" VPOS="225" HPOS="530"/>
                  <String HEIGHT="49"
                          WIDTH="234"
                          VPOS="225"
                          HPOS="471"
                          CONTENT="transmutatione"/>
               </TextLine>
               <TextLine ID="r2l7"
                         BASELINE="315"
                         HEIGHT="52"
                         WIDTH="494"
                         VPOS="263"
                         HPOS="214">
                  <String HEIGHT="52"
                          WIDTH="117"
                          VPOS="263"
                          HPOS="201"
                          CONTENT="autem"/>
                  <SP HEIGHT="52" WIDTH="13" VPOS="263" HPOS="318"/>
                  <String HEIGHT="52"
                          WIDTH="221"
                          VPOS="263"
                          HPOS="279"
                          CONTENT="generationis,"/>
                  <SP HEIGHT="52" WIDTH="13" VPOS="263" HPOS="500"/>
                  <String HEIGHT="52" WIDTH="65" VPOS="263" HPOS="461" CONTENT="&amp;"/>
                  <SP HEIGHT="52" WIDTH="13" VPOS="263" HPOS="526"/>
                  <String HEIGHT="52"
                          WIDTH="208"
                          VPOS="263"
                          HPOS="487"
                          CONTENT="corruptionis"/>
                  <SP HEIGHT="52" WIDTH="13" VPOS="263" HPOS="695"/>
                  <String HEIGHT="52" WIDTH="65" VPOS="263" HPOS="643" CONTENT="non"/>
               </TextLine>
               <TextLine ID="r2l9"
                         BASELINE="354"
                         HEIGHT="53"
                         WIDTH="496"
                         VPOS="301"
                         HPOS="217">
                  <String HEIGHT="53"
                          WIDTH="147"
                          VPOS="301"
                          HPOS="204"
                          CONTENT="apparet"/>
                  <SP HEIGHT="53" WIDTH="13" VPOS="301" HPOS="351"/>
                  <String HEIGHT="53"
                          WIDTH="147"
                          VPOS="301"
                          HPOS="311"
                          CONTENT="alietas"/>
                  <SP HEIGHT="53" WIDTH="13" VPOS="301" HPOS="458"/>
                  <String HEIGHT="53"
                          WIDTH="134"
                          VPOS="301"
                          HPOS="418"
                          CONTENT="duorum"/>
                  <SP HEIGHT="53" WIDTH="13" VPOS="301" HPOS="552"/>
                  <String HEIGHT="53"
                          WIDTH="134"
                          VPOS="301"
                          HPOS="512"
                          CONTENT="motuum"/>
                  <SP HEIGHT="53" WIDTH="13" VPOS="301" HPOS="646"/>
                  <String HEIGHT="53" WIDTH="80" VPOS="301" HPOS="606" CONTENT="ex"/>
                  <SP HEIGHT="53" WIDTH="13" VPOS="301" HPOS="686"/>
                  <String HEIGHT="53" WIDTH="80" VPOS="301" HPOS="633" CONTENT="quod"/>
               </TextLine>
               <TextLine ID="r2l11"
                         BASELINE="390"
                         HEIGHT="49"
                         WIDTH="487"
                         VPOS="341"
                         HPOS="218">
                  <String HEIGHT="49" WIDTH="73" VPOS="341" HPOS="206" CONTENT="te"/>
                  <SP HEIGHT="49" WIDTH="12" VPOS="341" HPOS="279"/>
                  <String HEIGHT="49" WIDTH="97" VPOS="341" HPOS="242" CONTENT="moti"/>
                  <SP HEIGHT="49" WIDTH="12" VPOS="341" HPOS="340"/>
                  <String HEIGHT="49"
                          WIDTH="110"
                          VPOS="341"
                          HPOS="303"
                          CONTENT="inter"/>
                  <SP HEIGHT="49" WIDTH="12" VPOS="341" HPOS="413"/>
                  <String HEIGHT="49" WIDTH="97" VPOS="341" HPOS="376" CONTENT="eos:"/>
                  <SP HEIGHT="49" WIDTH="12" VPOS="341" HPOS="474"/>
                  <String HEIGHT="49" WIDTH="85" VPOS="341" HPOS="437" CONTENT="cum"/>
                  <SP HEIGHT="49" WIDTH="12" VPOS="341" HPOS="522"/>
                  <String HEIGHT="49"
                          WIDTH="122"
                          VPOS="341"
                          HPOS="486"
                          CONTENT="illud,"/>
                  <SP HEIGHT="49" WIDTH="12" VPOS="341" HPOS="608"/>
                  <String HEIGHT="49" WIDTH="97" VPOS="341" HPOS="571" CONTENT="quid"/>
                  <SP HEIGHT="49" WIDTH="12" VPOS="341" HPOS="668"/>
                  <String HEIGHT="49"
                          WIDTH="85"
                          VPOS="341"
                          HPOS="620"
                          CONTENT="trans"/>
               </TextLine>
               <TextLine ID="r2l13"
                         BASELINE="427"
                         HEIGHT="47"
                         WIDTH="487"
                         VPOS="380"
                         HPOS="221">
                  <String HEIGHT="47"
                          WIDTH="145"
                          VPOS="380"
                          HPOS="208"
                          CONTENT="mutatur"/>
                  <SP HEIGHT="47" WIDTH="13" VPOS="380" HPOS="353"/>
                  <String HEIGHT="47" WIDTH="92" VPOS="380" HPOS="313" CONTENT="hoc"/>
                  <SP HEIGHT="47" WIDTH="13" VPOS="380" HPOS="405"/>
                  <String HEIGHT="47"
                          WIDTH="105"
                          VPOS="380"
                          HPOS="366"
                          CONTENT="motu"/>
                  <SP HEIGHT="47" WIDTH="13" VPOS="380" HPOS="471"/>
                  <String HEIGHT="47"
                          WIDTH="263"
                          VPOS="380"
                          HPOS="432"
                          CONTENT="transmutationis,"/>
                  <SP HEIGHT="47" WIDTH="13" VPOS="380" HPOS="695"/>
                  <String HEIGHT="47" WIDTH="66" VPOS="380" HPOS="642" CONTENT="non"/>
               </TextLine>
               <TextLine ID="r2l16"
                         BASELINE="471"
                         HEIGHT="51"
                         WIDTH="486"
                         VPOS="420"
                         HPOS="223">
                  <String HEIGHT="51" WIDTH="90" VPOS="420" HPOS="210" CONTENT="est"/>
                  <SP HEIGHT="51" WIDTH="13" VPOS="420" HPOS="300"/>
                  <String HEIGHT="51"
                          WIDTH="141"
                          VPOS="420"
                          HPOS="261"
                          CONTENT="aliquid"/>
                  <SP HEIGHT="51" WIDTH="13" VPOS="420" HPOS="402"/>
                  <String HEIGHT="51"
                          WIDTH="205"
                          VPOS="420"
                          HPOS="364"
                          CONTENT="demonstratum"/>
                  <SP HEIGHT="51" WIDTH="13" VPOS="420" HPOS="568"/>
                  <String HEIGHT="51" WIDTH="77" VPOS="420" HPOS="530" CONTENT="in"/>
                  <SP HEIGHT="51" WIDTH="13" VPOS="420" HPOS="607"/>
                  <String HEIGHT="51"
                          WIDTH="128"
                          VPOS="420"
                          HPOS="568"
                          CONTENT="duobus"/>
                  <SP HEIGHT="51" WIDTH="13" VPOS="420" HPOS="696"/>
                  <String HEIGHT="51"
                          WIDTH="64"
                          VPOS="420"
                          HPOS="645"
                          CONTENT="ex"
                          SUBS_TYPE="HypPart1"
                          SUBS_CONTENT="extremis"/>
                  <HYP CONTENT="-"/>
               </TextLine>
               <TextLine ID="r2l18"
                         BASELINE="503"
                         HEIGHT="52"
                         WIDTH="489"
                         VPOS="451"
                         HPOS="220">
                  <String HEIGHT="52"
                          WIDTH="148"
                          VPOS="451"
                          HPOS="205"
                          CONTENT="tremis"
                          SUBS_TYPE="HypPart2"
                          SUBS_CONTENT="extremis"/>
                  <SP HEIGHT="52" WIDTH="15" VPOS="451" HPOS="353"/>
                  <String HEIGHT="52"
                          WIDTH="163"
                          VPOS="451"
                          HPOS="309"
                          CONTENT="motuum."/>
                  <SP HEIGHT="52" WIDTH="15" VPOS="451" HPOS="472"/>
                  <String HEIGHT="52" WIDTH="74" VPOS="451" HPOS="427" CONTENT="&amp;"/>
                  <SP HEIGHT="52" WIDTH="15" VPOS="451" HPOS="502"/>
                  <String HEIGHT="52"
                          WIDTH="119"
                          VPOS="451"
                          HPOS="457"
                          CONTENT="ideo"/>
                  <SP HEIGHT="52" WIDTH="15" VPOS="451" HPOS="576"/>
                  <String HEIGHT="52"
                          WIDTH="193"
                          VPOS="451"
                          HPOS="531"
                          CONTENT="processit"/>
                  <SP HEIGHT="52" WIDTH="15" VPOS="451" HPOS="724"/>
                  <String HEIGHT="52" WIDTH="44" VPOS="451" HPOS="665" CONTENT="i"/>
               </TextLine>
               <TextLine ID="r2l20"
                         BASELINE="539"
                         HEIGHT="50"
                         WIDTH="487"
                         VPOS="489"
                         HPOS="223">
                  <String HEIGHT="50" WIDTH="81" VPOS="489" HPOS="211" CONTENT="hoc"/>
                  <SP HEIGHT="50" WIDTH="12" VPOS="489" HPOS="293"/>
                  <String HEIGHT="50" WIDTH="81" VPOS="489" HPOS="258" CONTENT="per"/>
                  <SP HEIGHT="50" WIDTH="12" VPOS="489" HPOS="339"/>
                  <String HEIGHT="50"
                          WIDTH="104"
                          VPOS="489"
                          HPOS="304"
                          CONTENT="aliam"/>
                  <SP HEIGHT="50" WIDTH="12" VPOS="489" HPOS="409"/>
                  <String HEIGHT="50" WIDTH="93" VPOS="489" HPOS="374" CONTENT="viam"/>
                  <SP HEIGHT="50" WIDTH="12" VPOS="489" HPOS="467"/>
                  <String HEIGHT="50"
                          WIDTH="139"
                          VPOS="489"
                          HPOS="432"
                          CONTENT="communem"/>
                  <SP HEIGHT="50" WIDTH="12" VPOS="489" HPOS="571"/>
                  <String HEIGHT="50"
                          WIDTH="104"
                          VPOS="489"
                          HPOS="536"
                          CONTENT="aliis"/>
                  <SP HEIGHT="50" WIDTH="12" VPOS="489" HPOS="640"/>
                  <String HEIGHT="50"
                          WIDTH="116"
                          VPOS="489"
                          HPOS="594"
                          CONTENT="transmu"
                          SUBS_TYPE="HypPart1"
                          SUBS_CONTENT="transmutationibus:"/>
                  <HYP CONTENT="-"/>
               </TextLine>
               <TextLine ID="r2l23"
                         BASELINE="579"
                         HEIGHT="46"
                         WIDTH="494"
                         VPOS="533"
                         HPOS="220">
                  <String HEIGHT="46"
                          WIDTH="172"
                          VPOS="533"
                          HPOS="209"
                          CONTENT="tationibus:"
                          SUBS_TYPE="HypPart2"
                          SUBS_CONTENT="transmutationibus:"/>
                  <SP HEIGHT="46" WIDTH="11" VPOS="533" HPOS="381"/>
                  <String HEIGHT="46" WIDTH="57" VPOS="533" HPOS="346" CONTENT="&amp;"/>
                  <SP HEIGHT="46" WIDTH="11" VPOS="533" HPOS="404"/>
                  <String HEIGHT="46" WIDTH="92" VPOS="533" HPOS="369" CONTENT="est,"/>
                  <SP HEIGHT="46" WIDTH="11" VPOS="533" HPOS="461"/>
                  <String HEIGHT="46"
                          WIDTH="126"
                          VPOS="533"
                          HPOS="427"
                          CONTENT="quoniam"/>
                  <SP HEIGHT="46" WIDTH="11" VPOS="533" HPOS="553"/>
                  <String HEIGHT="46"
                          WIDTH="103"
                          VPOS="533"
                          HPOS="519"
                          CONTENT="inter"/>
                  <SP HEIGHT="46" WIDTH="11" VPOS="533" HPOS="622"/>
                  <String HEIGHT="46"
                          WIDTH="103"
                          VPOS="533"
                          HPOS="588"
                          CONTENT="omnes"/>
                  <SP HEIGHT="46" WIDTH="11" VPOS="533" HPOS="691"/>
                  <String HEIGHT="46" WIDTH="69" VPOS="533" HPOS="645" CONTENT="duos"/>
               </TextLine>
               <TextLine ID="r2l25"
                         BASELINE="622"
                         HEIGHT="56"
                         WIDTH="487"
                         VPOS="566"
                         HPOS="224">
                  <String HEIGHT="56"
                          WIDTH="115"
                          VPOS="566"
                          HPOS="211"
                          CONTENT="motus"/>
                  <SP HEIGHT="56" WIDTH="13" VPOS="566" HPOS="327"/>
                  <String HEIGHT="56"
                          WIDTH="167"
                          VPOS="566"
                          HPOS="288"
                          CONTENT="oppositos"/>
                  <SP HEIGHT="56" WIDTH="13" VPOS="566" HPOS="455"/>
                  <String HEIGHT="56" WIDTH="90" VPOS="566" HPOS="416" CONTENT="est"/>
                  <SP HEIGHT="56" WIDTH="13" VPOS="566" HPOS="506"/>
                  <String HEIGHT="56"
                          WIDTH="128"
                          VPOS="566"
                          HPOS="468"
                          CONTENT="tamens"/>
                  <SP HEIGHT="56" WIDTH="13" VPOS="566" HPOS="596"/>
                  <String HEIGHT="56"
                          WIDTH="167"
                          VPOS="566"
                          HPOS="544"
                          CONTENT="necessario."/>
               </TextLine>
               <TextLine ID="r2l27"
                         BASELINE="649"
                         HEIGHT="44"
                         WIDTH="480"
                         VPOS="605"
                         HPOS="226">
                  <String HEIGHT="44" WIDTH="69" VPOS="605" HPOS="215" CONTENT="&amp;,"/>
                  <SP HEIGHT="44" WIDTH="11" VPOS="605" HPOS="283"/>
                  <String HEIGHT="44" WIDTH="80" VPOS="605" HPOS="249" CONTENT="cum"/>
                  <SP HEIGHT="44" WIDTH="11" VPOS="605" HPOS="329"/>
                  <String HEIGHT="44" WIDTH="80" VPOS="605" HPOS="295" CONTENT="ita"/>
                  <SP HEIGHT="44" WIDTH="11" VPOS="605" HPOS="375"/>
                  <String HEIGHT="44" WIDTH="91" VPOS="605" HPOS="340" CONTENT="sit,"/>
                  <SP HEIGHT="44" WIDTH="11" VPOS="605" HPOS="432"/>
                  <String HEIGHT="44" WIDTH="69" VPOS="605" HPOS="397" CONTENT="d."/>
                  <SP HEIGHT="44" WIDTH="11" VPOS="605" HPOS="466"/>
                  <String HEIGHT="44" WIDTH="69" VPOS="605" HPOS="432" CONTENT="Et"/>
                  <SP HEIGHT="44" WIDTH="11" VPOS="605" HPOS="500"/>
                  <String HEIGHT="44"
                          WIDTH="137"
                          VPOS="605"
                          HPOS="466"
                          CONTENT="secundum"/>
                  <SP HEIGHT="44" WIDTH="11" VPOS="605" HPOS="603"/>
                  <String HEIGHT="44" WIDTH="91" VPOS="605" HPOS="569" CONTENT="hunc"/>
                  <SP HEIGHT="44" WIDTH="11" VPOS="605" HPOS="660"/>
                  <String HEIGHT="44"
                          WIDTH="91"
                          VPOS="605"
                          HPOS="615"
                          CONTENT="modum,"/>
               </TextLine>
               <TextLine ID="r2l29"
                         BASELINE="691"
                         HEIGHT="46"
                         WIDTH="493"
                         VPOS="645"
                         HPOS="222">
                  <String HEIGHT="46" WIDTH="99" VPOS="645" HPOS="208" CONTENT="&amp;c."/>
                  <SP HEIGHT="46" WIDTH="14" VPOS="645" HPOS="307"/>
                  <String HEIGHT="46" WIDTH="85" VPOS="645" HPOS="264" CONTENT="Et"/>
                  <SP HEIGHT="46" WIDTH="14" VPOS="645" HPOS="349"/>
                  <String HEIGHT="46"
                          WIDTH="169"
                          VPOS="645"
                          HPOS="307"
                          CONTENT="intendit"/>
                  <SP HEIGHT="46" WIDTH="14" VPOS="645" HPOS="476"/>
                  <String HEIGHT="46" WIDTH="99" VPOS="645" HPOS="433" CONTENT="per"/>
                  <SP HEIGHT="46" WIDTH="14" VPOS="645" HPOS="532"/>
                  <String HEIGHT="46"
                          WIDTH="127"
                          VPOS="645"
                          HPOS="490"
                          CONTENT="modos"/>
                  <SP HEIGHT="46" WIDTH="14" VPOS="645" HPOS="616"/>
                  <String HEIGHT="46"
                          WIDTH="155"
                          VPOS="645"
                          HPOS="560"
                          CONTENT="transmuta"/>
               </TextLine>
               <TextLine ID="r2l31"
                         BASELINE="730"
                         HEIGHT="49"
                         WIDTH="488"
                         VPOS="681"
                         HPOS="220">
                  <String HEIGHT="49"
                          WIDTH="144"
                          VPOS="681"
                          HPOS="206"
                          CONTENT="tionis"/>
                  <SP HEIGHT="49" WIDTH="14" VPOS="681" HPOS="349"/>
                  <String HEIGHT="49"
                          WIDTH="273"
                          VPOS="681"
                          HPOS="306"
                          CONTENT="transmutationes"/>
                  <SP HEIGHT="49" WIDTH="14" VPOS="681" HPOS="579"/>
                  <String HEIGHT="49"
                          WIDTH="187"
                          VPOS="681"
                          HPOS="536"
                          CONTENT="residuas,"/>
                  <SP HEIGHT="49" WIDTH="14" VPOS="681" HPOS="722"/>
                  <String HEIGHT="49" WIDTH="43" VPOS="681" HPOS="665" CONTENT="&amp;"/>
               </TextLine>
               <TextLine ID="r2l32"
                         BASELINE="775"
                         HEIGHT="60"
                         WIDTH="486"
                         VPOS="715"
                         HPOS="218">
                  <String HEIGHT="60" WIDTH="77" VPOS="715" HPOS="205" CONTENT="d."/>
                  <SP HEIGHT="60" WIDTH="13" VPOS="715" HPOS="282"/>
                  <String HEIGHT="60"
                          WIDTH="102"
                          VPOS="715"
                          HPOS="244"
                          CONTENT="quod"/>
                  <SP HEIGHT="60" WIDTH="13" VPOS="715" HPOS="346"/>
                  <String HEIGHT="60"
                          WIDTH="179"
                          VPOS="715"
                          HPOS="308"
                          CONTENT="generatio,"/>
                  <SP HEIGHT="60" WIDTH="13" VPOS="715" HPOS="487"/>
                  <String HEIGHT="60" WIDTH="64" VPOS="715" HPOS="448" CONTENT="&amp;"/>
                  <SP HEIGHT="60" WIDTH="13" VPOS="715" HPOS="512"/>
                  <String HEIGHT="60"
                          WIDTH="166"
                          VPOS="715"
                          HPOS="474"
                          CONTENT="corruptio"/>
                  <SP HEIGHT="60" WIDTH="13" VPOS="715" HPOS="640"/>
                  <String HEIGHT="60"
                          WIDTH="102"
                          VPOS="715"
                          HPOS="602"
                          CONTENT="sunt"/>
                  <SP HEIGHT="60" WIDTH="13" VPOS="715" HPOS="704"/>
                  <String HEIGHT="60" WIDTH="51" VPOS="715" HPOS="653" CONTENT="or"/>
               </TextLine>
               <TextLine ID="r2l34"
                         BASELINE="814"
                         HEIGHT="54"
                         WIDTH="487"
                         VPOS="760"
                         HPOS="218">
                  <String HEIGHT="54"
                          WIDTH="119"
                          VPOS="760"
                          HPOS="206"
                          CONTENT="posita"/>
                  <SP HEIGHT="54" WIDTH="12" VPOS="760" HPOS="325"/>
                  <String HEIGHT="54"
                          WIDTH="214"
                          VPOS="760"
                          HPOS="289"
                          CONTENT="simpierisiter,"/>
                  <SP HEIGHT="54" WIDTH="12" VPOS="760" HPOS="503"/>
                  <String HEIGHT="54" WIDTH="95" VPOS="760" HPOS="467" CONTENT="quia"/>
                  <SP HEIGHT="54" WIDTH="12" VPOS="760" HPOS="562"/>
                  <String HEIGHT="54"
                          WIDTH="166"
                          VPOS="760"
                          HPOS="527"
                          CONTENT="opponuntur"/>
                  <SP HEIGHT="54" WIDTH="12" VPOS="760" HPOS="693"/>
                  <String HEIGHT="54"
                          WIDTH="59"
                          VPOS="760"
                          HPOS="646"
                          CONTENT="si"
                          SUBS_TYPE="HypPart1"
                          SUBS_CONTENT="sibi"/>
                  <HYP CONTENT="-"/>
               </TextLine>
               <TextLine ID="r2l35"
                         BASELINE="843"
                         HEIGHT="47"
                         WIDTH="499"
                         VPOS="796"
                         HPOS="219">
                  <String HEIGHT="47"
                          WIDTH="62"
                          VPOS="796"
                          HPOS="209"
                          CONTENT="bi"
                          SUBS_TYPE="HypPart2"
                          SUBS_CONTENT="sibi"/>
                  <SP HEIGHT="47" WIDTH="10" VPOS="796" HPOS="271"/>
                  <String HEIGHT="47"
                          WIDTH="125"
                          VPOS="796"
                          HPOS="240"
                          CONTENT="secundum"/>
                  <SP HEIGHT="47" WIDTH="10" VPOS="796" HPOS="365"/>
                  <String HEIGHT="47"
                          WIDTH="94"
                          VPOS="796"
                          HPOS="333"
                          CONTENT="esse,"/>
                  <SP HEIGHT="47" WIDTH="10" VPOS="796" HPOS="427"/>
                  <String HEIGHT="47" WIDTH="52" VPOS="796" HPOS="396" CONTENT="&amp;"/>
                  <SP HEIGHT="47" WIDTH="10" VPOS="796" HPOS="448"/>
                  <String HEIGHT="47" WIDTH="73" VPOS="796" HPOS="417" CONTENT="non"/>
                  <SP HEIGHT="47" WIDTH="10" VPOS="796" HPOS="489"/>
                  <String HEIGHT="47"
                          WIDTH="94"
                          VPOS="796"
                          HPOS="458"
                          CONTENT="esse."/>
                  <SP HEIGHT="47" WIDTH="10" VPOS="796" HPOS="552"/>
                  <String HEIGHT="47" WIDTH="83" VPOS="796" HPOS="520" CONTENT="D.d."/>
                  <SP HEIGHT="47" WIDTH="10" VPOS="796" HPOS="604"/>
                  <String HEIGHT="47" WIDTH="52" VPOS="796" HPOS="572" CONTENT="&amp;"/>
                  <SP HEIGHT="47" WIDTH="10" VPOS="796" HPOS="624"/>
                  <String HEIGHT="47" WIDTH="83" VPOS="796" HPOS="593" CONTENT="quae"/>
                  <SP HEIGHT="47" WIDTH="10" VPOS="796" HPOS="676"/>
                  <String HEIGHT="47"
                          WIDTH="83"
                          VPOS="796"
                          HPOS="635"
                          CONTENT="suntam"/>
               </TextLine>
               <TextLine ID="r2l36"
                         BASELINE="885"
                         HEIGHT="48"
                         WIDTH="478"
                         VPOS="837"
                         HPOS="228">
                  <String HEIGHT="48"
                          WIDTH="178"
                          VPOS="837"
                          HPOS="214"
                          CONTENT="vnoquoque"/>
                  <SP HEIGHT="48" WIDTH="14" VPOS="837" HPOS="392"/>
                  <String HEIGHT="48"
                          WIDTH="191"
                          VPOS="837"
                          HPOS="351"
                          CONTENT="indiuiduo,"/>
                  <SP HEIGHT="48" WIDTH="14" VPOS="837" HPOS="542"/>
                  <String HEIGHT="48" WIDTH="96" VPOS="837" HPOS="501" CONTENT="&amp;c."/>
                  <SP HEIGHT="48" WIDTH="14" VPOS="837" HPOS="597"/>
                  <String HEIGHT="48" WIDTH="82" VPOS="837" HPOS="556" CONTENT="i."/>
                  <SP HEIGHT="48" WIDTH="14" VPOS="837" HPOS="638"/>
                  <String HEIGHT="48" WIDTH="68" VPOS="837" HPOS="597" CONTENT="&amp;"/>
                  <SP HEIGHT="48" WIDTH="14" VPOS="837" HPOS="665"/>
                  <String HEIGHT="48"
                          WIDTH="96"
                          VPOS="837"
                          HPOS="610"
                          CONTENT="gene"
                          SUBS_TYPE="HypPart1"
                          SUBS_CONTENT="generatio"/>
                  <HYP CONTENT="-"/>
               </TextLine>
               <TextLine ID="r2l37"
                         BASELINE="912"
                         HEIGHT="41"
                         WIDTH="503"
                         VPOS="871"
                         HPOS="216">
                  <String HEIGHT="41"
                          WIDTH="129"
                          VPOS="871"
                          HPOS="202"
                          CONTENT="ratio"
                          SUBS_TYPE="HypPart2"
                          SUBS_CONTENT="generatio"/>
                  <SP HEIGHT="41" WIDTH="14" VPOS="871" HPOS="331"/>
                  <String HEIGHT="41"
                          WIDTH="172"
                          VPOS="871"
                          HPOS="288"
                          CONTENT="existens"/>
                  <SP HEIGHT="41" WIDTH="14" VPOS="871" HPOS="460"/>
                  <String HEIGHT="41" WIDTH="86" VPOS="871" HPOS="417" CONTENT="in"/>
                  <SP HEIGHT="41" WIDTH="14" VPOS="871" HPOS="503"/>
                  <String HEIGHT="41"
                          WIDTH="144"
                          VPOS="871"
                          HPOS="460"
                          CONTENT="aliquo"/>
                  <SP HEIGHT="41" WIDTH="14" VPOS="871" HPOS="604"/>
                  <String HEIGHT="41"
                          WIDTH="172"
                          VPOS="871"
                          HPOS="547"
                          CONTENT="indiuiduo,"/>
               </TextLine>
               <TextLine ID="r2l38"
                         BASELINE="955"
                         HEIGHT="44"
                         WIDTH="486"
                         VPOS="911"
                         HPOS="226">
                  <String HEIGHT="44" WIDTH="97" VPOS="911" HPOS="212" CONTENT="est"/>
                  <SP HEIGHT="44" WIDTH="14" VPOS="911" HPOS="309"/>
                  <String HEIGHT="44"
                          WIDTH="167"
                          VPOS="911"
                          HPOS="268"
                          CONTENT="opposita"/>
                  <SP HEIGHT="44" WIDTH="14" VPOS="911" HPOS="434"/>
                  <String HEIGHT="44"
                          WIDTH="222"
                          VPOS="911"
                          HPOS="393"
                          CONTENT="corruptioni,"/>
                  <SP HEIGHT="44" WIDTH="14" VPOS="911" HPOS="615"/>
                  <String HEIGHT="44"
                          WIDTH="153"
                          VPOS="911"
                          HPOS="559"
                          CONTENT="existenti"/>
               </TextLine>
               <TextLine ID="r2l39"
                         BASELINE="998"
                         HEIGHT="49"
                         WIDTH="490"
                         VPOS="949"
                         HPOS="229">
                  <String HEIGHT="49" WIDTH="84" VPOS="949" HPOS="215" CONTENT="in"/>
                  <SP HEIGHT="49" WIDTH="14" VPOS="949" HPOS="299"/>
                  <String HEIGHT="49"
                          WIDTH="112"
                          VPOS="949"
                          HPOS="257"
                          CONTENT="illo"/>
                  <SP HEIGHT="49" WIDTH="14" VPOS="949" HPOS="369"/>
                  <String HEIGHT="49"
                          WIDTH="126"
                          VPOS="949"
                          HPOS="327"
                          CONTENT="eodem"/>
                  <SP HEIGHT="49" WIDTH="14" VPOS="949" HPOS="453"/>
                  <String HEIGHT="49"
                          WIDTH="196"
                          VPOS="949"
                          HPOS="411"
                          CONTENT="indiuiduo."/>
                  <SP HEIGHT="49" WIDTH="14" VPOS="949" HPOS="607"/>
                  <String HEIGHT="49" WIDTH="84" VPOS="949" HPOS="565" CONTENT="i."/>
                  <SP HEIGHT="49" WIDTH="14" VPOS="949" HPOS="649"/>
                  <String HEIGHT="49"
                          WIDTH="126"
                          VPOS="949"
                          HPOS="593"
                          CONTENT="quoniam"/>
               </TextLine>
               <TextLine ID="r2l40"
                         BASELINE="1039"
                         HEIGHT="50"
                         WIDTH="490"
                         VPOS="989"
                         HPOS="222">
                  <String HEIGHT="50"
                          WIDTH="204"
                          VPOS="989"
                          HPOS="208"
                          CONTENT="impossibile"/>
                  <SP HEIGHT="50" WIDTH="14" VPOS="989" HPOS="413"/>
                  <String HEIGHT="50" WIDTH="95" VPOS="989" HPOS="372" CONTENT="est"/>
                  <SP HEIGHT="50" WIDTH="14" VPOS="989" HPOS="467"/>
                  <String HEIGHT="50" WIDTH="82" VPOS="989" HPOS="426" CONTENT="vt"/>
                  <SP HEIGHT="50" WIDTH="14" VPOS="989" HPOS="508"/>
                  <String HEIGHT="50"
                          WIDTH="191"
                          VPOS="989"
                          HPOS="467"
                          CONTENT="generatio,"/>
                  <SP HEIGHT="50" WIDTH="14" VPOS="989" HPOS="658"/>
                  <String HEIGHT="50" WIDTH="68" VPOS="989" HPOS="617" CONTENT="&amp;"/>
                  <SP HEIGHT="50" WIDTH="14" VPOS="989" HPOS="685"/>
                  <String HEIGHT="50"
                          WIDTH="82"
                          VPOS="989"
                          HPOS="630"
                          CONTENT="cor"
                          SUBS_TYPE="HypPart1"
                          SUBS_CONTENT="corruptio"/>
                  <HYP CONTENT="-"/>
               </TextLine>
               <TextLine ID="r2l41"
                         BASELINE="1067"
                         HEIGHT="38"
                         WIDTH="477"
                         VPOS="1029"
                         HPOS="224">
                  <String HEIGHT="38"
                          WIDTH="136"
                          VPOS="1029"
                          HPOS="210"
                          CONTENT="ruptio"
                          SUBS_TYPE="HypPart2"
                          SUBS_CONTENT="corruptio"/>
                  <SP HEIGHT="38" WIDTH="14" VPOS="1029" HPOS="347"/>
                  <String HEIGHT="38"
                          WIDTH="150"
                          VPOS="1029"
                          HPOS="306"
                          CONTENT="insimul"/>
                  <SP HEIGHT="38" WIDTH="14" VPOS="1029" HPOS="456"/>
                  <String HEIGHT="38"
                          WIDTH="109"
                          VPOS="1029"
                          HPOS="415"
                          CONTENT="sint"/>
                  <SP HEIGHT="38" WIDTH="14" VPOS="1029" HPOS="524"/>
                  <String HEIGHT="38" WIDTH="82" VPOS="1029" HPOS="483" CONTENT="in"/>
                  <SP HEIGHT="38" WIDTH="14" VPOS="1029" HPOS="565"/>
                  <String HEIGHT="38"
                          WIDTH="123"
                          VPOS="1029"
                          HPOS="524"
                          CONTENT="eodem"/>
                  <SP HEIGHT="38" WIDTH="14" VPOS="1029" HPOS="646"/>
                  <String HEIGHT="38"
                          WIDTH="109"
                          VPOS="1029"
                          HPOS="592"
                          CONTENT="indiui"/>
               </TextLine>
               <TextLine ID="r2l42"
                         BASELINE="1107"
                         HEIGHT="39"
                         WIDTH="498"
                         VPOS="1068"
                         HPOS="224">
                  <String HEIGHT="39" WIDTH="89" VPOS="1068" HPOS="211" CONTENT="duo"/>
                  <SP HEIGHT="39" WIDTH="13" VPOS="1068" HPOS="301"/>
                  <String HEIGHT="39" WIDTH="77" VPOS="1068" HPOS="262" CONTENT="in"/>
                  <SP HEIGHT="39" WIDTH="13" VPOS="1068" HPOS="339"/>
                  <String HEIGHT="39"
                          WIDTH="115"
                          VPOS="1068"
                          HPOS="301"
                          CONTENT="eodem"/>
                  <SP HEIGHT="39" WIDTH="13" VPOS="1068" HPOS="416"/>
                  <String HEIGHT="39"
                          WIDTH="115"
                          VPOS="1068"
                          HPOS="377"
                          CONTENT="tpre:"/>
                  <SP HEIGHT="39" WIDTH="13" VPOS="1068" HPOS="492"/>
                  <String HEIGHT="39"
                          WIDTH="102"
                          VPOS="1068"
                          HPOS="454"
                          CONTENT="ergo"/>
                  <SP HEIGHT="39" WIDTH="13" VPOS="1068" HPOS="556"/>
                  <String HEIGHT="39"
                          WIDTH="115"
                          VPOS="1068"
                          HPOS="518"
                          CONTENT="inter"/>
                  <SP HEIGHT="39" WIDTH="13" VPOS="1068" HPOS="633"/>
                  <String HEIGHT="39"
                          WIDTH="115"
                          VPOS="1068"
                          HPOS="594"
                          CONTENT="illos"/>
                  <SP HEIGHT="39" WIDTH="13" VPOS="1068" HPOS="709"/>
                  <String HEIGHT="39" WIDTH="64" VPOS="1068" HPOS="658" CONTENT="est"/>
               </TextLine>
               <TextLine ID="r2l43"
                         BASELINE="1151"
                         HEIGHT="50"
                         WIDTH="492"
                         VPOS="1101"
                         HPOS="226">
                  <String HEIGHT="50"
                          WIDTH="103"
                          VPOS="1101"
                          HPOS="215"
                          CONTENT="tpens"/>
                  <SP HEIGHT="50" WIDTH="11" VPOS="1101" HPOS="318"/>
                  <String HEIGHT="50"
                          WIDTH="172"
                          VPOS="1101"
                          HPOS="283"
                          CONTENT="necessario."/>
                  <SP HEIGHT="50" WIDTH="11" VPOS="1101" HPOS="455"/>
                  <String HEIGHT="50" WIDTH="80" VPOS="1101" HPOS="421" CONTENT="Et,"/>
                  <SP HEIGHT="50" WIDTH="11" VPOS="1101" HPOS="501"/>
                  <String HEIGHT="50" WIDTH="80" VPOS="1101" HPOS="466" CONTENT="cum"/>
                  <SP HEIGHT="50" WIDTH="11" VPOS="1101" HPOS="546"/>
                  <String HEIGHT="50"
                          WIDTH="114"
                          VPOS="1101"
                          HPOS="512"
                          CONTENT="posuit"/>
                  <SP HEIGHT="50" WIDTH="11" VPOS="1101" HPOS="626"/>
                  <String HEIGHT="50"
                          WIDTH="92"
                          VPOS="1101"
                          HPOS="592"
                          CONTENT="quod"/>
                  <SP HEIGHT="50" WIDTH="11" VPOS="1101" HPOS="684"/>
                  <String HEIGHT="50"
                          WIDTH="80"
                          VPOS="1101"
                          HPOS="638"
                          CONTENT="istae"/>
               </TextLine>
               <TextLine ID="r2l44"
                         BASELINE="1188"
                         HEIGHT="48"
                         WIDTH="491"
                         VPOS="1140"
                         HPOS="224">
                  <String HEIGHT="48"
                          WIDTH="116"
                          VPOS="1140"
                          HPOS="210"
                          CONTENT="duae"/>
                  <SP HEIGHT="48" WIDTH="14" VPOS="1140" HPOS="325"/>
                  <String HEIGHT="48"
                          WIDTH="274"
                          VPOS="1140"
                          HPOS="282"
                          CONTENT="transmutationes"/>
                  <SP HEIGHT="48" WIDTH="14" VPOS="1140" HPOS="556"/>
                  <String HEIGHT="48"
                          WIDTH="116"
                          VPOS="1140"
                          HPOS="513"
                          CONTENT="sunt"/>
                  <SP HEIGHT="48" WIDTH="14" VPOS="1140" HPOS="628"/>
                  <String HEIGHT="48"
                          WIDTH="144"
                          VPOS="1140"
                          HPOS="571"
                          CONTENT="opposita"/>
               </TextLine>
               <TextLine ID="r2l45"
                         BASELINE="1227"
                         HEIGHT="46"
                         WIDTH="492"
                         VPOS="1181"
                         HPOS="224">
                  <String HEIGHT="46" WIDTH="74" VPOS="1181" HPOS="212" CONTENT="d."/>
                  <SP HEIGHT="46" WIDTH="12" VPOS="1181" HPOS="286"/>
                  <String HEIGHT="46" WIDTH="74" VPOS="1181" HPOS="249" CONTENT="Et"/>
                  <SP HEIGHT="46" WIDTH="12" VPOS="1181" HPOS="322"/>
                  <String HEIGHT="46"
                          WIDTH="111"
                          VPOS="1181"
                          HPOS="286"
                          CONTENT="ideo,"/>
                  <SP HEIGHT="46" WIDTH="12" VPOS="1181" HPOS="396"/>
                  <String HEIGHT="46" WIDTH="74" VPOS="1181" HPOS="359" CONTENT="si"/>
                  <SP HEIGHT="46" WIDTH="12" VPOS="1181" HPOS="433"/>
                  <String HEIGHT="46" WIDTH="86" VPOS="1181" HPOS="396" CONTENT="non"/>
                  <SP HEIGHT="46" WIDTH="12" VPOS="1181" HPOS="482"/>
                  <String HEIGHT="46"
                          WIDTH="123"
                          VPOS="1181"
                          HPOS="445"
                          CONTENT="fuerit"/>
                  <SP HEIGHT="46" WIDTH="12" VPOS="1181" HPOS="568"/>
                  <String HEIGHT="46"
                          WIDTH="172"
                          VPOS="1181"
                          HPOS="532"
                          CONTENT="possibile,"/>
                  <SP HEIGHT="46" WIDTH="12" VPOS="1181" HPOS="704"/>
                  <String HEIGHT="46" WIDTH="62" VPOS="1181" HPOS="655" CONTENT="&amp;c."/>
               </TextLine>
               <TextLine ID="r2l46"
                         BASELINE="1258"
                         HEIGHT="41"
                         WIDTH="502"
                         VPOS="1217"
                         HPOS="223">
                  <String HEIGHT="41" WIDTH="72" VPOS="1217" HPOS="211" CONTENT="i."/>
                  <SP HEIGHT="41" WIDTH="12" VPOS="1217" HPOS="283"/>
                  <String HEIGHT="41" WIDTH="72" VPOS="1217" HPOS="247" CONTENT="&amp;,"/>
                  <SP HEIGHT="41" WIDTH="12" VPOS="1217" HPOS="319"/>
                  <String HEIGHT="41" WIDTH="84" VPOS="1217" HPOS="283" CONTENT="cum"/>
                  <SP HEIGHT="41" WIDTH="12" VPOS="1217" HPOS="366"/>
                  <String HEIGHT="41"
                          WIDTH="120"
                          VPOS="1217"
                          HPOS="331"
                          CONTENT="fuerit"/>
                  <SP HEIGHT="41" WIDTH="12" VPOS="1217" HPOS="450"/>
                  <String HEIGHT="41"
                          WIDTH="131"
                          VPOS="1217"
                          HPOS="414"
                          CONTENT="positum"/>
                  <SP HEIGHT="41" WIDTH="12" VPOS="1217" HPOS="546"/>
                  <String HEIGHT="41"
                          WIDTH="96"
                          VPOS="1217"
                          HPOS="510"
                          CONTENT="quod"/>
                  <SP HEIGHT="41" WIDTH="12" VPOS="1217" HPOS="605"/>
                  <String HEIGHT="41"
                          WIDTH="96"
                          VPOS="1217"
                          HPOS="570"
                          CONTENT="duae"/>
                  <SP HEIGHT="41" WIDTH="12" VPOS="1217" HPOS="665"/>
                  <String HEIGHT="41"
                          WIDTH="108"
                          VPOS="1217"
                          HPOS="617"
                          CONTENT="transmu"/>
               </TextLine>
               <TextLine ID="r2l47"
                         BASELINE="1299"
                         HEIGHT="44"
                         WIDTH="490"
                         VPOS="1255"
                         HPOS="226">
                  <String HEIGHT="44"
                          WIDTH="155"
                          VPOS="1255"
                          HPOS="213"
                          CONTENT="tationes"/>
                  <SP HEIGHT="44" WIDTH="13" VPOS="1255" HPOS="368"/>
                  <String HEIGHT="44"
                          WIDTH="168"
                          VPOS="1255"
                          HPOS="329"
                          CONTENT="oppositae"/>
                  <SP HEIGHT="44" WIDTH="13" VPOS="1255" HPOS="497"/>
                  <String HEIGHT="44"
                          WIDTH="103"
                          VPOS="1255"
                          HPOS="458"
                          CONTENT="sint"/>
                  <SP HEIGHT="44" WIDTH="13" VPOS="1255" HPOS="561"/>
                  <String HEIGHT="44"
                          WIDTH="168"
                          VPOS="1255"
                          HPOS="523"
                          CONTENT="continuae"/>
                  <SP HEIGHT="44" WIDTH="13" VPOS="1255" HPOS="690"/>
                  <String HEIGHT="44"
                          WIDTH="77"
                          VPOS="1255"
                          HPOS="639"
                          CONTENT="sine"/>
               </TextLine>
               <TextLine ID="r2l48"
                         BASELINE="1345"
                         HEIGHT="53"
                         WIDTH="501"
                         VPOS="1292"
                         HPOS="222">
                  <String HEIGHT="53"
                          WIDTH="128"
                          VPOS="1292"
                          HPOS="209"
                          CONTENT="aliquo"/>
                  <SP HEIGHT="53" WIDTH="13" VPOS="1292" HPOS="338"/>
                  <String HEIGHT="53"
                          WIDTH="116"
                          VPOS="1292"
                          HPOS="299"
                          CONTENT="tpere"/>
                  <SP HEIGHT="53" WIDTH="13" VPOS="1292" HPOS="415"/>
                  <String HEIGHT="53"
                          WIDTH="206"
                          VPOS="1292"
                          HPOS="376"
                          CONTENT="interposito,"/>
                  <SP HEIGHT="53" WIDTH="13" VPOS="1292" HPOS="582"/>
                  <String HEIGHT="53"
                          WIDTH="167"
                          VPOS="1292"
                          HPOS="543"
                          CONTENT="continget"/>
                  <SP HEIGHT="53" WIDTH="13" VPOS="1292" HPOS="710"/>
                  <String HEIGHT="53"
                          WIDTH="64"
                          VPOS="1292"
                          HPOS="659"
                          CONTENT="ne"
                          SUBS_TYPE="HypPart1"
                          SUBS_CONTENT="necessario"/>
                  <HYP CONTENT="-"/>
               </TextLine>
               <TextLine ID="r2l49"
                         BASELINE="1371"
                         HEIGHT="39"
                         WIDTH="493"
                         VPOS="1332"
                         HPOS="230">
                  <String HEIGHT="39"
                          WIDTH="164"
                          VPOS="1332"
                          HPOS="216"
                          CONTENT="cessario"
                          SUBS_TYPE="HypPart2"
                          SUBS_CONTENT="necessario"/>
                  <SP HEIGHT="39" WIDTH="14" VPOS="1332" HPOS="381"/>
                  <String HEIGHT="39" WIDTH="82" VPOS="1332" HPOS="340" CONTENT="vt"/>
                  <SP HEIGHT="39" WIDTH="14" VPOS="1332" HPOS="422"/>
                  <String HEIGHT="39"
                          WIDTH="110"
                          VPOS="1332"
                          HPOS="381"
                          CONTENT="idem"/>
                  <SP HEIGHT="39" WIDTH="14" VPOS="1332" HPOS="490"/>
                  <String HEIGHT="39"
                          WIDTH="219"
                          VPOS="1332"
                          HPOS="449"
                          CONTENT="transmutetur"/>
                  <SP HEIGHT="39" WIDTH="14" VPOS="1332" HPOS="668"/>
                  <String HEIGHT="39"
                          WIDTH="110"
                          VPOS="1332"
                          HPOS="613"
                          CONTENT="duabus"/>
               </TextLine>
               <TextLine ID="r2l50"
                         BASELINE="1410"
                         HEIGHT="37"
                         WIDTH="499"
                         VPOS="1373"
                         HPOS="229">
                  <String HEIGHT="37"
                          WIDTH="299"
                          VPOS="1373"
                          HPOS="215"
                          CONTENT="transmutationibus"/>
                  <SP HEIGHT="37" WIDTH="14" VPOS="1373" HPOS="514"/>
                  <String HEIGHT="37"
                          WIDTH="185"
                          VPOS="1373"
                          HPOS="471"
                          CONTENT="oppositis"/>
                  <SP HEIGHT="37" WIDTH="14" VPOS="1373" HPOS="657"/>
                  <String HEIGHT="37"
                          WIDTH="128"
                          VPOS="1373"
                          HPOS="600"
                          CONTENT="isimul."/>
               </TextLine>
               <TextLine ID="r2l51"
                         BASELINE="1462"
                         HEIGHT="55"
                         WIDTH="479"
                         VPOS="1407"
                         HPOS="236">
                  <String HEIGHT="55"
                          WIDTH="123"
                          VPOS="1407"
                          HPOS="222"
                          CONTENT="Quam,"/>
                  <SP HEIGHT="55" WIDTH="14" VPOS="1407" HPOS="345"/>
                  <String HEIGHT="55" WIDTH="82" VPOS="1407" HPOS="304" CONTENT="si"/>
                  <SP HEIGHT="55" WIDTH="14" VPOS="1407" HPOS="387"/>
                  <String HEIGHT="55"
                          WIDTH="123"
                          VPOS="1407"
                          HPOS="345"
                          CONTENT="motus"/>
                  <SP HEIGHT="55" WIDTH="14" VPOS="1407" HPOS="469"/>
                  <String HEIGHT="55" WIDTH="82" VPOS="1407" HPOS="428" CONTENT="de"/>
                  <SP HEIGHT="55" WIDTH="14" VPOS="1407" HPOS="510"/>
                  <String HEIGHT="55"
                          WIDTH="164"
                          VPOS="1407"
                          HPOS="469"
                          CONTENT="albedine"/>
                  <SP HEIGHT="55" WIDTH="14" VPOS="1407" HPOS="633"/>
                  <String HEIGHT="55" WIDTH="82" VPOS="1407" HPOS="592" CONTENT="in"/>
                  <SP HEIGHT="55" WIDTH="14" VPOS="1407" HPOS="674"/>
                  <String HEIGHT="55"
                          WIDTH="96"
                          VPOS="1407"
                          HPOS="619"
                          CONTENT="nigre"/>
               </TextLine>
               <TextLine ID="r2l52"
                         BASELINE="1500"
                         HEIGHT="49"
                         WIDTH="486"
                         VPOS="1451"
                         HPOS="230">
                  <String HEIGHT="49"
                          WIDTH="122"
                          VPOS="1451"
                          HPOS="217"
                          CONTENT="dinem"/>
                  <SP HEIGHT="49" WIDTH="14" VPOS="1451" HPOS="338"/>
                  <String HEIGHT="49" WIDTH="81" VPOS="1451" HPOS="298" CONTENT="si"/>
                  <SP HEIGHT="49" WIDTH="14" VPOS="1451" HPOS="379"/>
                  <String HEIGHT="49"
                          WIDTH="176"
                          VPOS="1451"
                          HPOS="338"
                          CONTENT="continuus"/>
                  <SP HEIGHT="49" WIDTH="14" VPOS="1451" HPOS="514"/>
                  <String HEIGHT="49" WIDTH="95" VPOS="1451" HPOS="473" CONTENT="cum"/>
                  <SP HEIGHT="49" WIDTH="14" VPOS="1451" HPOS="568"/>
                  <String HEIGHT="49"
                          WIDTH="108"
                          VPOS="1451"
                          HPOS="527"
                          CONTENT="motu"/>
                  <SP HEIGHT="49" WIDTH="14" VPOS="1451" HPOS="635"/>
                  <String HEIGHT="49" WIDTH="81" VPOS="1451" HPOS="595" CONTENT="de"/>
                  <SP HEIGHT="49" WIDTH="14" VPOS="1451" HPOS="676"/>
                  <String HEIGHT="49"
                          WIDTH="95"
                          VPOS="1451"
                          HPOS="622"
                          CONTENT="nigre"/>
               </TextLine>
               <TextLine ID="r2l53"
                         BASELINE="1534"
                         HEIGHT="49"
                         WIDTH="487"
                         VPOS="1485"
                         HPOS="233">
                  <String HEIGHT="49"
                          WIDTH="97"
                          VPOS="1485"
                          HPOS="221"
                          CONTENT="dine"/>
                  <SP HEIGHT="49" WIDTH="12" VPOS="1485" HPOS="318"/>
                  <String HEIGHT="49" WIDTH="73" VPOS="1485" HPOS="282" CONTENT="in"/>
                  <SP HEIGHT="49" WIDTH="12" VPOS="1485" HPOS="355"/>
                  <String HEIGHT="49"
                          WIDTH="170"
                          VPOS="1485"
                          HPOS="318"
                          CONTENT="albedinem,"/>
                  <SP HEIGHT="49" WIDTH="12" VPOS="1485" HPOS="489"/>
                  <String HEIGHT="49"
                          WIDTH="97"
                          VPOS="1485"
                          HPOS="452"
                          CONTENT="tunc"/>
                  <SP HEIGHT="49" WIDTH="12" VPOS="1485" HPOS="550"/>
                  <String HEIGHT="49"
                          WIDTH="122"
                          VPOS="1485"
                          HPOS="513"
                          CONTENT="illud,"/>
                  <SP HEIGHT="49" WIDTH="12" VPOS="1485" HPOS="635"/>
                  <String HEIGHT="49"
                          WIDTH="97"
                          VPOS="1485"
                          HPOS="598"
                          CONTENT="quid"/>
                  <SP HEIGHT="49" WIDTH="12" VPOS="1485" HPOS="696"/>
                  <String HEIGHT="49"
                          WIDTH="73"
                          VPOS="1485"
                          HPOS="647"
                          CONTENT="modo"/>
               </TextLine>
               <TextLine ID="r2l54"
                         BASELINE="1565"
                         HEIGHT="41"
                         WIDTH="500"
                         VPOS="1524"
                         HPOS="230">
                  <String HEIGHT="41"
                          WIDTH="125"
                          VPOS="1524"
                          HPOS="216"
                          CONTENT="uetur"/>
                  <SP HEIGHT="41" WIDTH="14" VPOS="1524" HPOS="341"/>
                  <String HEIGHT="41" WIDTH="83" VPOS="1524" HPOS="299" CONTENT="de"/>
                  <SP HEIGHT="41" WIDTH="14" VPOS="1524" HPOS="383"/>
                  <String HEIGHT="41"
                          WIDTH="181"
                          VPOS="1524"
                          HPOS="341"
                          CONTENT="albedine,"/>
                  <SP HEIGHT="41" WIDTH="14" VPOS="1524" HPOS="522"/>
                  <String HEIGHT="41"
                          WIDTH="153"
                          VPOS="1524"
                          HPOS="480"
                          CONTENT="mouetur"/>
                  <SP HEIGHT="41" WIDTH="14" VPOS="1524" HPOS="633"/>
                  <String HEIGHT="41" WIDTH="83" VPOS="1524" HPOS="591" CONTENT="ad"/>
                  <SP HEIGHT="41" WIDTH="14" VPOS="1524" HPOS="674"/>
                  <String HEIGHT="41"
                          WIDTH="111"
                          VPOS="1524"
                          HPOS="619"
                          CONTENT="albedi"/>
               </TextLine>
               <TextLine ID="r2l55"
                         BASELINE="1602"
                         HEIGHT="42"
                         WIDTH="499"
                         VPOS="1560"
                         HPOS="226">
                  <String HEIGHT="42"
                          WIDTH="100"
                          VPOS="1560"
                          HPOS="214"
                          CONTENT="nem."/>
                  <SP HEIGHT="42" WIDTH="12" VPOS="1560" HPOS="313"/>
                  <String HEIGHT="42"
                          WIDTH="112"
                          VPOS="1560"
                          HPOS="276"
                          CONTENT="Seudm"/>
                  <SP HEIGHT="42" WIDTH="12" VPOS="1560" HPOS="388"/>
                  <String HEIGHT="42"
                          WIDTH="125"
                          VPOS="1560"
                          HPOS="351"
                          CONTENT="igitur"/>
                  <SP HEIGHT="42" WIDTH="12" VPOS="1560" HPOS="476"/>
                  <String HEIGHT="42"
                          WIDTH="100"
                          VPOS="1560"
                          HPOS="438"
                          CONTENT="quod"/>
                  <SP HEIGHT="42" WIDTH="12" VPOS="1560" HPOS="538"/>
                  <String HEIGHT="42"
                          WIDTH="137"
                          VPOS="1560"
                          HPOS="500"
                          CONTENT="mouetur"/>
                  <SP HEIGHT="42" WIDTH="12" VPOS="1560" HPOS="638"/>
                  <String HEIGHT="42" WIDTH="75" VPOS="1560" HPOS="600" CONTENT="de"/>
                  <SP HEIGHT="42" WIDTH="12" VPOS="1560" HPOS="675"/>
                  <String HEIGHT="42"
                          WIDTH="100"
                          VPOS="1560"
                          HPOS="625"
                          CONTENT="albedi"/>
               </TextLine>
               <TextLine ID="r2l56"
                         BASELINE="1643"
                         HEIGHT="42"
                         WIDTH="480"
                         VPOS="1601"
                         HPOS="236">
                  <String HEIGHT="42" WIDTH="80" VPOS="1601" HPOS="223" CONTENT="ne"/>
                  <SP HEIGHT="42" WIDTH="13" VPOS="1601" HPOS="303"/>
                  <String HEIGHT="42"
                          WIDTH="160"
                          VPOS="1601"
                          HPOS="263"
                          CONTENT="dimittit"/>
                  <SP HEIGHT="42" WIDTH="13" VPOS="1601" HPOS="423"/>
                  <String HEIGHT="42"
                          WIDTH="107"
                          VPOS="1601"
                          HPOS="383"
                          CONTENT="eam,"/>
                  <SP HEIGHT="42" WIDTH="13" VPOS="1601" HPOS="489"/>
                  <String HEIGHT="42" WIDTH="67" VPOS="1601" HPOS="449" CONTENT="&amp;"/>
                  <SP HEIGHT="42" WIDTH="13" VPOS="1601" HPOS="516"/>
                  <String HEIGHT="42"
                          WIDTH="160"
                          VPOS="1601"
                          HPOS="476"
                          CONTENT="acquirit"/>
                  <SP HEIGHT="42" WIDTH="13" VPOS="1601" HPOS="636"/>
                  <String HEIGHT="42"
                          WIDTH="133"
                          VPOS="1601"
                          HPOS="583"
                          CONTENT="nigredi,"/>
               </TextLine>
               <TextLine ID="r2l57"
                         BASELINE="1688"
                         HEIGHT="50"
                         WIDTH="485"
                         VPOS="1638"
                         HPOS="237">
                  <String HEIGHT="50"
                          WIDTH="86"
                          VPOS="1638"
                          HPOS="226"
                          CONTENT="nem:"/>
                  <SP HEIGHT="50" WIDTH="11" VPOS="1638" HPOS="312"/>
                  <String HEIGHT="50" WIDTH="54" VPOS="1638" HPOS="280" CONTENT="&amp;"/>
                  <SP HEIGHT="50" WIDTH="11" VPOS="1638" HPOS="334"/>
                  <String HEIGHT="50"
                          WIDTH="129"
                          VPOS="1638"
                          HPOS="302"
                          CONTENT="secundum"/>
                  <SP HEIGHT="50" WIDTH="11" VPOS="1638" HPOS="431"/>
                  <String HEIGHT="50"
                          WIDTH="86"
                          VPOS="1638"
                          HPOS="399"
                          CONTENT="quod"/>
                  <SP HEIGHT="50" WIDTH="11" VPOS="1638" HPOS="485"/>
                  <String HEIGHT="50"
                          WIDTH="119"
                          VPOS="1638"
                          HPOS="453"
                          CONTENT="mouetur"/>
                  <SP HEIGHT="50" WIDTH="11" VPOS="1638" HPOS="571"/>
                  <String HEIGHT="50" WIDTH="65" VPOS="1638" HPOS="539" CONTENT="ad"/>
                  <SP HEIGHT="50" WIDTH="11" VPOS="1638" HPOS="603"/>
                  <String HEIGHT="50"
                          WIDTH="140"
                          VPOS="1638"
                          HPOS="571"
                          CONTENT="albedinem"/>
                  <SP HEIGHT="50" WIDTH="11" VPOS="1638" HPOS="711"/>
                  <String HEIGHT="50"
                          WIDTH="54"
                          VPOS="1638"
                          HPOS="668"
                          CONTENT="di"
                          SUBS_TYPE="HypPart1"
                          SUBS_CONTENT="dimittit"/>
                  <HYP CONTENT="-"/>
               </TextLine>
               <TextLine ID="r2l58"
                         BASELINE="1729"
                         HEIGHT="52"
                         WIDTH="498"
                         VPOS="1677"
                         HPOS="232">
                  <String HEIGHT="52"
                          WIDTH="138"
                          VPOS="1677"
                          HPOS="218"
                          CONTENT="mittit"
                          SUBS_TYPE="HypPart2"
                          SUBS_CONTENT="dimittit"/>
                  <SP HEIGHT="52" WIDTH="14" VPOS="1677" HPOS="357"/>
                  <String HEIGHT="52"
                          WIDTH="208"
                          VPOS="1677"
                          HPOS="315"
                          CONTENT="nigredinem,"/>
                  <SP HEIGHT="52" WIDTH="14" VPOS="1677" HPOS="523"/>
                  <String HEIGHT="52" WIDTH="69" VPOS="1677" HPOS="481" CONTENT="&amp;"/>
                  <SP HEIGHT="52" WIDTH="14" VPOS="1677" HPOS="550"/>
                  <String HEIGHT="52"
                          WIDTH="166"
                          VPOS="1677"
                          HPOS="509"
                          CONTENT="acquirit"/>
                  <SP HEIGHT="52" WIDTH="14" VPOS="1677" HPOS="675"/>
                  <String HEIGHT="52"
                          WIDTH="111"
                          VPOS="1677"
                          HPOS="619"
                          CONTENT="albedi"/>
               </TextLine>
               <TextLine ID="r2l59"
                         BASELINE="1767"
                         HEIGHT="51"
                         WIDTH="484"
                         VPOS="1716"
                         HPOS="236">
                  <String HEIGHT="51"
                          WIDTH="99"
                          VPOS="1716"
                          HPOS="224"
                          CONTENT="nem."/>
                  <SP HEIGHT="51" WIDTH="12" VPOS="1716" HPOS="323"/>
                  <String HEIGHT="51"
                          WIDTH="99"
                          VPOS="1716"
                          HPOS="286"
                          CONTENT="ergo"/>
                  <SP HEIGHT="51" WIDTH="12" VPOS="1716" HPOS="385"/>
                  <String HEIGHT="51" WIDTH="74" VPOS="1716" HPOS="348" CONTENT="in"/>
                  <SP HEIGHT="51" WIDTH="12" VPOS="1716" HPOS="422"/>
                  <String HEIGHT="51"
                          WIDTH="112"
                          VPOS="1716"
                          HPOS="385"
                          CONTENT="eadem"/>
                  <SP HEIGHT="51" WIDTH="12" VPOS="1716" HPOS="497"/>
                  <String HEIGHT="51"
                          WIDTH="137"
                          VPOS="1716"
                          HPOS="459"
                          CONTENT="dispone"/>
                  <SP HEIGHT="51" WIDTH="12" VPOS="1716" HPOS="596"/>
                  <String HEIGHT="51"
                          WIDTH="149"
                          VPOS="1716"
                          HPOS="559"
                          CONTENT="acquirit"/>
                  <SP HEIGHT="51" WIDTH="12" VPOS="1716" HPOS="708"/>
                  <String HEIGHT="51" WIDTH="62" VPOS="1716" HPOS="658" CONTENT="eam"/>
               </TextLine>
               <TextLine ID="r2l60"
                         BASELINE="1794"
                         HEIGHT="42"
                         WIDTH="488"
                         VPOS="1752"
                         HPOS="230">
                  <String HEIGHT="42" WIDTH="88" VPOS="1752" HPOS="217" CONTENT="dem"/>
                  <SP HEIGHT="42" WIDTH="13" VPOS="1752" HPOS="305"/>
                  <String HEIGHT="42"
                          WIDTH="125"
                          VPOS="1752"
                          HPOS="268"
                          CONTENT="partem"/>
                  <SP HEIGHT="42" WIDTH="13" VPOS="1752" HPOS="393"/>
                  <String HEIGHT="42"
                          WIDTH="175"
                          VPOS="1752"
                          HPOS="355"
                          CONTENT="albedinis,"/>
                  <SP HEIGHT="42" WIDTH="13" VPOS="1752" HPOS="530"/>
                  <String HEIGHT="42" WIDTH="63" VPOS="1752" HPOS="493" CONTENT="&amp;"/>
                  <SP HEIGHT="42" WIDTH="13" VPOS="1752" HPOS="555"/>
                  <String HEIGHT="42"
                          WIDTH="150"
                          VPOS="1752"
                          HPOS="518"
                          CONTENT="dimittit"/>
                  <SP HEIGHT="42" WIDTH="13" VPOS="1752" HPOS="668"/>
                  <String HEIGHT="42"
                          WIDTH="100"
                          VPOS="1752"
                          HPOS="618"
                          CONTENT="illam:"/>
               </TextLine>
               <TextLine ID="r2l61"
                         BASELINE="1835"
                         HEIGHT="46"
                         WIDTH="497"
                         VPOS="1789"
                         HPOS="236">
                  <String HEIGHT="46" WIDTH="67" VPOS="1789" HPOS="223" CONTENT="&amp;"/>
                  <SP HEIGHT="46" WIDTH="13" VPOS="1789" HPOS="290"/>
                  <String HEIGHT="46"
                          WIDTH="148"
                          VPOS="1789"
                          HPOS="249"
                          CONTENT="mouetur"/>
                  <SP HEIGHT="46" WIDTH="13" VPOS="1789" HPOS="397"/>
                  <String HEIGHT="46"
                          WIDTH="121"
                          VPOS="1789"
                          HPOS="357"
                          CONTENT="etiam"/>
                  <SP HEIGHT="46" WIDTH="13" VPOS="1789" HPOS="478"/>
                  <String HEIGHT="46"
                          WIDTH="134"
                          VPOS="1789"
                          HPOS="437"
                          CONTENT="duobus"/>
                  <SP HEIGHT="46" WIDTH="13" VPOS="1789" HPOS="572"/>
                  <String HEIGHT="46"
                          WIDTH="148"
                          VPOS="1789"
                          HPOS="532"
                          CONTENT="motibus"/>
                  <SP HEIGHT="46" WIDTH="13" VPOS="1789" HPOS="679"/>
                  <String HEIGHT="46"
                          WIDTH="107"
                          VPOS="1789"
                          HPOS="626"
                          CONTENT="contra"/>
               </TextLine>
            </TextBlock>
            <TextBlock ID="TextRegion_1613149391949_3996"
                       HEIGHT="1765"
                       WIDTH="540"
                       VPOS="108"
                       HPOS="715">
               <Shape>
                  <Polygon POINTS="715,108 1255,108 1255,1873 715,1873"/>
               </Shape>
               <TextLine ID="line_1613149392071_3999"
                         BASELINE="194"
                         HEIGHT="38"
                         WIDTH="522"
                         VPOS="156"
                         HPOS="738">
                  <String HEIGHT="38" WIDTH="91" VPOS="156" HPOS="727" CONTENT="rijs"/>
                  <SP HEIGHT="38" WIDTH="11" VPOS="156" HPOS="817"/>
                  <String HEIGHT="38"
                          WIDTH="136"
                          VPOS="156"
                          HPOS="783"
                          CONTENT="insimul,"/>
                  <SP HEIGHT="38" WIDTH="11" VPOS="156" HPOS="920"/>
                  <String HEIGHT="38" WIDTH="91" VPOS="156" HPOS="886" CONTENT="quod"/>
                  <SP HEIGHT="38" WIDTH="11" VPOS="156" HPOS="976"/>
                  <String HEIGHT="38" WIDTH="79" VPOS="156" HPOS="942" CONTENT="est"/>
                  <SP HEIGHT="38" WIDTH="11" VPOS="156" HPOS="1022"/>
                  <String HEIGHT="38"
                          WIDTH="182"
                          VPOS="156"
                          HPOS="988"
                          CONTENT="impossibile."/>
                  <SP HEIGHT="38" WIDTH="11" VPOS="156" HPOS="1169"/>
                  <String HEIGHT="38" WIDTH="68" VPOS="156" HPOS="1135" CONTENT="Et"/>
                  <SP HEIGHT="38" WIDTH="11" VPOS="156" HPOS="1203"/>
                  <String HEIGHT="38"
                          WIDTH="102"
                          VPOS="156"
                          HPOS="1158"
                          CONTENT="similiI"/>
               </TextLine>
               <TextLine ID="r3l4"
                         BASELINE="243"
                         HEIGHT="46"
                         WIDTH="488"
                         VPOS="197"
                         HPOS="742">
                  <String HEIGHT="46" WIDTH="95" VPOS="197" HPOS="728" CONTENT="ter"/>
                  <SP HEIGHT="46" WIDTH="14" VPOS="197" HPOS="823"/>
                  <String HEIGHT="46"
                          WIDTH="149"
                          VPOS="197"
                          HPOS="783"
                          CONTENT="accidit"/>
                  <SP HEIGHT="46" WIDTH="14" VPOS="197" HPOS="932"/>
                  <String HEIGHT="46" WIDTH="81" VPOS="197" HPOS="891" CONTENT="in"/>
                  <SP HEIGHT="46" WIDTH="14" VPOS="197" HPOS="972"/>
                  <String HEIGHT="46"
                          WIDTH="217"
                          VPOS="197"
                          HPOS="932"
                          CONTENT="generatione,"/>
                  <SP HEIGHT="46" WIDTH="14" VPOS="197" HPOS="1149"/>
                  <String HEIGHT="46" WIDTH="68" VPOS="197" HPOS="1108" CONTENT="&amp;"/>
                  <SP HEIGHT="46" WIDTH="14" VPOS="197" HPOS="1176"/>
                  <String HEIGHT="46"
                          WIDTH="108"
                          VPOS="197"
                          HPOS="1122"
                          CONTENT="corru"
                          SUBS_TYPE="HypPart1"
                          SUBS_CONTENT="corruptione,"/>
                  <HYP CONTENT="-"/>
               </TextLine>
               <TextLine ID="r3l5"
                         BASELINE="275"
                         HEIGHT="44"
                         WIDTH="501"
                         VPOS="231"
                         HPOS="742">
                  <String HEIGHT="44"
                          WIDTH="141"
                          VPOS="231"
                          HPOS="729"
                          CONTENT="ptione,"
                          SUBS_TYPE="HypPart2"
                          SUBS_CONTENT="corruptione,"/>
                  <SP HEIGHT="44" WIDTH="13" VPOS="231" HPOS="870"/>
                  <String HEIGHT="44" WIDTH="64" VPOS="231" HPOS="832" CONTENT="&amp;"/>
                  <SP HEIGHT="44" WIDTH="13" VPOS="231" HPOS="896"/>
                  <String HEIGHT="44" WIDTH="77" VPOS="231" HPOS="858" CONTENT="in"/>
                  <SP HEIGHT="44" WIDTH="13" VPOS="231" HPOS="935"/>
                  <String HEIGHT="44"
                          WIDTH="116"
                          VPOS="231"
                          HPOS="896"
                          CONTENT="aliis"/>
                  <SP HEIGHT="44" WIDTH="13" VPOS="231" HPOS="1012"/>
                  <String HEIGHT="44"
                          WIDTH="270"
                          VPOS="231"
                          HPOS="973"
                          CONTENT="transmutationibus"/>
                  <SP HEIGHT="44" WIDTH="13" VPOS="231" HPOS="1243"/>
                  <String HEIGHT="44" WIDTH="51" VPOS="231" HPOS="1192" CONTENT="ab"/>
               </TextLine>
               <TextLine ID="r3l6"
                         BASELINE="309"
                         HEIGHT="43"
                         WIDTH="497"
                         VPOS="266"
                         HPOS="741">
                  <String HEIGHT="43" WIDTH="90" VPOS="266" HPOS="730" CONTENT="eis,"/>
                  <SP HEIGHT="43" WIDTH="11" VPOS="266" HPOS="820"/>
                  <String HEIGHT="43" WIDTH="56" VPOS="266" HPOS="786" CONTENT="&amp;"/>
                  <SP HEIGHT="43" WIDTH="11" VPOS="266" HPOS="843"/>
                  <String HEIGHT="43" WIDTH="68" VPOS="266" HPOS="809" CONTENT="in"/>
                  <SP HEIGHT="43" WIDTH="11" VPOS="266" HPOS="877"/>
                  <String HEIGHT="43" WIDTH="90" VPOS="266" HPOS="843" CONTENT="motu"/>
                  <SP HEIGHT="43" WIDTH="11" VPOS="266" HPOS="933"/>
                  <String HEIGHT="43" WIDTH="79" VPOS="266" HPOS="899" CONTENT="loc"/>
                  <SP HEIGHT="43" WIDTH="11" VPOS="266" HPOS="978"/>
                  <String HEIGHT="43" WIDTH="90" VPOS="266" HPOS="944" CONTENT="ali."/>
                  <SP HEIGHT="43" WIDTH="11" VPOS="266" HPOS="1035"/>
                  <String HEIGHT="43"
                          WIDTH="113"
                          VPOS="266"
                          HPOS="1001"
                          CONTENT="demtro"/>
                  <SP HEIGHT="43" WIDTH="11" VPOS="266" HPOS="1114"/>
                  <String HEIGHT="43"
                          WIDTH="90"
                          VPOS="266"
                          HPOS="1080"
                          CONTENT="enim"/>
                  <SP HEIGHT="43" WIDTH="11" VPOS="266" HPOS="1170"/>
                  <String HEIGHT="43"
                          WIDTH="113"
                          VPOS="266"
                          HPOS="1125"
                          CONTENT="communis"/>
               </TextLine>
               <TextLine ID="r3l7"
                         BASELINE="354"
                         HEIGHT="52"
                         WIDTH="501"
                         VPOS="302"
                         HPOS="738">
                  <String HEIGHT="52" WIDTH="95" VPOS="302" HPOS="724" CONTENT="est"/>
                  <SP HEIGHT="52" WIDTH="14" VPOS="302" HPOS="819"/>
                  <String HEIGHT="52"
                          WIDTH="149"
                          VPOS="302"
                          HPOS="779"
                          CONTENT="omnibus"/>
                  <SP HEIGHT="52" WIDTH="14" VPOS="302" HPOS="928"/>
                  <String HEIGHT="52"
                          WIDTH="298"
                          VPOS="302"
                          HPOS="887"
                          CONTENT="transmutationibus."/>
                  <SP HEIGHT="52" WIDTH="14" VPOS="302" HPOS="1185"/>
                  <String HEIGHT="52" WIDTH="81" VPOS="302" HPOS="1144" CONTENT="&amp;,"/>
                  <SP HEIGHT="52" WIDTH="14" VPOS="302" HPOS="1225"/>
                  <String HEIGHT="52" WIDTH="68" VPOS="302" HPOS="1171" CONTENT="cum"/>
               </TextLine>
               <TextLine ID="r3l8"
                         BASELINE="394"
                         HEIGHT="53"
                         WIDTH="496"
                         VPOS="341"
                         HPOS="742">
                  <String HEIGHT="53" WIDTH="96" VPOS="341" HPOS="728" CONTENT="duo"/>
                  <SP HEIGHT="53" WIDTH="14" VPOS="341" HPOS="825"/>
                  <String HEIGHT="53"
                          WIDTH="124"
                          VPOS="341"
                          HPOS="783"
                          CONTENT="motus"/>
                  <SP HEIGHT="53" WIDTH="14" VPOS="341" HPOS="907"/>
                  <String HEIGHT="53" WIDTH="96" VPOS="341" HPOS="866" CONTENT="non"/>
                  <SP HEIGHT="53" WIDTH="14" VPOS="341" HPOS="962"/>
                  <String HEIGHT="53"
                          WIDTH="152"
                          VPOS="341"
                          HPOS="921"
                          CONTENT="fuerint"/>
                  <SP HEIGHT="53" WIDTH="14" VPOS="341" HPOS="1073"/>
                  <String HEIGHT="53"
                          WIDTH="165"
                          VPOS="341"
                          HPOS="1031"
                          CONTENT="insimul,"/>
                  <SP HEIGHT="53" WIDTH="14" VPOS="341" HPOS="1197"/>
                  <String HEIGHT="53"
                          WIDTH="96"
                          VPOS="341"
                          HPOS="1142"
                          CONTENT="sequ"
                          SUBS_TYPE="HypPart1"
                          SUBS_CONTENT="sequtur"/>
                  <HYP CONTENT="-"/>
               </TextLine>
               <TextLine ID="r3l9"
                         BASELINE="422"
                         HEIGHT="40"
                         WIDTH="497"
                         VPOS="382"
                         HPOS="748">
                  <String HEIGHT="40"
                          WIDTH="81"
                          VPOS="382"
                          HPOS="736"
                          CONTENT="tur"
                          SUBS_TYPE="HypPart2"
                          SUBS_CONTENT="sequtur"/>
                  <SP HEIGHT="40" WIDTH="12" VPOS="382" HPOS="817"/>
                  <String HEIGHT="40" WIDTH="92" VPOS="382" HPOS="783" CONTENT="quod"/>
                  <SP HEIGHT="40" WIDTH="12" VPOS="382" HPOS="875"/>
                  <String HEIGHT="40"
                          WIDTH="104"
                          VPOS="382"
                          HPOS="840"
                          CONTENT="inter"/>
                  <SP HEIGHT="40" WIDTH="12" VPOS="382" HPOS="944"/>
                  <String HEIGHT="40" WIDTH="81" VPOS="382" HPOS="910" CONTENT="eos"/>
                  <SP HEIGHT="40" WIDTH="12" VPOS="382" HPOS="991"/>
                  <String HEIGHT="40" WIDTH="81" VPOS="382" HPOS="956" CONTENT="sit"/>
                  <SP HEIGHT="40" WIDTH="12" VPOS="382" HPOS="1037"/>
                  <String HEIGHT="40"
                          WIDTH="104"
                          VPOS="382"
                          HPOS="1002"
                          CONTENT="tpens"/>
                  <SP HEIGHT="40" WIDTH="12" VPOS="382" HPOS="1106"/>
                  <String HEIGHT="40"
                          WIDTH="173"
                          VPOS="382"
                          HPOS="1072"
                          CONTENT="necessario."/>
                  <SP HEIGHT="40" WIDTH="12" VPOS="382" HPOS="1245"/>
                  <String HEIGHT="40" WIDTH="46" VPOS="382" HPOS="1199" CONTENT="Et"/>
               </TextLine>
               <TextLine ID="line_1613149392072_4001"
                         BASELINE="471"
                         HEIGHT="54"
                         WIDTH="518"
                         VPOS="417"
                         HPOS="742">
                  <String HEIGHT="54"
                          WIDTH="109"
                          VPOS="417"
                          HPOS="728"
                          CONTENT="ista"/>
                  <SP HEIGHT="54" WIDTH="14" VPOS="417" HPOS="837"/>
                  <String HEIGHT="54"
                          WIDTH="123"
                          VPOS="417"
                          HPOS="797"
                          CONTENT="demro"/>
                  <SP HEIGHT="54" WIDTH="14" VPOS="417" HPOS="919"/>
                  <String HEIGHT="54" WIDTH="95" VPOS="417" HPOS="878" CONTENT="non"/>
                  <SP HEIGHT="54" WIDTH="14" VPOS="417" HPOS="974"/>
                  <String HEIGHT="54"
                          WIDTH="123"
                          VPOS="417"
                          HPOS="933"
                          CONTENT="debet"/>
                  <SP HEIGHT="54" WIDTH="14" VPOS="417" HPOS="1056"/>
                  <String HEIGHT="54"
                          WIDTH="191"
                          VPOS="417"
                          HPOS="1015"
                          CONTENT="intelligi,"/>
                  <SP HEIGHT="54" WIDTH="14" VPOS="417" HPOS="1205"/>
                  <String HEIGHT="54"
                          WIDTH="109"
                          VPOS="417"
                          HPOS="1165"
                          CONTENT="nisi"/>
                  <SP HEIGHT="54" WIDTH="14" VPOS="417" HPOS="1274"/>
                  <String HEIGHT="54" WIDTH="41" VPOS="417" HPOS="1219" CONTENT="i"/>
               </TextLine>
               <TextLine ID="r3l11"
                         BASELINE="506"
                         HEIGHT="51"
                         WIDTH="498"
                         VPOS="455"
                         HPOS="744">
                  <String HEIGHT="51" WIDTH="81" VPOS="455" HPOS="731" CONTENT="in"/>
                  <SP HEIGHT="51" WIDTH="13" VPOS="455" HPOS="811"/>
                  <String HEIGHT="51"
                          WIDTH="121"
                          VPOS="455"
                          HPOS="771"
                          CONTENT="eodem"/>
                  <SP HEIGHT="51" WIDTH="13" VPOS="455" HPOS="892"/>
                  <String HEIGHT="51"
                          WIDTH="121"
                          VPOS="455"
                          HPOS="852"
                          CONTENT="moto,"/>
                  <SP HEIGHT="51" WIDTH="13" VPOS="455" HPOS="973"/>
                  <String HEIGHT="51"
                          WIDTH="108"
                          VPOS="455"
                          HPOS="932"
                          CONTENT="quid"/>
                  <SP HEIGHT="51" WIDTH="13" VPOS="455" HPOS="1040"/>
                  <String HEIGHT="51"
                          WIDTH="148"
                          VPOS="455"
                          HPOS="1000"
                          CONTENT="mouetur"/>
                  <SP HEIGHT="51" WIDTH="13" VPOS="455" HPOS="1148"/>
                  <String HEIGHT="51"
                          WIDTH="135"
                          VPOS="455"
                          HPOS="1107"
                          CONTENT="duobus"/>
                  <SP HEIGHT="51" WIDTH="13" VPOS="455" HPOS="1242"/>
                  <String HEIGHT="51" WIDTH="54" VPOS="455" HPOS="1188" CONTENT="mo"/>
               </TextLine>
               <TextLine ID="r3l12"
                         BASELINE="539"
                         HEIGHT="43"
                         WIDTH="501"
                         VPOS="496"
                         HPOS="742">
                  <String HEIGHT="43"
                          WIDTH="107"
                          VPOS="496"
                          HPOS="730"
                          CONTENT="tibus"/>
                  <SP HEIGHT="43" WIDTH="12" VPOS="496" HPOS="837"/>
                  <String HEIGHT="43"
                          WIDTH="179"
                          VPOS="496"
                          HPOS="802"
                          CONTENT="contrarijs,"/>
                  <SP HEIGHT="43" WIDTH="12" VPOS="496" HPOS="981"/>
                  <String HEIGHT="43"
                          WIDTH="167"
                          VPOS="496"
                          HPOS="945"
                          CONTENT="habentibus"/>
                  <SP HEIGHT="43" WIDTH="12" VPOS="496" HPOS="1112"/>
                  <String HEIGHT="43"
                          WIDTH="179"
                          VPOS="496"
                          HPOS="1076"
                          CONTENT="principium,"/>
                  <SP HEIGHT="43" WIDTH="12" VPOS="496" HPOS="1255"/>
                  <String HEIGHT="43" WIDTH="36" VPOS="496" HPOS="1207" CONTENT="&amp;"/>
               </TextLine>
               <TextLine ID="r3l13"
                         BASELINE="578"
                         HEIGHT="45"
                         WIDTH="504"
                         VPOS="533"
                         HPOS="738">
                  <String HEIGHT="45"
                          WIDTH="133"
                          VPOS="533"
                          HPOS="725"
                          CONTENT="finem."/>
                  <SP HEIGHT="45" WIDTH="13" VPOS="533" HPOS="857"/>
                  <String HEIGHT="45" WIDTH="93" VPOS="533" HPOS="818" CONTENT="non"/>
                  <SP HEIGHT="45" WIDTH="13" VPOS="533" HPOS="910"/>
                  <String HEIGHT="45" WIDTH="80" VPOS="533" HPOS="871" CONTENT="in"/>
                  <SP HEIGHT="45" WIDTH="13" VPOS="533" HPOS="950"/>
                  <String HEIGHT="45"
                          WIDTH="146"
                          VPOS="533"
                          HPOS="910"
                          CONTENT="motibus"/>
                  <SP HEIGHT="45" WIDTH="13" VPOS="533" HPOS="1056"/>
                  <String HEIGHT="45"
                          WIDTH="212"
                          VPOS="533"
                          HPOS="1017"
                          CONTENT="successiuis,"/>
                  <SP HEIGHT="45" WIDTH="13" VPOS="533" HPOS="1229"/>
                  <String HEIGHT="45" WIDTH="66" VPOS="533" HPOS="1176" CONTENT="qui"/>
               </TextLine>
               <TextLine ID="r3l14"
                         BASELINE="618"
                         HEIGHT="47"
                         WIDTH="495"
                         VPOS="571"
                         HPOS="744">
                  <String HEIGHT="47"
                          WIDTH="113"
                          VPOS="571"
                          HPOS="730"
                          CONTENT="sunt"/>
                  <SP HEIGHT="47" WIDTH="14" VPOS="571" HPOS="843"/>
                  <String HEIGHT="47" WIDTH="85" VPOS="571" HPOS="801" CONTENT="in"/>
                  <SP HEIGHT="47" WIDTH="14" VPOS="571" HPOS="885"/>
                  <String HEIGHT="47"
                          WIDTH="170"
                          VPOS="571"
                          HPOS="843"
                          CONTENT="pluribus"/>
                  <SP HEIGHT="47" WIDTH="14" VPOS="571" HPOS="1013"/>
                  <String HEIGHT="47"
                          WIDTH="170"
                          VPOS="571"
                          HPOS="970"
                          CONTENT="motibus,"/>
                  <SP HEIGHT="47" WIDTH="14" VPOS="571" HPOS="1140"/>
                  <String HEIGHT="47"
                          WIDTH="127"
                          VPOS="571"
                          HPOS="1098"
                          CONTENT="sicut"/>
                  <SP HEIGHT="47" WIDTH="14" VPOS="571" HPOS="1225"/>
                  <String HEIGHT="47"
                          WIDTH="71"
                          VPOS="571"
                          HPOS="1168"
                          CONTENT="mo"
                          SUBS_TYPE="HypPart1"
                          SUBS_CONTENT="motus"/>
                  <HYP CONTENT="-"/>
               </TextLine>
               <TextLine ID="r3l15"
                         BASELINE="658"
                         HEIGHT="46"
                         WIDTH="494"
                         VPOS="612"
                         HPOS="744">
                  <String HEIGHT="46"
                          WIDTH="99"
                          VPOS="612"
                          HPOS="730"
                          CONTENT="tus"
                          SUBS_TYPE="HypPart2"
                          SUBS_CONTENT="motus"/>
                  <SP HEIGHT="46" WIDTH="14" VPOS="612" HPOS="829"/>
                  <String HEIGHT="46"
                          WIDTH="183"
                          VPOS="612"
                          HPOS="786"
                          CONTENT="chordarum"/>
                  <SP HEIGHT="46" WIDTH="14" VPOS="612" HPOS="970"/>
                  <String HEIGHT="46"
                          WIDTH="113"
                          VPOS="612"
                          HPOS="927"
                          CONTENT="apud"/>
                  <SP HEIGHT="46" WIDTH="14" VPOS="612" HPOS="1040"/>
                  <String HEIGHT="46"
                          WIDTH="226"
                          VPOS="612"
                          HPOS="998"
                          CONTENT="percussionem"/>
                  <SP HEIGHT="46" WIDTH="14" VPOS="612" HPOS="1224"/>
                  <String HEIGHT="46"
                          WIDTH="71"
                          VPOS="612"
                          HPOS="1167"
                          CONTENT="ea"
                          SUBS_TYPE="HypPart1"
                          SUBS_CONTENT="earum"/>
                  <HYP CONTENT="-"/>
               </TextLine>
               <TextLine ID="r3l16"
                         BASELINE="696"
                         HEIGHT="51"
                         WIDTH="496"
                         VPOS="645"
                         HPOS="743">
                  <String HEIGHT="51"
                          WIDTH="99"
                          VPOS="645"
                          HPOS="729"
                          CONTENT="rum"
                          SUBS_TYPE="HypPart2"
                          SUBS_CONTENT="earum"/>
                  <SP HEIGHT="51" WIDTH="14" VPOS="645" HPOS="828"/>
                  <String HEIGHT="51"
                          WIDTH="142"
                          VPOS="645"
                          HPOS="786"
                          CONTENT="omnium"/>
                  <SP HEIGHT="51" WIDTH="14" VPOS="645" HPOS="927"/>
                  <String HEIGHT="51"
                          WIDTH="128"
                          VPOS="645"
                          HPOS="885"
                          CONTENT="neque"/>
                  <SP HEIGHT="51" WIDTH="14" VPOS="645" HPOS="1012"/>
                  <String HEIGHT="51" WIDTH="85" VPOS="645" HPOS="970" CONTENT="in"/>
                  <SP HEIGHT="51" WIDTH="14" VPOS="645" HPOS="1055"/>
                  <String HEIGHT="51"
                          WIDTH="142"
                          VPOS="645"
                          HPOS="1012"
                          CONTENT="duobus"/>
                  <SP HEIGHT="51" WIDTH="14" VPOS="645" HPOS="1154"/>
                  <String HEIGHT="51"
                          WIDTH="142"
                          VPOS="645"
                          HPOS="1097"
                          CONTENT="motibus,"/>
               </TextLine>
               <TextLine ID="r3l17"
                         BASELINE="736"
                         HEIGHT="52"
                         WIDTH="494"
                         VPOS="684"
                         HPOS="743">
                  <String HEIGHT="52"
                          WIDTH="120"
                          VPOS="684"
                          HPOS="731"
                          CONTENT="quorum"/>
                  <SP HEIGHT="52" WIDTH="12" VPOS="684" HPOS="851"/>
                  <String HEIGHT="52"
                          WIDTH="108"
                          VPOS="684"
                          HPOS="815"
                          CONTENT="alrer"/>
                  <SP HEIGHT="52" WIDTH="12" VPOS="684" HPOS="924"/>
                  <String HEIGHT="52" WIDTH="84" VPOS="684" HPOS="888" CONTENT="est"/>
                  <SP HEIGHT="52" WIDTH="12" VPOS="684" HPOS="972"/>
                  <String HEIGHT="52"
                          WIDTH="157"
                          VPOS="684"
                          HPOS="936"
                          CONTENT="perfectio"/>
                  <SP HEIGHT="52" WIDTH="12" VPOS="684" HPOS="1092"/>
                  <String HEIGHT="52"
                          WIDTH="145"
                          VPOS="684"
                          HPOS="1056"
                          CONTENT="alterius"/>
                  <SP HEIGHT="52" WIDTH="12" VPOS="684" HPOS="1201"/>
                  <String HEIGHT="52" WIDTH="72" VPOS="684" HPOS="1165" CONTENT="in"/>
                  <SP HEIGHT="52" WIDTH="12" VPOS="684" HPOS="1237"/>
                  <String HEIGHT="52" WIDTH="48" VPOS="684" HPOS="1189" CONTENT="eo"/>
               </TextLine>
               <TextLine ID="line_1613149392073_4003"
                         BASELINE="766"
                         HEIGHT="41"
                         WIDTH="521"
                         VPOS="725"
                         HPOS="740">
                  <String HEIGHT="41" WIDTH="81" VPOS="725" HPOS="728" CONTENT="dem"/>
                  <SP HEIGHT="41" WIDTH="12" VPOS="725" HPOS="809"/>
                  <String HEIGHT="41"
                          WIDTH="104"
                          VPOS="725"
                          HPOS="775"
                          CONTENT="moto."/>
                  <SP HEIGHT="41" WIDTH="12" VPOS="725" HPOS="879"/>
                  <String HEIGHT="41"
                          WIDTH="127"
                          VPOS="725"
                          HPOS="844"
                          CONTENT="quoniam"/>
                  <SP HEIGHT="41" WIDTH="12" VPOS="725" HPOS="972"/>
                  <String HEIGHT="41"
                          WIDTH="104"
                          VPOS="725"
                          HPOS="937"
                          CONTENT="inter"/>
                  <SP HEIGHT="41" WIDTH="12" VPOS="725" HPOS="1041"/>
                  <String HEIGHT="41"
                          WIDTH="104"
                          VPOS="725"
                          HPOS="1006"
                          CONTENT="omnes"/>
                  <SP HEIGHT="41" WIDTH="12" VPOS="725" HPOS="1110"/>
                  <String HEIGHT="41"
                          WIDTH="104"
                          VPOS="725"
                          HPOS="1076"
                          CONTENT="istos"/>
                  <SP HEIGHT="41" WIDTH="12" VPOS="725" HPOS="1180"/>
                  <String HEIGHT="41" WIDTH="81" VPOS="725" HPOS="1145" CONTENT="non"/>
                  <SP HEIGHT="41" WIDTH="12" VPOS="725" HPOS="1226"/>
                  <String HEIGHT="41" WIDTH="81" VPOS="725" HPOS="1192" CONTENT="est"/>
                  <SP HEIGHT="41" WIDTH="12" VPOS="725" HPOS="1273"/>
                  <String HEIGHT="41" WIDTH="35" VPOS="725" HPOS="1226" CONTENT="I"/>
               </TextLine>
               <TextLine ID="r3l19"
                         BASELINE="810"
                         HEIGHT="46"
                         WIDTH="502"
                         VPOS="764"
                         HPOS="744">
                  <String HEIGHT="46"
                          WIDTH="117"
                          VPOS="764"
                          HPOS="732"
                          CONTENT="tpeos:"/>
                  <SP HEIGHT="46" WIDTH="12" VPOS="764" HPOS="849"/>
                  <String HEIGHT="46"
                          WIDTH="117"
                          VPOS="764"
                          HPOS="814"
                          CONTENT="neque,"/>
                  <SP HEIGHT="46" WIDTH="12" VPOS="764" HPOS="931"/>
                  <String HEIGHT="46"
                          WIDTH="128"
                          VPOS="764"
                          HPOS="896"
                          CONTENT="aliquis"/>
                  <SP HEIGHT="46" WIDTH="12" VPOS="764" HPOS="1024"/>
                  <String HEIGHT="46"
                          WIDTH="105"
                          VPOS="764"
                          HPOS="989"
                          CONTENT="eorum"/>
                  <SP HEIGHT="46" WIDTH="12" VPOS="764" HPOS="1094"/>
                  <String HEIGHT="46" WIDTH="82" VPOS="764" HPOS="1059" CONTENT="est"/>
                  <SP HEIGHT="46" WIDTH="12" VPOS="764" HPOS="1141"/>
                  <String HEIGHT="46"
                          WIDTH="105"
                          VPOS="764"
                          HPOS="1106"
                          CONTENT="motus"/>
                  <SP HEIGHT="46" WIDTH="12" VPOS="764" HPOS="1211"/>
                  <String HEIGHT="46"
                          WIDTH="82"
                          VPOS="764"
                          HPOS="1164"
                          CONTENT="perfe"/>
               </TextLine>
               <TextLine ID="r3l20"
                         BASELINE="851"
                         HEIGHT="50"
                         WIDTH="499"
                         VPOS="801"
                         HPOS="742">
                  <String HEIGHT="50" WIDTH="87" VPOS="801" HPOS="731" CONTENT="ctus"/>
                  <SP HEIGHT="50" WIDTH="11" VPOS="801" HPOS="818"/>
                  <String HEIGHT="50"
                          WIDTH="130"
                          VPOS="801"
                          HPOS="785"
                          CONTENT="scilicet"/>
                  <SP HEIGHT="50" WIDTH="11" VPOS="801" HPOS="916"/>
                  <String HEIGHT="50"
                          WIDTH="98"
                          VPOS="801"
                          HPOS="883"
                          CONTENT="habet"/>
                  <SP HEIGHT="50" WIDTH="11" VPOS="801" HPOS="981"/>
                  <String HEIGHT="50"
                          WIDTH="163"
                          VPOS="801"
                          HPOS="948"
                          CONTENT="principium,"/>
                  <SP HEIGHT="50" WIDTH="11" VPOS="801" HPOS="1111"/>
                  <String HEIGHT="50" WIDTH="54" VPOS="801" HPOS="1078" CONTENT="&amp;"/>
                  <SP HEIGHT="50" WIDTH="11" VPOS="801" HPOS="1133"/>
                  <String HEIGHT="50"
                          WIDTH="108"
                          VPOS="801"
                          HPOS="1100"
                          CONTENT="finem,"/>
                  <SP HEIGHT="50" WIDTH="11" VPOS="801" HPOS="1208"/>
                  <String HEIGHT="50"
                          WIDTH="76"
                          VPOS="801"
                          HPOS="1165"
                          CONTENT="finis"/>
               </TextLine>
               <TextLine ID="r3l21"
                         BASELINE="882"
                         HEIGHT="43"
                         WIDTH="497"
                         VPOS="839"
                         HPOS="748">
                  <String HEIGHT="43" WIDTH="95" VPOS="839" HPOS="736" CONTENT="enim"/>
                  <SP HEIGHT="43" WIDTH="12" VPOS="839" HPOS="831"/>
                  <String HEIGHT="43"
                          WIDTH="107"
                          VPOS="839"
                          HPOS="795"
                          CONTENT="motus"/>
                  <SP HEIGHT="43" WIDTH="12" VPOS="839" HPOS="902"/>
                  <String HEIGHT="43"
                          WIDTH="178"
                          VPOS="839"
                          HPOS="866"
                          CONTENT="naturaliter"/>
                  <SP HEIGHT="43" WIDTH="12" VPOS="839" HPOS="1044"/>
                  <String HEIGHT="43" WIDTH="83" VPOS="839" HPOS="1008" CONTENT="non"/>
                  <SP HEIGHT="43" WIDTH="12" VPOS="839" HPOS="1091"/>
                  <String HEIGHT="43" WIDTH="83" VPOS="839" HPOS="1056" CONTENT="est"/>
                  <SP HEIGHT="43" WIDTH="12" VPOS="839" HPOS="1139"/>
                  <String HEIGHT="43"
                          WIDTH="118"
                          VPOS="839"
                          HPOS="1103"
                          CONTENT="motus,"/>
                  <SP HEIGHT="43" WIDTH="12" VPOS="839" HPOS="1221"/>
                  <String HEIGHT="43" WIDTH="83" VPOS="839" HPOS="1186" CONTENT="sed"/>
                  <SP HEIGHT="43" WIDTH="12" VPOS="839" HPOS="1269"/>
                  <String HEIGHT="43" WIDTH="24" VPOS="839" HPOS="1221" CONTENT=""/>
               </TextLine>
               <TextLine ID="r3l22"
                         BASELINE="929"
                         HEIGHT="52"
                         WIDTH="495"
                         VPOS="877"
                         HPOS="752">
                  <String HEIGHT="52"
                          WIDTH="108"
                          VPOS="877"
                          HPOS="741"
                          CONTENT="quies."/>
                  <SP HEIGHT="52" WIDTH="11" VPOS="877" HPOS="849"/>
                  <String HEIGHT="52" WIDTH="54" VPOS="877" HPOS="817" CONTENT="&amp;"/>
                  <SP HEIGHT="52" WIDTH="11" VPOS="877" HPOS="870"/>
                  <String HEIGHT="52"
                          WIDTH="140"
                          VPOS="877"
                          HPOS="838"
                          CONTENT="similiter"/>
                  <SP HEIGHT="52" WIDTH="11" VPOS="877" HPOS="978"/>
                  <String HEIGHT="52"
                          WIDTH="151"
                          VPOS="877"
                          HPOS="946"
                          CONTENT="principium"/>
                  <SP HEIGHT="52" WIDTH="11" VPOS="877" HPOS="1096"/>
                  <String HEIGHT="52"
                          WIDTH="97"
                          VPOS="877"
                          HPOS="1064"
                          CONTENT="motus"/>
                  <SP HEIGHT="52" WIDTH="11" VPOS="877" HPOS="1161"/>
                  <String HEIGHT="52" WIDTH="75" VPOS="877" HPOS="1129" CONTENT="est"/>
                  <SP HEIGHT="52" WIDTH="11" VPOS="877" HPOS="1204"/>
                  <String HEIGHT="52" WIDTH="65" VPOS="877" HPOS="1172" CONTENT="ex"/>
                  <SP HEIGHT="52" WIDTH="11" VPOS="877" HPOS="1236"/>
                  <String HEIGHT="52" WIDTH="54" VPOS="877" HPOS="1193" CONTENT="non"/>
               </TextLine>
               <TextLine ID="r3l23"
                         BASELINE="966"
                         HEIGHT="49"
                         WIDTH="492"
                         VPOS="917"
                         HPOS="753">
                  <String HEIGHT="49"
                          WIDTH="96"
                          VPOS="917"
                          HPOS="742"
                          CONTENT="motu,"/>
                  <SP HEIGHT="49" WIDTH="11" VPOS="917" HPOS="839"/>
                  <String HEIGHT="49" WIDTH="86" VPOS="917" HPOS="806" CONTENT="nisi"/>
                  <SP HEIGHT="49" WIDTH="11" VPOS="917" HPOS="892"/>
                  <String HEIGHT="49" WIDTH="75" VPOS="917" HPOS="860" CONTENT="sit"/>
                  <SP HEIGHT="49" WIDTH="11" VPOS="917" HPOS="935"/>
                  <String HEIGHT="49" WIDTH="75" VPOS="917" HPOS="903" CONTENT="per"/>
                  <SP HEIGHT="49" WIDTH="11" VPOS="917" HPOS="978"/>
                  <String HEIGHT="49"
                          WIDTH="128"
                          VPOS="917"
                          HPOS="946"
                          CONTENT="accides."/>
                  <SP HEIGHT="49" WIDTH="11" VPOS="917" HPOS="1074"/>
                  <String HEIGHT="49"
                          WIDTH="128"
                          VPOS="917"
                          HPOS="1042"
                          CONTENT="secundum"/>
                  <SP HEIGHT="49" WIDTH="11" VPOS="917" HPOS="1170"/>
                  <String HEIGHT="49" WIDTH="75" VPOS="917" HPOS="1138" CONTENT="hoc"/>
                  <SP HEIGHT="49" WIDTH="11" VPOS="917" HPOS="1213"/>
                  <String HEIGHT="49"
                          WIDTH="75"
                          VPOS="917"
                          HPOS="1170"
                          CONTENT="iciur"/>
               </TextLine>
               <TextLine ID="r3l24"
                         BASELINE="1003"
                         HEIGHT="53"
                         WIDTH="500"
                         VPOS="950"
                         HPOS="750">
                  <String HEIGHT="53" WIDTH="83" VPOS="950" HPOS="738" CONTENT="est"/>
                  <SP HEIGHT="53" WIDTH="12" VPOS="950" HPOS="821"/>
                  <String HEIGHT="53"
                          WIDTH="155"
                          VPOS="950"
                          HPOS="786"
                          CONTENT="itelligen"/>
                  <SP HEIGHT="53" WIDTH="12" VPOS="950" HPOS="940"/>
                  <String HEIGHT="53" WIDTH="71" VPOS="950" HPOS="905" CONTENT="da"/>
                  <SP HEIGHT="53" WIDTH="12" VPOS="950" HPOS="976"/>
                  <String HEIGHT="53" WIDTH="95" VPOS="950" HPOS="940" CONTENT="ista"/>
                  <SP HEIGHT="53" WIDTH="12" VPOS="950" HPOS="1036"/>
                  <String HEIGHT="53"
                          WIDTH="119"
                          VPOS="950"
                          HPOS="1000"
                          CONTENT="demro."/>
                  <SP HEIGHT="53" WIDTH="12" VPOS="950" HPOS="1119"/>
                  <String HEIGHT="53" WIDTH="83" VPOS="950" HPOS="1083" CONTENT="Et,"/>
                  <SP HEIGHT="53" WIDTH="12" VPOS="950" HPOS="1167"/>
                  <String HEIGHT="53"
                          WIDTH="95"
                          VPOS="950"
                          HPOS="1131"
                          CONTENT="quia"/>
                  <SP HEIGHT="53" WIDTH="12" VPOS="950" HPOS="1226"/>
                  <String HEIGHT="53"
                          WIDTH="71"
                          VPOS="950"
                          HPOS="1179"
                          CONTENT="ista"/>
               </TextLine>
               <TextLine ID="r3l25"
                         BASELINE="1026"
                         HEIGHT="32"
                         WIDTH="496"
                         VPOS="994"
                         HPOS="751">
                  <String HEIGHT="32"
                          WIDTH="165"
                          VPOS="994"
                          HPOS="739"
                          CONTENT="declaratio"/>
                  <SP HEIGHT="32" WIDTH="12" VPOS="994" HPOS="905"/>
                  <String HEIGHT="32" WIDTH="83" VPOS="994" HPOS="869" CONTENT="est"/>
                  <SP HEIGHT="32" WIDTH="12" VPOS="994" HPOS="952"/>
                  <String HEIGHT="32"
                          WIDTH="142"
                          VPOS="994"
                          HPOS="916"
                          CONTENT="communis"/>
                  <SP HEIGHT="32" WIDTH="12" VPOS="994" HPOS="1058"/>
                  <String HEIGHT="32"
                          WIDTH="130"
                          VPOS="994"
                          HPOS="1023"
                          CONTENT="omnibus"/>
                  <SP HEIGHT="32" WIDTH="12" VPOS="994" HPOS="1153"/>
                  <String HEIGHT="32"
                          WIDTH="142"
                          VPOS="994"
                          HPOS="1105"
                          CONTENT="transmuta"
                          SUBS_TYPE="HypPart1"
                          SUBS_CONTENT="transmutationibus,"/>
                  <HYP CONTENT="-"/>
               </TextLine>
               <TextLine ID="r3l26"
                         BASELINE="1080"
                         HEIGHT="51"
                         WIDTH="491"
                         VPOS="1029"
                         HPOS="752">
                  <String HEIGHT="51"
                          WIDTH="168"
                          VPOS="1029"
                          HPOS="739"
                          CONTENT="tionibus,"
                          SUBS_TYPE="HypPart2"
                          SUBS_CONTENT="transmutationibus,"/>
                  <SP HEIGHT="51" WIDTH="13" VPOS="1029" HPOS="907"/>
                  <String HEIGHT="51"
                          WIDTH="116"
                          VPOS="1029"
                          HPOS="868"
                          CONTENT="prima"/>
                  <SP HEIGHT="51" WIDTH="13" VPOS="1029" HPOS="985"/>
                  <String HEIGHT="51"
                          WIDTH="116"
                          VPOS="1029"
                          HPOS="946"
                          CONTENT="autem"/>
                  <SP HEIGHT="51" WIDTH="13" VPOS="1029" HPOS="1062"/>
                  <String HEIGHT="51"
                          WIDTH="142"
                          VPOS="1029"
                          HPOS="1023"
                          CONTENT="propria"/>
                  <SP HEIGHT="51" WIDTH="13" VPOS="1029" HPOS="1165"/>
                  <String HEIGHT="51"
                          WIDTH="129"
                          VPOS="1029"
                          HPOS="1114"
                          CONTENT="tramsmu"
                          SUBS_TYPE="HypPart1"
                          SUBS_CONTENT="tramsmutabilibus,"/>
                  <HYP CONTENT="-"/>
               </TextLine>
               <TextLine ID="r3l27"
                         BASELINE="1106"
                         HEIGHT="37"
                         WIDTH="495"
                         VPOS="1069"
                         HPOS="752">
                  <String HEIGHT="37"
                          WIDTH="165"
                          VPOS="1069"
                          HPOS="740"
                          CONTENT="tabilibus,"
                          SUBS_TYPE="HypPart2"
                          SUBS_CONTENT="tramsmutabilibus,"/>
                  <SP HEIGHT="37" WIDTH="12" VPOS="1069" HPOS="905"/>
                  <String HEIGHT="37"
                          WIDTH="94"
                          VPOS="1069"
                          HPOS="870"
                          CONTENT="quae"/>
                  <SP HEIGHT="37" WIDTH="12" VPOS="1069" HPOS="964"/>
                  <String HEIGHT="37"
                          WIDTH="153"
                          VPOS="1069"
                          HPOS="929"
                          CONTENT="recipiunt"/>
                  <SP HEIGHT="37" WIDTH="12" VPOS="1069" HPOS="1082"/>
                  <String HEIGHT="37"
                          WIDTH="141"
                          VPOS="1069"
                          HPOS="1047"
                          CONTENT="quietem,"/>
                  <SP HEIGHT="37" WIDTH="12" VPOS="1069" HPOS="1188"/>
                  <String HEIGHT="37" WIDTH="71" VPOS="1069" HPOS="1153" CONTENT="d."/>
                  <SP HEIGHT="37" WIDTH="12" VPOS="1069" HPOS="1223"/>
                  <String HEIGHT="37"
                          WIDTH="83"
                          VPOS="1069"
                          HPOS="1188"
                          CONTENT="non"/>
                  <SP HEIGHT="37" WIDTH="12" VPOS="1069" HPOS="1271"/>
                  <String HEIGHT="37" WIDTH="24" VPOS="1069" HPOS="1223" CONTENT=""/>
               </TextLine>
               <TextLine ID="r3l28"
                         BASELINE="1147"
                         HEIGHT="45"
                         WIDTH="496"
                         VPOS="1102"
                         HPOS="753">
                  <String HEIGHT="45"
                          WIDTH="92"
                          VPOS="1102"
                          HPOS="741"
                          CONTENT="enim"/>
                  <SP HEIGHT="45" WIDTH="12" VPOS="1102" HPOS="834"/>
                  <String HEIGHT="45" WIDTH="81" VPOS="1102" HPOS="799" CONTENT="est"/>
                  <SP HEIGHT="45" WIDTH="12" VPOS="1102" HPOS="880"/>
                  <String HEIGHT="45"
                          WIDTH="150"
                          VPOS="1102"
                          HPOS="845"
                          CONTENT="dicitura,"/>
                  <SP HEIGHT="45" WIDTH="12" VPOS="1102" HPOS="995"/>
                  <String HEIGHT="45" WIDTH="81" VPOS="1102" HPOS="961" CONTENT="&amp;c."/>
                  <SP HEIGHT="45" WIDTH="12" VPOS="1102" HPOS="1041"/>
                  <String HEIGHT="45" WIDTH="69" VPOS="1102" HPOS="1007" CONTENT="i."/>
                  <SP HEIGHT="45" WIDTH="12" VPOS="1102" HPOS="1076"/>
                  <String HEIGHT="45" WIDTH="58" VPOS="1102" HPOS="1041" CONTENT="&amp;"/>
                  <SP HEIGHT="45" WIDTH="12" VPOS="1102" HPOS="1099"/>
                  <String HEIGHT="45" WIDTH="69" VPOS="1102" HPOS="1064" CONTENT="in"/>
                  <SP HEIGHT="45" WIDTH="12" VPOS="1102" HPOS="1134"/>
                  <String HEIGHT="45"
                          WIDTH="92"
                          VPOS="1102"
                          HPOS="1099"
                          CONTENT="ista"/>
                  <SP HEIGHT="45" WIDTH="12" VPOS="1102" HPOS="1191"/>
                  <String HEIGHT="45"
                          WIDTH="104"
                          VPOS="1102"
                          HPOS="1145"
                          CONTENT="demrone"/>
               </TextLine>
               <TextLine ID="r3l29"
                         BASELINE="1193"
                         HEIGHT="50"
                         WIDTH="494"
                         VPOS="1143"
                         HPOS="753">
                  <String HEIGHT="50"
                          WIDTH="102"
                          VPOS="1143"
                          HPOS="738"
                          CONTENT="non"/>
                  <SP HEIGHT="50" WIDTH="15" VPOS="1143" HPOS="840"/>
                  <String HEIGHT="50"
                          WIDTH="189"
                          VPOS="1143"
                          HPOS="797"
                          CONTENT="indigetur"/>
                  <SP HEIGHT="50" WIDTH="15" VPOS="1143" HPOS="985"/>
                  <String HEIGHT="50"
                          WIDTH="145"
                          VPOS="1143"
                          HPOS="942"
                          CONTENT="ponere"/>
                  <SP HEIGHT="50" WIDTH="15" VPOS="1143" HPOS="1087"/>
                  <String HEIGHT="50"
                          WIDTH="116"
                          VPOS="1143"
                          HPOS="1044"
                          CONTENT="duas"/>
                  <SP HEIGHT="50" WIDTH="15" VPOS="1143" HPOS="1160"/>
                  <String HEIGHT="50"
                          WIDTH="145"
                          VPOS="1143"
                          HPOS="1102"
                          CONTENT="tramsmu"
                          SUBS_TYPE="HypPart1"
                          SUBS_CONTENT="tramsmutationes"/>
                  <HYP CONTENT="-"/>
               </TextLine>
               <TextLine ID="r3l30"
                         BASELINE="1219"
                         HEIGHT="38"
                         WIDTH="493"
                         VPOS="1181"
                         HPOS="754">
                  <String HEIGHT="38"
                          WIDTH="138"
                          VPOS="1181"
                          HPOS="743"
                          CONTENT="tationes"
                          SUBS_TYPE="HypPart2"
                          SUBS_CONTENT="tramsmutationes"/>
                  <SP HEIGHT="38" WIDTH="11" VPOS="1181" HPOS="880"/>
                  <String HEIGHT="38"
                          WIDTH="161"
                          VPOS="1181"
                          HPOS="846"
                          CONTENT="contrarias"/>
                  <SP HEIGHT="38" WIDTH="11" VPOS="1181" HPOS="1006"/>
                  <String HEIGHT="38"
                          WIDTH="103"
                          VPOS="1181"
                          HPOS="972"
                          CONTENT="esse,"/>
                  <SP HEIGHT="38" WIDTH="11" VPOS="1181" HPOS="1075"/>
                  <String HEIGHT="38"
                          WIDTH="103"
                          VPOS="1181"
                          HPOS="1041"
                          CONTENT="sicut"/>
                  <SP HEIGHT="38" WIDTH="11" VPOS="1181" HPOS="1144"/>
                  <String HEIGHT="38"
                          WIDTH="92"
                          VPOS="1181"
                          HPOS="1109"
                          CONTENT="fuit"/>
                  <SP HEIGHT="38" WIDTH="11" VPOS="1181" HPOS="1201"/>
                  <String HEIGHT="38"
                          WIDTH="92"
                          VPOS="1181"
                          HPOS="1155"
                          CONTENT="factum"/>
               </TextLine>
               <TextLine ID="r3l31"
                         BASELINE="1261"
                         HEIGHT="44"
                         WIDTH="484"
                         VPOS="1217"
                         HPOS="757">
                  <String HEIGHT="44" WIDTH="71" VPOS="1217" HPOS="745" CONTENT="in"/>
                  <SP HEIGHT="44" WIDTH="12" VPOS="1217" HPOS="816"/>
                  <String HEIGHT="44"
                          WIDTH="118"
                          VPOS="1217"
                          HPOS="781"
                          CONTENT="prima,"/>
                  <SP HEIGHT="44" WIDTH="12" VPOS="1217" HPOS="899"/>
                  <String HEIGHT="44" WIDTH="83" VPOS="1217" HPOS="863" CONTENT="sed"/>
                  <SP HEIGHT="44" WIDTH="12" VPOS="1217" HPOS="946"/>
                  <String HEIGHT="44"
                          WIDTH="118"
                          VPOS="1217"
                          HPOS="910"
                          CONTENT="tameum"/>
                  <SP HEIGHT="44" WIDTH="12" VPOS="1217" HPOS="1029"/>
                  <String HEIGHT="44"
                          WIDTH="153"
                          VPOS="1217"
                          HPOS="993"
                          CONTENT="indigetur"/>
                  <SP HEIGHT="44" WIDTH="12" VPOS="1217" HPOS="1147"/>
                  <String HEIGHT="44" WIDTH="71" VPOS="1217" HPOS="1111" CONTENT="in"/>
                  <SP HEIGHT="44" WIDTH="12" VPOS="1217" HPOS="1182"/>
                  <String HEIGHT="44" WIDTH="71" VPOS="1217" HPOS="1147" CONTENT="ea"/>
                  <SP HEIGHT="44" WIDTH="12" VPOS="1217" HPOS="1217"/>
                  <String HEIGHT="44"
                          WIDTH="71"
                          VPOS="1217"
                          HPOS="1170"
                          CONTENT="hoc,"/>
               </TextLine>
               <TextLine ID="r3l32"
                         BASELINE="1305"
                         HEIGHT="52"
                         WIDTH="497"
                         VPOS="1253"
                         HPOS="750">
                  <String HEIGHT="52"
                          WIDTH="109"
                          VPOS="1253"
                          HPOS="740"
                          CONTENT="ilicect"/>
                  <SP HEIGHT="52" WIDTH="10" VPOS="1253" HPOS="849"/>
                  <String HEIGHT="52"
                          WIDTH="80"
                          VPOS="1253"
                          HPOS="820"
                          CONTENT="quod"/>
                  <SP HEIGHT="52" WIDTH="10" VPOS="1253" HPOS="899"/>
                  <String HEIGHT="52"
                          WIDTH="149"
                          VPOS="1253"
                          HPOS="869"
                          CONTENT="impossibile"/>
                  <SP HEIGHT="52" WIDTH="10" VPOS="1253" HPOS="1018"/>
                  <String HEIGHT="52" WIDTH="70" VPOS="1253" HPOS="989" CONTENT="est"/>
                  <SP HEIGHT="52" WIDTH="10" VPOS="1253" HPOS="1058"/>
                  <String HEIGHT="52" WIDTH="60" VPOS="1253" HPOS="1028" CONTENT="vt"/>
                  <SP HEIGHT="52" WIDTH="10" VPOS="1253" HPOS="1088"/>
                  <String HEIGHT="52"
                          WIDTH="179"
                          VPOS="1253"
                          HPOS="1058"
                          CONTENT="contradictoria"/>
                  <SP HEIGHT="52" WIDTH="10" VPOS="1253" HPOS="1237"/>
                  <String HEIGHT="52"
                          WIDTH="50"
                          VPOS="1253"
                          HPOS="1197"
                          CONTENT="op"
                          SUBS_TYPE="HypPart1"
                          SUBS_CONTENT="opposita"/>
                  <HYP CONTENT="-"/>
               </TextLine>
               <TextLine ID="r3l34"
                         BASELINE="1346"
                         HEIGHT="53"
                         WIDTH="489"
                         VPOS="1293"
                         HPOS="756">
                  <String HEIGHT="53"
                          WIDTH="140"
                          VPOS="1293"
                          HPOS="742"
                          CONTENT="posita"
                          SUBS_TYPE="HypPart2"
                          SUBS_CONTENT="opposita"/>
                  <SP HEIGHT="53" WIDTH="14" VPOS="1293" HPOS="882"/>
                  <String HEIGHT="53"
                          WIDTH="112"
                          VPOS="1293"
                          HPOS="840"
                          CONTENT="sint"/>
                  <SP HEIGHT="53" WIDTH="14" VPOS="1293" HPOS="952"/>
                  <String HEIGHT="53"
                          WIDTH="168"
                          VPOS="1293"
                          HPOS="910"
                          CONTENT="insimul."/>
                  <SP HEIGHT="53" WIDTH="14" VPOS="1293" HPOS="1077"/>
                  <String HEIGHT="53"
                          WIDTH="112"
                          VPOS="1293"
                          HPOS="1035"
                          CONTENT="D.d."/>
                  <SP HEIGHT="53" WIDTH="14" VPOS="1293" HPOS="1147"/>
                  <String HEIGHT="53"
                          WIDTH="98"
                          VPOS="1293"
                          HPOS="1105"
                          CONTENT="nec"/>
                  <SP HEIGHT="53" WIDTH="14" VPOS="1293" HPOS="1203"/>
                  <String HEIGHT="53"
                          WIDTH="98"
                          VPOS="1293"
                          HPOS="1147"
                          CONTENT="etiam"/>
               </TextLine>
               <TextLine ID="r3l35"
                         BASELINE="1383"
                         HEIGHT="51"
                         WIDTH="493"
                         VPOS="1332"
                         HPOS="754">
                  <String HEIGHT="51"
                          WIDTH="173"
                          VPOS="1332"
                          HPOS="741"
                          CONTENT="indigetur"/>
                  <SP HEIGHT="51" WIDTH="13" VPOS="1332" HPOS="914"/>
                  <String HEIGHT="51"
                          WIDTH="107"
                          VPOS="1332"
                          HPOS="874"
                          CONTENT="hoc."/>
                  <SP HEIGHT="51" WIDTH="13" VPOS="1332" HPOS="981"/>
                  <String HEIGHT="51" WIDTH="93" VPOS="1332" HPOS="941" CONTENT="iI."/>
                  <SP HEIGHT="51" WIDTH="13" VPOS="1332" HPOS="1034"/>
                  <String HEIGHT="51" WIDTH="67" VPOS="1332" HPOS="994" CONTENT="&amp;"/>
                  <SP HEIGHT="51" WIDTH="13" VPOS="1332" HPOS="1060"/>
                  <String HEIGHT="51"
                          WIDTH="107"
                          VPOS="1332"
                          HPOS="1020"
                          CONTENT="ista"/>
                  <SP HEIGHT="51" WIDTH="13" VPOS="1332" HPOS="1127"/>
                  <String HEIGHT="51"
                          WIDTH="133"
                          VPOS="1332"
                          HPOS="1087"
                          CONTENT="demtro"/>
                  <SP HEIGHT="51" WIDTH="13" VPOS="1332" HPOS="1220"/>
                  <String HEIGHT="51"
                          WIDTH="93"
                          VPOS="1332"
                          HPOS="1180"
                          CONTENT="non"/>
                  <SP HEIGHT="51" WIDTH="13" VPOS="1332" HPOS="1274"/>
                  <String HEIGHT="51" WIDTH="27" VPOS="1332" HPOS="1220" CONTENT=""/>
               </TextLine>
               <TextLine ID="r3l36"
                         BASELINE="1422"
                         HEIGHT="52"
                         WIDTH="493"
                         VPOS="1370"
                         HPOS="754">
                  <String HEIGHT="52"
                          WIDTH="155"
                          VPOS="1370"
                          HPOS="740"
                          CONTENT="indiget"/>
                  <SP HEIGHT="52" WIDTH="14" VPOS="1370" HPOS="895"/>
                  <String HEIGHT="52"
                          WIDTH="127"
                          VPOS="1370"
                          HPOS="853"
                          CONTENT="illo,"/>
                  <SP HEIGHT="52" WIDTH="14" VPOS="1370" HPOS="979"/>
                  <String HEIGHT="52"
                          WIDTH="113"
                          VPOS="1370"
                          HPOS="937"
                          CONTENT="quod"/>
                  <SP HEIGHT="52" WIDTH="14" VPOS="1370" HPOS="1050"/>
                  <String HEIGHT="52"
                          WIDTH="169"
                          VPOS="1370"
                          HPOS="1008"
                          CONTENT="acceptum"/>
                  <SP HEIGHT="52" WIDTH="14" VPOS="1370" HPOS="1177"/>
                  <String HEIGHT="52"
                          WIDTH="113"
                          VPOS="1370"
                          HPOS="1134"
                          CONTENT="fuit"/>
                  <SP HEIGHT="52" WIDTH="14" VPOS="1370" HPOS="1247"/>
                  <String HEIGHT="52" WIDTH="56" VPOS="1370" HPOS="1191" CONTENT="in"/>
               </TextLine>
               <TextLine ID="r3l37"
                         BASELINE="1456"
                         HEIGHT="49"
                         WIDTH="500"
                         VPOS="1407"
                         HPOS="751">
                  <String HEIGHT="49"
                          WIDTH="109"
                          VPOS="1407"
                          HPOS="740"
                          CONTENT="prima,"/>
                  <SP HEIGHT="49" WIDTH="11" VPOS="1407" HPOS="849"/>
                  <String HEIGHT="49"
                          WIDTH="130"
                          VPOS="1407"
                          HPOS="816"
                          CONTENT="scilicet"/>
                  <SP HEIGHT="49" WIDTH="11" VPOS="1407" HPOS="947"/>
                  <String HEIGHT="49"
                          WIDTH="87"
                          VPOS="1407"
                          HPOS="914"
                          CONTENT="quod"/>
                  <SP HEIGHT="49" WIDTH="11" VPOS="1407" HPOS="1001"/>
                  <String HEIGHT="49" WIDTH="65" VPOS="1407" HPOS="968" CONTENT="in"/>
                  <SP HEIGHT="49" WIDTH="11" VPOS="1407" HPOS="1034"/>
                  <String HEIGHT="49"
                          WIDTH="98"
                          VPOS="1407"
                          HPOS="1001"
                          CONTENT="eodem"/>
                  <SP HEIGHT="49" WIDTH="11" VPOS="1407" HPOS="1099"/>
                  <String HEIGHT="49"
                          WIDTH="76"
                          VPOS="1407"
                          HPOS="1066"
                          CONTENT="non"/>
                  <SP HEIGHT="49" WIDTH="11" VPOS="1407" HPOS="1142"/>
                  <String HEIGHT="49"
                          WIDTH="130"
                          VPOS="1407"
                          HPOS="1110"
                          CONTENT="existunt"/>
                  <SP HEIGHT="49" WIDTH="11" VPOS="1407" HPOS="1240"/>
                  <String HEIGHT="49"
                          WIDTH="54"
                          VPOS="1407"
                          HPOS="1197"
                          CONTENT="duo"/>
               </TextLine>
               <TextLine ID="r3l38"
                         BASELINE="1495"
                         HEIGHT="51"
                         WIDTH="495"
                         VPOS="1444"
                         HPOS="759">
                  <String HEIGHT="51"
                          WIDTH="157"
                          VPOS="1444"
                          HPOS="747"
                          CONTENT="contraria"/>
                  <SP HEIGHT="51" WIDTH="12" VPOS="1444" HPOS="904"/>
                  <String HEIGHT="51"
                          WIDTH="145"
                          VPOS="1444"
                          HPOS="868"
                          CONTENT="insimul,"/>
                  <SP HEIGHT="51" WIDTH="12" VPOS="1444" HPOS="1013"/>
                  <String HEIGHT="51"
                          WIDTH="109"
                          VPOS="1444"
                          HPOS="976"
                          CONTENT="neque"/>
                  <SP HEIGHT="51" WIDTH="12" VPOS="1444" HPOS="1085"/>
                  <String HEIGHT="51"
                          WIDTH="109"
                          VPOS="1444"
                          HPOS="1049"
                          CONTENT="etiam"/>
                  <SP HEIGHT="51" WIDTH="12" VPOS="1444" HPOS="1157"/>
                  <String HEIGHT="51"
                          WIDTH="145"
                          VPOS="1444"
                          HPOS="1109"
                          CONTENT="indigetur,"/>
               </TextLine>
               <TextLine ID="r3l39"
                         BASELINE="1530"
                         HEIGHT="48"
                         WIDTH="494"
                         VPOS="1482"
                         HPOS="756">
                  <String HEIGHT="48" WIDTH="80" VPOS="1482" HPOS="743" CONTENT="in"/>
                  <SP HEIGHT="48" WIDTH="13" VPOS="1482" HPOS="823"/>
                  <String HEIGHT="48" WIDTH="93" VPOS="1482" HPOS="783" CONTENT="hac"/>
                  <SP HEIGHT="48" WIDTH="13" VPOS="1482" HPOS="876"/>
                  <String HEIGHT="48"
                          WIDTH="200"
                          VPOS="1482"
                          HPOS="836"
                          CONTENT="demtratione"/>
                  <SP HEIGHT="48" WIDTH="13" VPOS="1482" HPOS="1036"/>
                  <String HEIGHT="48"
                          WIDTH="107"
                          VPOS="1482"
                          HPOS="996"
                          CONTENT="illo"/>
                  <SP HEIGHT="48" WIDTH="13" VPOS="1482" HPOS="1103"/>
                  <String HEIGHT="48"
                          WIDTH="134"
                          VPOS="1482"
                          HPOS="1063"
                          CONTENT="tertio"/>
                  <SP HEIGHT="48" WIDTH="13" VPOS="1482" HPOS="1197"/>
                  <String HEIGHT="48"
                          WIDTH="107"
                          VPOS="1482"
                          HPOS="1143"
                          CONTENT="posito"/>
               </TextLine>
               <TextLine ID="r3l40"
                         BASELINE="1562"
                         HEIGHT="37"
                         WIDTH="493"
                         VPOS="1525"
                         HPOS="755">
                  <String HEIGHT="37" WIDTH="56" VPOS="1525" HPOS="746" CONTENT="in"/>
                  <SP HEIGHT="37" WIDTH="9" VPOS="1525" HPOS="802"/>
                  <String HEIGHT="37"
                          WIDTH="93"
                          VPOS="1525"
                          HPOS="774"
                          CONTENT="prima,"/>
                  <SP HEIGHT="37" WIDTH="9" VPOS="1525" HPOS="867"/>
                  <String HEIGHT="37"
                          WIDTH="112"
                          VPOS="1525"
                          HPOS="839"
                          CONTENT="scilicet"/>
                  <SP HEIGHT="37" WIDTH="9" VPOS="1525" HPOS="950"/>
                  <String HEIGHT="37"
                          WIDTH="74"
                          VPOS="1525"
                          HPOS="922"
                          CONTENT="quod"/>
                  <SP HEIGHT="37" WIDTH="9" VPOS="1525" HPOS="997"/>
                  <String HEIGHT="37"
                          WIDTH="84"
                          VPOS="1525"
                          HPOS="969"
                          CONTENT="quoes"/>
                  <SP HEIGHT="37" WIDTH="9" VPOS="1525" HPOS="1053"/>
                  <String HEIGHT="37"
                          WIDTH="65"
                          VPOS="1525"
                          HPOS="1025"
                          CONTENT="est"/>
                  <SP HEIGHT="37" WIDTH="9" VPOS="1525" HPOS="1090"/>
                  <String HEIGHT="37"
                          WIDTH="121"
                          VPOS="1525"
                          HPOS="1062"
                          CONTENT="contraria"/>
                  <SP HEIGHT="37" WIDTH="9" VPOS="1525" HPOS="1183"/>
                  <String HEIGHT="37"
                          WIDTH="93"
                          VPOS="1525"
                          HPOS="1155"
                          CONTENT="motui."/>
                  <SP HEIGHT="37" WIDTH="9" VPOS="1525" HPOS="1248"/>
                  <String HEIGHT="37" WIDTH="37" VPOS="1525" HPOS="1211" CONTENT="D."/>
               </TextLine>
               <TextLine ID="r3l41"
                         BASELINE="1602"
                         HEIGHT="44"
                         WIDTH="484"
                         VPOS="1558"
                         HPOS="762">
                  <String HEIGHT="44"
                          WIDTH="93"
                          VPOS="1558"
                          HPOS="752"
                          CONTENT="dedit"/>
                  <SP HEIGHT="44" WIDTH="10" VPOS="1558" HPOS="844"/>
                  <String HEIGHT="44"
                          WIDTH="103"
                          VPOS="1558"
                          HPOS="813"
                          CONTENT="causam"/>
                  <SP HEIGHT="44" WIDTH="10" VPOS="1558" HPOS="916"/>
                  <String HEIGHT="44" WIDTH="62" VPOS="1558" HPOS="886" CONTENT="in"/>
                  <SP HEIGHT="44" WIDTH="10" VPOS="1558" HPOS="947"/>
                  <String HEIGHT="44"
                          WIDTH="82"
                          VPOS="1558"
                          HPOS="916"
                          CONTENT="hoc,"/>
                  <SP HEIGHT="44" WIDTH="10" VPOS="1558" HPOS="999"/>
                  <String HEIGHT="44" WIDTH="51" VPOS="1558" HPOS="968" CONTENT="&amp;"/>
                  <SP HEIGHT="44" WIDTH="10" VPOS="1558" HPOS="1019"/>
                  <String HEIGHT="44" WIDTH="51" VPOS="1558" HPOS="989" CONTENT="d"/>
                  <SP HEIGHT="44" WIDTH="10" VPOS="1558" HPOS="1040"/>
                  <String HEIGHT="44"
                          WIDTH="82"
                          VPOS="1558"
                          HPOS="1009"
                          CONTENT="quod"/>
                  <SP HEIGHT="44" WIDTH="10" VPOS="1558" HPOS="1092"/>
                  <String HEIGHT="44"
                          WIDTH="82"
                          VPOS="1558"
                          HPOS="1061"
                          CONTENT="enim"/>
                  <SP HEIGHT="44" WIDTH="10" VPOS="1558" HPOS="1143"/>
                  <String HEIGHT="44"
                          WIDTH="72"
                          VPOS="1558"
                          HPOS="1112"
                          CONTENT="non"/>
                  <SP HEIGHT="44" WIDTH="10" VPOS="1558" HPOS="1184"/>
                  <String HEIGHT="44"
                          WIDTH="82"
                          VPOS="1558"
                          HPOS="1153"
                          CONTENT="est,"/>
                  <SP HEIGHT="44" WIDTH="10" VPOS="1558" HPOS="1236"/>
                  <String HEIGHT="44"
                          WIDTH="51"
                          VPOS="1558"
                          HPOS="1195"
                          CONTENT="&amp;c."/>
               </TextLine>
               <TextLine ID="r3l42"
                         BASELINE="1650"
                         HEIGHT="53"
                         WIDTH="499"
                         VPOS="1597"
                         HPOS="754">
                  <String HEIGHT="53" WIDTH="67" VPOS="1597" HPOS="743" CONTENT="i."/>
                  <SP HEIGHT="53" WIDTH="11" VPOS="1597" HPOS="809"/>
                  <String HEIGHT="53" WIDTH="55" VPOS="1597" HPOS="776" CONTENT="&amp;"/>
                  <SP HEIGHT="53" WIDTH="11" VPOS="1597" HPOS="832"/>
                  <String HEIGHT="53"
                          WIDTH="100"
                          VPOS="1597"
                          HPOS="798"
                          CONTENT="cauma"/>
                  <SP HEIGHT="53" WIDTH="11" VPOS="1597" HPOS="898"/>
                  <String HEIGHT="53" WIDTH="67" VPOS="1597" HPOS="865" CONTENT="in"/>
                  <SP HEIGHT="53" WIDTH="11" VPOS="1597" HPOS="931"/>
                  <String HEIGHT="53"
                          WIDTH="89"
                          VPOS="1597"
                          HPOS="898"
                          CONTENT="hoc,"/>
                  <SP HEIGHT="53" WIDTH="11" VPOS="1597" HPOS="987"/>
                  <String HEIGHT="53"
                          WIDTH="89"
                          VPOS="1597"
                          HPOS="954"
                          CONTENT="quod"/>
                  <SP HEIGHT="53" WIDTH="11" VPOS="1597" HPOS="1042"/>
                  <String HEIGHT="53"
                          WIDTH="89"
                          VPOS="1597"
                          HPOS="1009"
                          CONTENT="ista"/>
                  <SP HEIGHT="53" WIDTH="11" VPOS="1597" HPOS="1098"/>
                  <String HEIGHT="53"
                          WIDTH="177"
                          VPOS="1597"
                          HPOS="1064"
                          CONTENT="transmutatio"/>
                  <SP HEIGHT="53" WIDTH="11" VPOS="1597" HPOS="1242"/>
                  <String HEIGHT="53"
                          WIDTH="55"
                          VPOS="1597"
                          HPOS="1198"
                          CONTENT="non"/>
               </TextLine>
               <TextLine ID="r3l43"
                         BASELINE="1688"
                         HEIGHT="52"
                         WIDTH="489"
                         VPOS="1636"
                         HPOS="755">
                  <String HEIGHT="52"
                          WIDTH="114"
                          VPOS="1636"
                          HPOS="744"
                          CONTENT="puenit"/>
                  <SP HEIGHT="52" WIDTH="11" VPOS="1636" HPOS="857"/>
                  <String HEIGHT="52" WIDTH="68" VPOS="1636" HPOS="823" CONTENT="ad"/>
                  <SP HEIGHT="52" WIDTH="11" VPOS="1636" HPOS="891"/>
                  <String HEIGHT="52"
                          WIDTH="136"
                          VPOS="1636"
                          HPOS="857"
                          CONTENT="quietem,"/>
                  <SP HEIGHT="52" WIDTH="11" VPOS="1636" HPOS="994"/>
                  <String HEIGHT="52"
                          WIDTH="91"
                          VPOS="1636"
                          HPOS="960"
                          CONTENT="est:"/>
                  <SP HEIGHT="52" WIDTH="11" VPOS="1636" HPOS="1051"/>
                  <String HEIGHT="52"
                          WIDTH="125"
                          VPOS="1636"
                          HPOS="1017"
                          CONTENT="quoniam"/>
                  <SP HEIGHT="52" WIDTH="11" VPOS="1636" HPOS="1142"/>
                  <String HEIGHT="52"
                          WIDTH="148"
                          VPOS="1636"
                          HPOS="1096"
                          CONTENT="transinuta"
                          SUBS_TYPE="HypPart1"
                          SUBS_CONTENT="transinutatio,"/>
                  <HYP CONTENT="-"/>
               </TextLine>
               <TextLine ID="r3l44"
                         BASELINE="1715"
                         HEIGHT="42"
                         WIDTH="484"
                         VPOS="1673"
                         HPOS="762">
                  <String HEIGHT="42"
                          WIDTH="86"
                          VPOS="1673"
                          HPOS="751"
                          CONTENT="tio,"
                          SUBS_TYPE="HypPart2"
                          SUBS_CONTENT="transinutatio,"/>
                  <SP HEIGHT="42" WIDTH="11" VPOS="1673" HPOS="837"/>
                  <String HEIGHT="42"
                          WIDTH="86"
                          VPOS="1673"
                          HPOS="805"
                          CONTENT="quae"/>
                  <SP HEIGHT="42" WIDTH="11" VPOS="1673" HPOS="891"/>
                  <String HEIGHT="42" WIDTH="75" VPOS="1673" HPOS="859" CONTENT="est"/>
                  <SP HEIGHT="42" WIDTH="11" VPOS="1673" HPOS="934"/>
                  <String HEIGHT="42"
                          WIDTH="151"
                          VPOS="1673"
                          HPOS="902"
                          CONTENT="corruptio,"/>
                  <SP HEIGHT="42" WIDTH="11" VPOS="1673" HPOS="1052"/>
                  <String HEIGHT="42"
                          WIDTH="129"
                          VPOS="1673"
                          HPOS="1020"
                          CONTENT="peruenit"/>
                  <SP HEIGHT="42" WIDTH="11" VPOS="1673" HPOS="1149"/>
                  <String HEIGHT="42" WIDTH="65" VPOS="1673" HPOS="1117" CONTENT="ad"/>
                  <SP HEIGHT="42" WIDTH="11" VPOS="1673" HPOS="1181"/>
                  <String HEIGHT="42"
                          WIDTH="75"
                          VPOS="1673"
                          HPOS="1149"
                          CONTENT="non"/>
                  <SP HEIGHT="42" WIDTH="11" VPOS="1673" HPOS="1224"/>
                  <String HEIGHT="42"
                          WIDTH="65"
                          VPOS="1673"
                          HPOS="1181"
                          CONTENT="ens:"/>
               </TextLine>
               <TextLine ID="r3l45"
                         BASELINE="1754"
                         HEIGHT="42"
                         WIDTH="496"
                         VPOS="1712"
                         HPOS="755">
                  <String HEIGHT="42" WIDTH="58" VPOS="1712" HPOS="743" CONTENT="&amp;"/>
                  <SP HEIGHT="42" WIDTH="12" VPOS="1712" HPOS="801"/>
                  <String HEIGHT="42" WIDTH="81" VPOS="1712" HPOS="767" CONTENT="non"/>
                  <SP HEIGHT="42" WIDTH="12" VPOS="1712" HPOS="847"/>
                  <String HEIGHT="42" WIDTH="81" VPOS="1712" HPOS="813" CONTENT="ens"/>
                  <SP HEIGHT="42" WIDTH="12" VPOS="1712" HPOS="893"/>
                  <String HEIGHT="42" WIDTH="81" VPOS="1712" HPOS="859" CONTENT="non"/>
                  <SP HEIGHT="42" WIDTH="12" VPOS="1712" HPOS="940"/>
                  <String HEIGHT="42"
                          WIDTH="127"
                          VPOS="1712"
                          HPOS="905"
                          CONTENT="dicitur"/>
                  <SP HEIGHT="42" WIDTH="12" VPOS="1712" HPOS="1032"/>
                  <String HEIGHT="42"
                          WIDTH="161"
                          VPOS="1712"
                          HPOS="997"
                          CONTENT="quiescere,"/>
                  <SP HEIGHT="42" WIDTH="12" VPOS="1712" HPOS="1159"/>
                  <String HEIGHT="42"
                          WIDTH="81"
                          VPOS="1712"
                          HPOS="1124"
                          CONTENT="nec"/>
                  <SP HEIGHT="42" WIDTH="12" VPOS="1712" HPOS="1205"/>
                  <String HEIGHT="42"
                          WIDTH="92"
                          VPOS="1712"
                          HPOS="1159"
                          CONTENT="trans"
                          SUBS_TYPE="HypPart1"
                          SUBS_CONTENT="transmutari,"/>
                  <HYP CONTENT="-"/>
               </TextLine>
               <TextLine ID="r3l46"
                         BASELINE="1794"
                         HEIGHT="43"
                         WIDTH="492"
                         VPOS="1751"
                         HPOS="761">
                  <String HEIGHT="43"
                          WIDTH="132"
                          VPOS="1751"
                          HPOS="749"
                          CONTENT="mutari,"
                          SUBS_TYPE="HypPart2"
                          SUBS_CONTENT="transmutari,"/>
                  <SP HEIGHT="43" WIDTH="12" VPOS="1751" HPOS="881"/>
                  <String HEIGHT="43" WIDTH="84" VPOS="1751" HPOS="845" CONTENT="nec"/>
                  <SP HEIGHT="43" WIDTH="12" VPOS="1751" HPOS="929"/>
                  <String HEIGHT="43"
                          WIDTH="96"
                          VPOS="1751"
                          HPOS="893"
                          CONTENT="esse"/>
                  <SP HEIGHT="43" WIDTH="12" VPOS="1751" HPOS="989"/>
                  <String HEIGHT="43"
                          WIDTH="180"
                          VPOS="1751"
                          HPOS="953"
                          CONTENT="contrarium."/>
                  <SP HEIGHT="43" WIDTH="12" VPOS="1751" HPOS="1133"/>
                  <String HEIGHT="43" WIDTH="60" VPOS="1751" HPOS="1097" CONTENT="&amp;"/>
                  <SP HEIGHT="43" WIDTH="12" VPOS="1751" HPOS="1157"/>
                  <String HEIGHT="43"
                          WIDTH="108"
                          VPOS="1751"
                          HPOS="1121"
                          CONTENT="omnia"/>
                  <SP HEIGHT="43" WIDTH="12" VPOS="1751" HPOS="1229"/>
                  <String HEIGHT="43"
                          WIDTH="72"
                          VPOS="1751"
                          HPOS="1181"
                          CONTENT="ista"/>
               </TextLine>
               <TextLine ID="r3l47"
                         BASELINE="1842"
                         HEIGHT="46"
                         WIDTH="474"
                         VPOS="1796"
                         HPOS="759">
                  <String HEIGHT="46"
                          WIDTH="142"
                          VPOS="1796"
                          HPOS="743"
                          CONTENT="erant"/>
                  <SP HEIGHT="46" WIDTH="16" VPOS="1796" HPOS="885"/>
                  <String HEIGHT="46"
                          WIDTH="174"
                          VPOS="1796"
                          HPOS="838"
                          CONTENT="accepta"/>
                  <SP HEIGHT="46" WIDTH="16" VPOS="1796" HPOS="1012"/>
                  <String HEIGHT="46" WIDTH="95" VPOS="1796" HPOS="964" CONTENT="in"/>
                  <SP HEIGHT="46" WIDTH="16" VPOS="1796" HPOS="1059"/>
                  <String HEIGHT="46"
                          WIDTH="142"
                          VPOS="1796"
                          HPOS="1012"
                          CONTENT="prima"/>
                  <SP HEIGHT="46" WIDTH="16" VPOS="1796" HPOS="1154"/>
                  <String HEIGHT="46"
                          WIDTH="142"
                          VPOS="1796"
                          HPOS="1091"
                          CONTENT="demione"/>
               </TextLine>
            </TextBlock>
         </PrintSpace>
      </Page>
   </Layout>
</alto>
