1416 2066
190 173 101 59 id,
247 173 115 59 quod
319 173 101 59 per
377 173 188 59 accidens,
521 173 130 59 esset
594 173 115 59 expers

201 217 114 50 rei,
272 217 114 50 quae
343 217 100 50 per
400 217 100 50 se,
457 217 71 50 &
485 217 128 50 prius
571 217 100 50 ea,
628 217 114 50 quod

198 255 102 43 est
242 255 131 43 falsum,

340 301 138 44 Caput
416 301 153 44 Tertium.

192 332 181 55 Voniam
318 332 163 55 autem
427 332 108 55 ex
481 332 199 55 quatuor
608 332 108 55 cau-

243 353 121 81 Asis
318 353 166 81 Antiqui
439 353 151 81 tantum
530 353 181 81 Materialem

278 414 295 46 consyderauerunt:
529 414 103 46 iam
588 414 89 46 de
618 414 89 46 Tor-

206 453 117 50 mali,
284 453 143 50 finali,
388 453 117 50 atque
466 453 182 50 Efficienti
596 453 117 50 minimum

202 492 110 47 quid
271 492 207 47 attigerunt:
436 492 110 47 ideo
505 492 96 47 id,
560 492 110 47 quid
616 492 96 47 forma

204 529 163 42 vocatur,
326 529 68 42 &
354 529 136 42 finis,
448 529 149 42 insequi
557 529 149 42 naturam
652 529 54 42 ma

201 569 127 41 teriae
290 569 165 41 putarunt,
417 569 76 41 ex
455 569 114 41 eaque
531 569 76 41 de
556 569 152 41 necessita-

204 616 84 42 te
246 616 195 42 prouenire,
399 616 70 42 &
427 616 98 42 tum
483 616 153 42 primum,
594 616 98 42 tum
636 616 70 42 vl-

202 646 143 45 timum
297 646 222 45 negauerunt
472 646 159 45 finem.
567 646 143 45 Videtur

204 685 109 56 enim
272 685 177 56 inquiunt,
409 685 150 56 pluuiam
517 685 95 56 non
572 685 82 56 vt
599 685 109 56 frnges

200 724 188 55 germinent
344 724 217 55 descendere,
517 724 101 55 sed
575 724 116 55 quia
633 724 72 55 ac-

208 765 117 52 cidit
286 765 104 52 ipsi
352 765 131 52 vapori
443 765 183 52 ascendenti
573 765 144 52 infrigida

201 804 77 52 ri
240 804 77 52 in
278 804 167 52 superiori
407 804 116 52 parte
484 804 128 52 aeris,
574 804 77 52 ex
612 804 90 52 quo
651 804 64 52 fit

196 841 155 53 pluuia,
309 841 113 53 quae
379 841 197 53 descendit,
534 841 70 53 &
562 841 141 53 semina
647 841 70 53 pul

203 881 131 41 lulare
294 881 131 41 facit.
386 881 131 41 Itidem
477 881 78 41 in
516 881 170 41 membrorum
634 881 78 41 ani-

208 921 117 49 malis
286 921 208 49 generatione,
455 921 104 49 ita,
519 921 78 49 vt
558 921 130 49 dentes
636 921 65 49 gra

207 961 97 41 tia
262 961 152 41 exempli
373 961 138 41 quidam
470 961 124 41 lati,
553 961 138 41 quidam
636 961 69 41 ve-

210 996 76 54 ro
248 996 114 54 acuti
324 996 203 54 reperruntur,
489 996 89 54 non
540 996 76 54 vt
578 996 76 54 ad
604 996 101 54 teren-

205 1036 111 38 dum
269 1036 143 38 lati,
364 1036 79 38 &
396 1036 95 38 ad
443 1036 222 38 incidendum
602 1036 111 38 acuti

207 1076 174 52 existant,
340 1076 93 52 sed
394 1076 107 52 quia
460 1076 120 52 ipsos
540 1076 160 52 molares,
647 1076 67 52 qui

201 1114 81 40 ex
242 1114 149 40 materia
351 1114 163 40 terrena,
473 1114 176 40 crassaque
595 1114 108 40 oriun-

210 1153 104 51 tur,
275 1153 169 51 contingit
405 1153 104 51 esse
471 1153 130 51 latos,
562 1153 65 51 &
588 1153 78 51 ex
614 1153 91 51 mate-

204 1197 109 37 riae
273 1197 177 37 tenuitate
409 1197 164 37 acutorum
532 1197 150 37 dentium
627 1197 82 37 acu-

203 1230 92 44 tos
256 1230 119 44 oriri
335 1230 79 44 de
374 1230 211 44 necessrtate.
546 1230 132 44 Dicunt
625 1230 92 44 autem

200 1268 224 54 generationem
382 1268 168 54 animalis
508 1268 112 54 tunc
564 1268 140 54 perfici,

211 1316 68 30 &
239 1316 150 30 idoneam
347 1316 136 30 reddi,
443 1316 95 30 cum
497 1316 177 30 huiusmodi
619 1316 82 30 con-

189 1349 195 50 tingentia
339 1349 120 50 Tseu
414 1349 180 50 fortuna,
548 1349 165 50 accidit
653 1349 60 50 in

204 1388 164 38 omnibus
324 1388 120 38 eius
398 1388 179 38 membris,
533 1388 105 38 sed
578 1388 120 38 Tdefe-

209 1424 106 42 ctus
275 1424 106 42 Iseu
342 1424 200 42 destructio,
501 1424 146 42 accidit
608 1424 80 42 in
634 1424 67 42 ge-

208 1465 174 41 neratione
342 1465 121 41 eius,
422 1465 94 41 cum
475 1465 174 41 huiusmodi
596 1465 107 41 contin

205 1501 108 55 gens
272 1501 94 55 non
326 1501 134 55 euenit
420 1501 81 55 in
460 1501 148 55 omnibus
568 1501 108 55 eius
621 1501 81 55 men-

215 1541 110 52 pris,
288 1541 98 52 quae
350 1541 74 52 ex
386 1541 98 52 ipso
448 1541 135 52 animali
546 1541 123 52 genita
619 1541 86 52 sunt,

208 1580 127 52 Quare
292 1580 155 52 naturam
405 1580 127 52 posse
489 1580 183 52 procreare
616 1580 98 52 indi-

212 1620 124 47 uidua
295 1620 193 47 animalium,
446 1620 83 47 ex
488 1620 165 47 pluribus
598 1620 110 47 spebus

216 1656 178 52 composita
353 1656 123 52 certe
436 1656 192 52 affirmant:
587 1656 82 52 vt
614 1656 96 52 forte

210 1698 159 49 fortuna
325 1698 173 49 contigit
455 1698 144 49 cuidam
555 1698 159 49 animali
656 1698 58 49 ha

211 1733 119 46 bere
285 1733 163 46 quaedam
404 1733 119 46 eius
478 1733 148 46 membra
568 1733 148 46 alterius

213 1775 174 43 animalis,
347 1775 67 43 &
374 1775 134 43 alteri
468 1775 174 43 alterius,
602 1775 81 43 vt
629 1775 81 43 Empe

215 1812 133 54 docles
308 1812 147 54 asserit
415 1812 120 54 posse
494 1812 120 54 oriri
574 1812 147 54 animal,
668 1812 53 54 cu

209 1852 98 49 ius
265 1852 196 49 superiores
419 1852 140 49 partes
517 1852 112 49 sint
573 1852 140 49 humanae,

726 179 72 51 in
762 179 143 51 feriores
869 179 95 51 vero
929 179 143 51 bouinae,
1036 179 84 51 his
1084 179 119 51 igitur
1156 179 95 51 ratio-

729 217 114 49 nibus
805 217 139 49 priores
906 217 164 49 tollebant
1032 217 139 49 finalem
1120 217 114 49 causam.

730 260 90 49 hac
781 260 128 49 quoque
871 260 141 49 ratione
973 260 90 49 res
1024 260 115 49 gigni
1088 260 141 49 existima-

727 296 131 51 bant.
815 296 102 51 Nos
873 296 131 51 tamen
960 296 160 51 dicimus
1076 296 175 51 quicquid
1193 296 58 51 a-

726 334 143 45 natura
826 334 200 45 generatur,
982 334 86 45 id
1025 334 100 45 vel
1082 334 86 45 vt
1125 334 143 45 semper

732 381 132 48 gigni,
824 381 79 48 vt
863 381 145 48 animal,
969 381 105 48 quid
1034 381 79 48 ex
1074 381 118 48 mare,
1153 381 66 48 &
1166 381 79 48 foe-

725 412 113 53 mina
795 412 198 53 procreatum
951 412 113 53 est,
1021 412 99 53 vel
1078 412 85 53 vt
1120 412 85 53 in
1148 412 85 53 plu-

731 452 138 50 ribus,
828 452 83 50 vt
869 452 138 50 quitus
966 452 152 50 dicitus
1077 452 83 50 in
1105 452 124 50 homine,

735 492 95 38 vel
790 492 82 38 vt
831 492 82 38 in
872 492 218 38 paucioribus,
1049 492 82 38 vt
1090 492 150 38 sextus.
1185 492 55 38 in

728 533 125 45 prius
812 533 125 45 autem
895 533 139 45 dictis
993 533 139 45 aperte
1090 533 139 45 patuit
1173 533 70 45 ea.

735 568 100 53 quae
797 568 100 53 raro
859 568 125 53 fiunt,
946 568 137 53 sponte,
1046 568 62 53 &
1071 568 137 53 fortuna
1158 568 75 53 fie-

731 604 95 56 ri.
786 604 108 56 Quod
853 604 136 56 igitur
948 604 81 56 ex
989 604 149 56 animali
1084 604 149 56 gignitur,

729 640 118 50 atque
807 640 144 50 psanta,
912 640 144 50 oportet
1017 640 65 50 a
1043 640 157 50 fortuna,
1161 640 92 50 vel
1200 640 39 50 a

726 685 146 51 natura
829 685 175 51 prodire:
960 685 102 51 sed
1018 685 102 51 non
1077 685 73 51 a
1091 685 146 51 fortuna:

730 725 140 51 quoniam
832 725 102 51 tunc
896 725 140 51 animal,
998 725 64 51 &
1023 725 127 51 planta
1112 725 102 51 raro
1163 725 64 51 in-

731 762 182 44 uenirentur:
877 762 61 44 &
901 762 158 44 oporteret
1022 762 85 44 id,
1071 762 97 44 quod
1132 762 85 44 est
1168 762 61 44 per

728 801 174 42 accidens,
862 801 107 42 esse
929 801 174 42 denudatum
1063 801 80 42 ab
1103 801 94 42 eo,
1157 801 107 42 quid

735 845 92 50 per
787 845 92 50 se,
840 845 65 50 &
866 845 92 50 vt.
918 845 92 50 non
970 845 196 50 postponatur
1127 845 92 50 ei.
1167 845 65 50 Iam

730 881 119 42 tamen
809 881 93 42 est
862 881 159 42 probatum
981 881 119 42 ipsam
1061 881 172 42 fortunam,
1193 881 66 42 &

727 918 96 52 id,
782 918 110 52 quod
851 918 151 52 suonte,
961 918 110 52 esse
1029 918 192 52 posteriora
1166 918 69 52 rei

733 951 176 59 naturali.
869 951 108 59 hinc
937 951 122 59 autem
1018 951 108 59 mnui
1086 951 108 59 pont
1154 951 108 59 quod

721 997 80 52 re
761 997 107 52 vera
827 997 93 52 nam
881 997 160 52 alicuius
1001 997 93 52 rei
1054 997 134 52 gratia
1135 997 93 52 agit.

768 1032 146 42 Potest
871 1032 132 42 adhuc
959 1032 117 42 idem
1032 1032 205 42 monstrari,
1178 1032 59 42 si

730 1074 145 45 naturam
836 1074 106 45 arti
902 1074 198 45 comparemus.
1060 1074 106 45 est.
1126 1074 106 45 enim
1179 1074 53 45 ip

732 1112 78 54 sa
771 1112 116 54 causa
848 1112 142 54 finalis
952 1112 194 54 apertissima
1107 1112 78 54 in
1133 1112 90 54 arte.

726 1151 185 51 identidem
868 1151 171 51 quicquid
997 1151 100 51 est
1054 1151 114 51 ante
1111 1151 114 51 finem,

729 1190 118 52 esse
803 1190 162 52 propter
921 1190 148 52 finem,
1024 1190 118 52 nemo
1083 1190 148 52 ambigit.

726 1234 86 47 si
769 1234 100 47 rem
826 1234 143 47 igitur
926 1234 244 47 animaduertas,
1127 1234 100 47 nom
1170 1234 57 47 te

729 1269 157 48 latebit
843 1269 157 48 naturam
957 1269 86 48 in
1000 1269 100 48 hoc
1057 1269 129 48 aequa
1129 1269 100 48 lance

728 1305 103 49 cum
787 1305 118 49 arte
861 1305 206 49 procedere.
1022 1305 118 49 nam,
1096 1305 88 49 si
1125 1305 103 49 domus

728 1344 141 51 gratia
827 1344 155 51 exempli
940 1344 71 51 a
968 1344 141 51 natura
1053 1344 169 51 producere-

727 1389 104 37 tur,
792 1389 91 37 non
844 1389 104 37 nisi
908 1389 78 37 vt
947 1389 78 37 ab
986 1389 104 37 arte
1051 1389 168 37 prodiret.
1167 1389 65 37 hoc

730 1421 118 54 tamen
809 1421 118 54 primo
887 1421 158 54 naturae,
1006 1421 105 54 quae
1071 1421 105 54 arti
1124 1421 105 54 ascri-

724 1462 143 40 bendum
824 1462 114 40 est.
895 1462 100 40 ais
952 1462 114 40 enim
1024 1462 157 40 naturam
1124 1462 100 40 itat.

728 1500 143 51 lccirco
832 1500 104 51 fuis
897 1500 143 51 figuris
1001 1500 104 51 vseu
1053 1500 182 51 deferiptioni

733 1541 107 45 pus
794 1541 198 45 inuenimus
946 1541 107 45 eam
1007 1541 198 45 perficere
1145 1541 76 45 id,

730 1576 78 50 in
769 1576 91 50 quo
821 1576 131 50 natura
913 1576 157 50 deficit,
1030 1576 91 50 vel
1082 1576 131 50 illius
1161 1576 78 50 opus

726 1617 132 50 facile
818 1617 145 50 reddit,
924 1617 79 50 vt
963 1617 92 50 ars
1016 1617 145 50 Medica,
1121 1617 66 50 &
1135 1617 92 50 Agri-

733 1650 166 48 cultura.
858 1650 152 48 constat
968 1650 138 48 igitur
1065 1650 138 48 eandem
1148 1650 83 48 esse

732 1695 234 53 proportionem
922 1695 161 53 priorum
1039 1695 88 53 ad
1068 1695 161 53 posterio-

731 1732 77 55 ra
770 1732 77 55 in
808 1732 115 55 arte,
885 1732 102 55 quae
949 1732 90 55 est
1000 1732 77 55 in
1038 1732 141 55 natura.
1128 1732 102 55 priora

732 1776 158 42 videlicet
853 1776 73 42 in
890 1776 85 42 his
938 1776 109 42 prper
1011 1776 170 42 posteriora
1133 1776 97 42 existe

730 1812 92 50 re:
782 1812 105 50 sed,
848 1812 78 50 si
887 1812 78 50 in
926 1812 196 50 naturalibus
1083 1812 131 50 priora
1162 1812 65 50 po-

726 1852 165 54 steriorum
853 1852 127 54 giatia
942 1852 127 54 fiunt,
1030 1852 63 54 &
1056 1852 127 54 itaque
1144 1852 76 54 se
1170 1852 63 54 na
