1416 2066
227 170 111 40 habet,
305 170 177 40 proportionem
449 170 122 40 maioris
537 170 200 40 inaequalitatis
693 170 44 40 su

224 206 83 39 pra
271 206 130 39 mobile.
366 206 71 39 si
401 206 118 39 igitur
484 206 94 39 omne
543 206 118 39 mouens
626 206 71 39 in
649 206 83 39 mundo

224 242 155 34 moueretur
343 242 71 34 ab
379 242 83 34 eo,
426 242 95 34 quod
486 242 119 34 mouet,
569 242 71 34 ex
605 242 119 34 parte,
676 242 60 34 qua

229 268 116 31 mouet,
311 268 140 31 superat,
415 268 70 31 ex
450 268 116 31 parte,
532 268 81 31 qua
578 268 140 31 mouetur,
671 268 70 31 su

233 300 106 30 peratur
310 300 58 30 ab
339 300 96 30 eodem.
407 300 77 30 quod
455 300 67 30 non
493 300 87 30 capit
551 300 144 30 intellectus
667 300 58 30 Ad
686 300 48 30 tol

233 333 95 39 endam
297 333 137 39 huiusmodi
403 333 201 39 contradictionem
572 333 127 39 dixerunt
656 333 85 39 aliqui

226 360 96 40 quod
286 360 84 40 non
334 360 168 40 inconuenit
466 360 96 40 idem
527 360 96 40 esse
587 360 120 40 mouens
671 360 60 40 &
683 360 48 40 mo

227 390 90 37 tum:
283 390 56 37 &
305 390 101 37 agens
372 390 56 37 &
395 390 123 37 patiens
484 390 134 37 respectu
585 390 134 37 eiusdem,
686 390 78 37 sed

232 423 63 37 non
268 423 108 37 secundum
349 423 81 37 idem,
403 423 63 37 sed
439 423 108 37 secundum
519 423 108 37 diuersa.
600 423 72 37 vnde
645 423 72 37 dico
681 423 54 37 quod

231 457 127 34 reactio
324 457 81 34 non
370 457 81 34 fit
416 457 81 34 per
463 457 116 34 easdem
544 457 173 34 qualitates,
682 457 81 34 sed

224 493 76 34 per
267 493 141 34 diuersas.
376 493 97 34 vnde,
441 493 65 34 si
473 493 97 34 ignis
538 493 87 34 agit
592 493 65 34 in
625 493 97 34 aquam
679 493 54 34 per

226 524 185 35 caliditatem,
376 524 92 35 aqua
434 524 115 35 reagit
515 524 69 35 in
549 524 104 35 ignem
619 524 81 35 per
653 524 81 35 humi-

232 549 117 37 ditatem.
320 549 68 37 Sed
359 549 78 37 ista
407 549 97 37 opinio
475 549 88 37 stare
534 549 68 37 non
573 549 88 37 pont.
631 549 78 37 quia
670 549 68 37 Aris.

224 580 67 42 in.
263 580 57 42 2.
291 580 57 42 de
320 580 86 42 gene.
378 580 48 42 &
397 580 105 42 corrup.
473 580 57 42 in
502 580 67 42 te.
540 580 77 42 com.
588 580 67 42 24.
627 580 86 42 dicit
675 580 57 42 quod

222 611 108 37 omnia
294 611 108 37 efnta
366 611 132 37 possunt
462 611 156 37 adinuicem
569 611 168 37 transmutari.

224 644 49 32 &
244 644 58 32 in
273 644 68 32 te.
312 644 78 32 233.
361 644 58 32 d.
390 644 78 32 quod
439 644 127 32 differunt
536 644 58 32 in
565 644 97 32 citius
634 644 49 32 &
643 644 88 32 tardius

228 672 95 36 quia
287 672 71 36 in
323 672 166 36 habentibus
453 672 142 36 symbolum
560 672 119 36 citior
643 672 59 36 &
655 672 83 36 faci-

222 703 97 35 lior
282 703 85 35 est
331 703 182 35 transmutato
476 703 61 35 &
501 703 73 35 ex
537 703 182 35 consequenti
670 703 61 35 cum

227 737 104 33 talia
297 737 104 33 esnta
366 737 139 33 habentia
471 737 162 33 synibolum,
598 737 116 33 habent
668 737 69 33 com-

226 768 122 34 trarium
315 768 100 34 solum
381 768 89 34 vnam
437 768 167 34 qualitatem,
570 768 56 34 &
593 768 100 34 sicut
659 768 67 34 in
681 768 56 34 ma-

226 800 104 34 teria,
298 800 52 34 &
319 800 93 34 talis
381 800 135 34 alteratio
485 800 83 34 fiat
537 800 73 34 per
579 800 145 34 contactum,
683 800 62 34 tunc

233 834 85 37 talis
289 834 104 37 reactio
365 834 76 37 erit
412 834 113 37 secundum
497 834 57 37 ea
526 834 76 37 sdem
573 834 142 37 qualitates:
686 834 76 37 quid

226 862 173 36 concedimus.
365 862 69 36 Et
400 862 92 36 ideo
458 862 116 36 aliter
539 862 139 36 dicendum
643 862 92 36 puto
689 862 46 36 ad

228 893 156 41 praesentem
351 893 223 41 contradictionem,
540 893 67 41 vt
574 893 100 41 locus
641 893 89 41 iste
685 893 45 41 re

223 925 119 37 quirit.
310 925 76 37 nam
353 925 119 37 materia
440 925 87 37 ista
494 925 130 37 pertinet
592 925 98 37 magis
657 925 65 37 ad
679 925 54 37 li-

230 958 92 36 brum
288 958 115 36 primum
369 958 69 36 de
403 958 104 36 gene.
473 958 58 36 &
496 958 127 36 corrup.
588 958 92 36 Dico
634 958 104 36 igitur,

221 989 88 38 quod
276 989 88 38 omne
331 989 99 38 agens
398 989 144 38 corporeum
508 989 166 38 communicans
641 989 66 38 in
663 989 77 38 eadem

223 1019 131 33 materia
318 1019 83 33 cum
366 1019 107 33 passo
437 1019 71 33 in
473 1019 119 33 agendo
556 1019 143 33 paritur.
663 1019 59 33 &
675 1019 59 33 hoc

232 1049 75 39 pot
275 1049 85 39 esse
328 1049 128 39 respectu
424 1049 128 39 eiusdem,
521 1049 203 39 contrarietatis.
681 1049 53 39 sed

221 1080 88 34 hoc
272 1080 88 34 non
322 1080 100 34 enit
385 1080 113 34 eodem
460 1080 113 34 modo,
535 1080 88 34 sed
585 1080 163 34 diuersis.
698 1080 38 34 &

224 1112 71 34 hoc
264 1112 71 34 non
305 1112 152 34 inconuenit,
426 1112 91 34 dicit
487 1112 81 34 enim
538 1112 81 34 Com.
588 1112 61 34 3.
619 1112 81 34 phy.
669 1112 81 34 com.
710 1112 30 34 S

232 1144 85 43 quod
285 1144 85 43 idem
338 1144 127 43 respectu
434 1144 117 43 eiusdem
518 1144 85 43 pont
571 1144 85 43 esse
624 1144 64 43 in
656 1144 85 43 actu
699 1144 42 43 et

225 1180 62 37 in
256 1180 125 37 potentia
349 1180 125 37 secundum
443 1180 83 37 duos
495 1180 104 37 modos.
568 1180 62 37 vt
599 1180 94 37 panis
651 1180 83 37 respe-

231 1207 79 35 ctu
276 1207 136 35 corporis
378 1207 79 35 est
423 1207 68 35 in
457 1207 102 35 actu,
525 1207 57 35 &
548 1207 68 35 in
582 1207 147 35 potentia.
683 1207 57 35 nam

227 1244 101 35 panis
294 1244 67 35 vt
328 1244 78 35 est
372 1244 67 35 in
406 1244 101 35 actu,
473 1244 90 35 agit
529 1244 67 35 in
563 1244 123 35 corpus,
652 1244 67 35 vt
675 1244 67 35 vero

233 1274 68 38 est
272 1274 98 38 corpus
341 1274 59 38 in
370 1274 117 38 potentia
458 1274 107 38 patitur
536 1274 49 38 a
555 1274 117 38 corpote.
634 1274 107 38 similiter

232 1303 104 37 ignis,
304 1303 62 37 vt
335 1303 73 37 est
377 1303 83 37 actu
429 1303 114 37 calidus
512 1303 83 37 agit
564 1303 62 37 in
595 1303 93 37 aquam
657 1303 62 37 vt
678 1303 52 37 est

235 1333 135 39 potentia
336 1333 135 39 frigida,
437 1333 79 39 sed
482 1333 101 39 ignis
550 1333 124 39 patitur
640 1333 68 39 ab
662 1333 79 39 aqua,

225 1366 73 36 vt
261 1366 85 36 est
310 1366 146 36 potentia
420 1366 158 36 frigidus,
541 1366 97 36 aqua
602 1366 97 36 vero
651 1366 73 36 agit

235 1395 59 38 vt
265 1395 69 38 est
304 1395 79 38 actu
354 1395 119 38 frigida.
443 1395 79 38 ecce
492 1395 99 38 igitur
561 1395 79 38 quod
611 1395 59 38 si
640 1395 79 38 agit
690 1395 49 38 &
699 1395 40 38 pa

235 1427 91 38 titur
296 1427 101 38 ignis,
366 1427 71 38 non
407 1427 71 38 est
447 1427 91 38 eodem
508 1427 91 38 modo,
568 1427 71 38 sed
609 1427 121 38 diuersis
690 1427 40 38 mo

231 1459 87 34 dis.
285 1459 76 34 nam
329 1459 98 34 agere
394 1459 54 34 &
416 1459 109 34 mouere
492 1459 98 34 actus
557 1459 98 34 sunt.
622 1459 65 34 3.
644 1459 87 34 phy.17

236 1489 62 37 &.
267 1489 62 37 I.
297 1489 62 37 de
328 1489 92 37 gene.
390 1489 51 37 &
410 1489 113 37 corrup.
493 1489 72 37 te.
534 1489 82 37 com.
585 1489 72 37 33.
626 1489 103 37 moueri
688 1489 41 37 ve

231 1523 77 30 ro,
275 1523 55 30 &
297 1523 88 30 pari
352 1523 131 30 alterius
450 1523 88 30 sunt
505 1523 153 30 principii,
614 1523 121 30 videlicet

231 1556 136 39 materiae
333 1556 57 39 &
356 1556 159 39 potentiae.
481 1556 91 39 quia
537 1556 114 39 igitur
617 1556 114 39 passio
685 1556 57 39 est

228 1586 107 32 ratione
306 1586 137 32 potentiae,
414 1586 49 32 &
433 1586 107 32 ratione
511 1586 127 32 materiae,
609 1586 78 32 quae
648 1586 88 32 subilci

232 1620 82 32 tur
279 1620 82 32 per
326 1620 164 32 potentiam,
454 1620 94 32 ideo
513 1620 117 32 quorum
595 1620 129 32 materia
677 1620 58 32 vna

237 1649 82 39 est,
288 1649 92 39 talia
350 1649 72 39 dum
391 1649 103 39 agunt.
463 1649 113 39 necesse
545 1649 72 39 est
586 1649 82 39 quod
627 1649 113 39 patiantur

234 1679 65 35 in
267 1679 119 35 agendo,
353 1679 86 35 quia
407 1679 97 35 talis
472 1679 97 35 actio
537 1679 76 35 est
580 1679 76 35 per
612 1679 119 35 contactum

233 1711 58 43 &,
262 1711 68 43 cum
301 1711 68 43 sit
340 1711 155 43 communicatio
465 1711 58 43 in
494 1711 116 43 materia,
581 1711 77 43 quae
630 1711 68 43 est
659 1711 77 43 subie-

236 1740 87 38 sctum
295 1740 184 38 contrarietatis,
450 1740 68 38 per
489 1740 78 38 quam
537 1740 68 38 fit
576 1740 97 38 actio,
644 1740 58 38 de
663 1740 78 38 neces-

232 1774 101 36 sitate
303 1774 122 36 sequitur
394 1774 101 36 dictum
465 1774 142 36 Philosophi
576 1774 81 36 quod
627 1774 81 36 omne
667 1774 61 36 tale

232 1806 77 36 dum
276 1806 100 36 agit,
343 1806 133 36 patitur.
442 1806 89 36 Sed,
498 1806 66 36 si
531 1806 133 36 instetur
630 1806 89 36 quod
675 1806 66 36 idem

230 1837 221 38 respectueiusdem
417 1837 93 38 erit
475 1837 140 38 superans
580 1837 70 38 et
603 1837 140 38 superatum,

227 1876 150 30 excedens
340 1876 63 30 &
365 1876 163 30 excessum,
491 1876 100 30 quod
553 1876 138 30 videtur
641 1876 100 30 absur-

231 1902 90 36 dum.
287 1902 90 36 nam,
343 1902 67 36 si
376 1902 101 36 ignis
444 1902 90 36 agit
500 1902 78 36 per
545 1902 123 36 calorem
634 1902 67 36 in
657 1902 78 36 aqua,

760 173 110 37 habet
833 173 196 37 proportionem
992 173 134 37 maioris
1077 173 196 37 inaequalitatis

763 212 70 30 in
798 212 186 30 frigiditatem
950 212 117 30 aquae:
1031 212 70 30 si
1066 212 128 30 econtra
1159 212 93 30 aqua
1218 212 82 30 per

765 236 162 39 frigiditatem
897 236 101 39 reagit
968 236 51 39 i
988 236 162 39 caliditatem,
1120 236 122 39 sequitur
1211 236 81 39 quod

756 269 163 32 frigiditas
885 269 105 32 habet
954 269 186 32 proportionem
1106 269 128 32 maioris
1187 269 82 32 inae-

770 300 159 31 iualitatis
894 300 136 31 respectu
997 300 182 31 caliditatis:
1144 300 57 31 &
1167 300 79 31 ita
1201 300 68 31 idem

762 331 95 31 erit
821 331 142 31 excedens
928 331 59 31 &
952 331 142 31 excessum
1058 331 142 31 respectu
1153 331 118 31 eiusdem,

763 359 125 35 Amplius
853 359 159 35 sequeretur
978 359 91 35 quod
1035 359 125 35 nunquam
1126 359 102 35 ignis
1182 359 91 35 posset

758 396 148 30 assimilare
874 396 84 30 sibi
927 396 105 30 aquam,
1001 396 63 30 si
1033 396 74 30 ita
1075 396 105 30 agendo
1149 396 127 30 patitur,
1243 396 53 30 &

756 424 137 36 patiendo
858 424 125 36 reagit.
949 424 68 36 Et
983 424 182 36 confirmatur.
1131 424 91 36 quia
1177 424 91 36 agens,

755 454 54 37 &
777 454 130 37 patiens,
874 454 76 37 aut
917 454 86 37 sunt
971 454 141 37 adaequata
1079 454 151 37 potentijs,
1198 454 54 37 &
1209 454 65 37 tunc

756 492 85 35 non,
810 492 106 35 puenit
884 492 106 35 actio:
958 492 74 35 aut
1001 492 96 35 agens
1065 492 74 35 est
1107 492 117 35 maioris
1182 492 85 35 poten-

756 517 104 37 tiae,
825 517 58 37 &
848 517 92 37 tunc
905 517 138 37 mouebit,
1009 517 58 37 &
1032 517 81 37 non
1078 517 138 37 mouetur,
1181 517 81 37 aut
1216 517 58 37 est

752 556 155 30 minoris,
868 556 65 30 &
894 556 103 30 tunc
959 556 142 30 mouetur
1062 556 65 30 &
1088 556 90 30 non
1140 556 129 30 mouet.
1217 556 52 30 Am

756 581 98 39 plius,
825 581 69 39 sit
864 581 88 39 motor
923 581 88 39 agens
982 581 118 39 secundum
1071 581 108 39 vltimum
1149 581 128 39 virtutis.
1238 581 39 39 in

759 611 115 39 passum
840 611 127 39 aliquod
932 611 81 39 per
979 611 115 39 longam
1059 611 173 39 distantiam,
1186 611 81 39 patet

758 649 80 35 quod
808 649 99 35 passum
877 649 70 35 per
917 649 89 35 totam
977 649 89 35 illam
1036 649 139 35 distantiam
1146 649 70 35 non
1186 649 80 35 pont
1225 649 50 35 age

756 677 66 38 re
789 677 66 38 in
822 677 120 38 passum:
909 677 109 38 igitur
986 677 120 38 aliquid
1073 677 98 38 agit,
1139 677 55 38 &
1161 677 77 38 non
1193 677 77 38 pari-

754 708 78 30 tur.
803 708 88 30 Dicit
862 708 107 30 Burleus
940 708 78 30 quod
988 708 117 30 secundum
1076 708 98 30 Arist,
1144 708 49 30 &
1164 708 78 30 Com.
1203 708 68 30 agens

759 737 155 35 corporeum
878 737 71 35 in
914 737 131 35 materia
1009 737 167 35 conueniens
1140 737 83 35 cum
1176 737 95 35 passo,

753 770 127 36 patitur
845 770 69 36 in
879 770 115 36 agendo
960 770 81 36 non
1006 770 58 36 a
1029 770 104 36 toto,
1098 770 81 36 sed
1144 770 69 36 a,
1167 770 104 36 poximo.

760 798 56 37 &
782 798 67 37 d.
815 798 89 37 quod
871 798 78 37 non
915 798 89 37 omne
971 798 111 37 mouens
1049 798 133 37 mouetur,
1149 798 67 37 vt
1182 798 100 37 patet
1238 798 33 37 &

759 836 115 33 primo
836 836 140 33 motore,
938 836 89 33 nec
989 836 102 33 omne
1053 836 128 33 mouens
1130 836 140 33 corporeum

754 861 136 37 mouetur
853 861 62 37 a
877 861 99 37 moto
939 861 74 37 ab
976 861 87 37 eo,
1026 861 74 37 vt
1063 861 124 37 corpus
1137 861 136 37 coeleste,

757 896 73 35 sed
798 896 84 35 omne
851 896 105 35 corpus
924 896 157 35 communicans
1049 896 63 35 in
1081 896 94 35 eadem
1144 896 115 35 materia
1217 896 52 35 cum

752 925 114 41 moto,
829 925 140 41 dummodo
930 925 140 41 materia
1032 925 89 41 sit
1083 925 165 41 receptiua
1197 925 76 41 for-

762 955 81 39 mae,
813 955 71 39 qua
853 955 91 39 agens
914 955 91 39 agit,
975 955 81 39 quid
1026 955 132 39 apponitur
1127 955 112 39 propter
1198 955 71 39 sensi

759 988 89 32 bile,
818 988 79 32 quid
868 988 79 32 agit
917 988 59 32 in
947 988 108 32 sensum,
1025 988 69 32 sed
1065 988 69 32 non
1104 988 108 32 patitur
1183 988 49 32 a
1193 988 79 32 sensus

762 1019 57 31 &
784 1019 80 31 est
830 1019 102 31 motus
898 1019 182 31 alterationis
1046 1019 80 31 per
1091 1019 125 31 formam,
1182 1019 80 31 qui
1216 1019 57 31 li-

752 1051 67 32 cet
791 1051 77 32 fiat
839 1051 67 32 per
878 1051 135 32 contactum,
984 1051 58 32 vt
1013 1051 96 32 patet.
1080 1051 58 32 7.
1109 1051 77 32 phy.
1157 1051 67 32 te.
1196 1051 58 32 c.
1215 1051 48 32 1x.

751 1082 194 39 nihilhominus
908 1082 85 39 non
957 1082 85 39 sit
1005 1082 145 39 reactio.
1114 1082 97 39 quia
1174 1082 85 39 cum
1211 1082 60 39 ma-

751 1112 97 32 teria
816 1112 76 32 non
859 1112 76 32 sit
903 1112 141 32 receptiua
1011 1112 108 32 formae
1087 1112 162 32 contrariae,
1206 1112 65 32 ideo

754 1145 141 33 sensibile
862 1145 76 33 non
906 1145 119 33 patitur
992 1145 54 33 a
1014 1145 108 33 sensu.
1090 1145 54 33 &
1111 1145 87 33 tunc
1166 1145 65 33 ad
1187 1145 76 33 illud

761 1174 57 35 de
789 1174 104 35 excessu
864 1174 57 35 d.
893 1174 75 35 quod
940 1174 66 35 est
978 1174 113 35 secundum
1062 1174 113 35 diuersas
1147 1174 104 35 formas.
1223 1174 66 35 sed

760 1207 90 35 illud
820 1207 90 35 stare
880 1207 70 35 non
920 1207 110 35 potest,
1000 1207 60 35 vt
1030 1207 120 35 diximus,
1120 1207 80 35 quia
1170 1207 80 35 tunc
1220 1207 70 35 non

759 1241 104 38 posset
832 1241 63 38 in
863 1241 104 38 elntis
936 1241 125 38 symbolis
1030 1241 83 38 esse
1082 1241 125 38 reactio.
1165 1241 94 38 Amplius

764 1269 68 37 in
798 1269 91 37 aqua
854 1269 125 37 frigida
945 1269 125 37 ponatur
1035 1269 68 37 in
1069 1269 136 37 calidam,
1171 1269 102 37 patet
1228 1269 45 37 ad

760 1302 109 36 sensum
836 1302 87 36 quod
891 1302 141 36 caliditas
999 1302 152 36 remittitur
1119 1302 54 36 a
1130 1302 141 36 caliditate.

759 1333 113 38 Paulus
838 1333 125 38 Venetus
929 1333 102 38 dicit
997 1333 91 38 quod
1054 1333 147 38 quaelibet
1156 1333 113 38 qualitas

752 1365 83 34 est
799 1365 118 34 actiua
882 1365 59 34 &
906 1365 142 34 passiua.
1012 1365 59 34 &
1036 1365 95 34 ideo
1095 1365 95 34 idem
1142 1365 130 34 respectu,

762 1396 113 34 ciusdem
844 1396 72 34 est
885 1396 92 34 agens
947 1396 51 34 &
967 1396 123 34 patiens,
1060 1396 72 34 sed
1101 1396 72 34 non
1142 1396 92 34 eodem
1193 1396 72 34 modo,

755 1427 84 32 licet
811 1427 65 32 sit
848 1427 112 32 secundum
932 1427 84 32 idem.
988 1427 75 32 quia
1035 1427 93 32 mouens
1100 1427 65 32 per
1137 1427 93 32 formam
1193 1427 75 32 eandem

758 1463 103 37 mouet,
830 1463 62 37 vt
861 1463 72 37 est
902 1463 62 37 in
933 1463 82 37 actu
984 1463 72 37 per
1026 1463 103 37 illam,
1098 1463 52 37 &
1118 1463 124 37 mouetur,
1201 1463 72 37 iquam

752 1491 71 40 tum
793 1491 71 40 per
833 1491 102 40 eandem
905 1491 71 40 est
945 1491 61 40 in
976 1491 132 40 potentia,
1078 1491 61 40 vt
1108 1491 81 40 illa
1159 1491 71 40 est
1190 1491 71 40 passi

757 1523 69 33 ua.
797 1523 98 33 vdndeo
865 1523 89 33 ignis
924 1523 69 33 per
964 1523 108 33 calorem
1043 1523 89 33 agit,
1102 1523 49 33 &
1121 1523 69 33 per
1161 1523 108 33 calorem
1230 1523 39 33 pa

752 1552 97 42 titur:
820 1552 68 42 sed
859 1552 78 42 agit
908 1552 68 42 per
947 1552 107 42 calorem
1025 1552 58 42 vt
1054 1552 68 42 est
1093 1552 107 42 actiua,
1171 1552 49 42 &
1180 1552 88 42 patitur

758 1589 68 37 per
797 1589 108 37 calorem
876 1589 59 37 vt
905 1589 68 37 est
944 1589 117 37 passiua.
1032 1589 49 37 &
1052 1589 127 37 similiter
1150 1589 68 37 est
1189 1589 59 37 de
1208 1589 59 37 aqua

757 1620 143 30 respectu
865 1620 203 30 frigiditatis.
1032 1620 96 30 vnde
1092 1620 108 30 motor
1163 1620 108 30 mouet
1223 1620 48 30 vt

759 1648 74 37 est
802 1648 64 37 in
834 1648 96 37 actu,
898 1648 53 37 &
919 1648 117 37 mouetur
1004 1648 64 37 vt
1036 1648 74 37 est
1079 1648 128 37 potentia
1164 1648 106 37 mobilis.

757 1684 109 31 licet
829 1684 121 31 igitur
914 1684 121 31 mouens
998 1684 145 31 moueatur
1107 1684 60 31 a
1131 1684 109 31 moto,
1204 1684 85 31 non

753 1712 127 34 mouetur
845 1712 69 34 ab
879 1712 69 34 eo
914 1712 150 34 inquantum
1029 1712 115 34 motum,
1109 1712 81 34 sed
1155 1712 69 34 vt
1190 1712 81 34 est
1224 1712 46 34 mo

751 1743 118 32 tiuum:
834 1743 59 32 &
858 1743 106 32 motum
928 1743 106 32 mouet
999 1743 130 32 mobile,
1094 1743 83 32 non
1141 1743 71 32 vt
1176 1743 83 32 est
1212 1743 59 32 mo-

760 1772 89 38 bile
816 1772 123 38 mouens,
905 1772 78 38 sed
950 1772 67 38 vt
983 1772 78 38 est
1028 1772 134 38 potentia
1129 1772 112 38 motum.
1196 1772 67 38 vnde

757 1806 88 41 licet
816 1806 88 41 minus
874 1806 78 41 agat
923 1806 58 41 in
952 1806 97 41 maius,
1020 1806 88 41 tamen
1078 1806 78 41 agit
1127 1806 58 41 a,
1146 1806 117 41 proportio-

753 1836 70 38 ne
788 1836 128 38 maioris
881 1836 220 38 inaequalitatis,
1067 1836 70 38 ex
1102 1836 81 38 quo
1148 1836 104 38 maior
1206 1836 58 38 est

760 1868 130 42 potentia
858 1868 109 42 actiua
934 1868 130 42 minoris,
1032 1868 87 42 qua:
1086 1868 130 42 potentia
1173 1868 98 42 passiua

760 1899 122 39 maioris.
851 1899 81 39 Ista
902 1899 112 39 positio
983 1899 71 39 est
1024 1899 101 39 contra
1095 1899 122 39 pricipia
1176 1899 91 39 Pinhis,
