1416 2066
223 181 155 49 Dicit.
331 181 108 49 Cum
393 181 155 49 igitur
486 181 201 49 consyderan-

176 216 91 54 tes
228 216 209 54 processerint
398 216 91 54 per
450 216 104 54 hanc
515 216 104 54 viam
568 216 117 54 consyde

187 253 168 46 rationis,
316 253 90 46 per
368 253 103 46 quam
432 253 90 46 nos
484 253 206 46 processimus,
638 253 52 46 ap

194 295 113 50 parebit
276 295 82 50 eis,
327 295 113 50 quoniam
409 295 154 50 impossibile
531 295 72 50 est
572 295 92 50 entia
624 295 61 50 esse

193 333 108 38 vnum,
265 333 72 38 vt
301 333 96 38 isti
362 333 157 38 dixerunt.
482 333 72 38 &,
518 333 84 38 cum
554 333 133 38 contradi-

194 373 80 45 xit
239 373 171 45 conclusioni
376 373 103 45 eorum
445 373 80 45 per
491 373 80 45 se,
536 373 137 45 incoepit
628 373 57 45 com

191 408 159 42 tradicere
313 408 183 42 argumentis:
459 408 98 42 haec
520 408 98 42 enim
581 408 85 42 duo
618 408 73 42 exi-

182 445 98 54 git
238 445 210 54 disputatio:
406 445 70 54 &
434 445 140 54 dixit.
533 445 84 54 Et
575 445 98 54 non
617 445 70 54 est

193 476 74 46 etm
236 476 149 46 difficile,
353 476 74 46 &c.
395 476 64 46 i.
427 476 53 46 &
448 476 74 46 non
491 476 74 46 est
533 476 138 46 difficile
629 476 53 46 com

192 530 161 32 tradicere
315 530 124 32 syllo,
402 530 87 32 quo
451 530 136 32 vtuntur
550 530 74 32 in
575 530 99 32 confir

192 567 116 35 mando
269 567 103 35 suam
334 567 180 35 opinionem.
475 567 90 35 Et,
527 567 90 35 cum
565 567 116 35 notifi-

192 598 113 52 cauit,
271 598 90 52 quod
327 598 113 52 facile
406 598 191 52 contradicitur
563 598 113 52 syllio
631 598 56 52 eo-

194 639 84 43 rum,
247 639 95 43 dedit
310 639 116 43 causam,
395 639 53 43 &
416 639 105 43 dixit:
489 639 116 43 vterque
574 639 84 43 enim
616 639 63 43 vti-

192 676 88 46 tur
243 676 113 46 syllo
318 676 188 46 sophistico.
468 676 75 46 i.
506 676 63 46 &
531 676 88 46 cam
581 676 75 46 in
606 676 75 46 hoc,

187 724 87 42 quod
242 724 109 42 facile
318 724 185 42 contradicitur
471 724 87 42 eis,
525 724 87 42 est,
580 724 87 42 quia
624 724 65 42 argu

192 753 194 41 mentationes
347 753 117 41 eorum
425 753 104 41 sunt
490 753 207 41 sophisticae,
645 753 39 41 &

188 796 172 38 sermones
316 796 200 38 sophistici
459 796 229 38 contradicuntur

189 828 168 46 facilius,
318 828 90 46 qua
370 828 206 46 disputatiui.
524 828 168 46 D.demonstra

191 868 78 54 uit
235 868 111 54 modum,
313 868 134 54 secundum
414 868 89 54 quem
469 868 89 54 sunt
525 868 167 54 sophistici,
659 868 56 54 &

191 908 72 49 d.
227 908 156 49 accipiunt
347 908 96 49 enim
407 908 84 49 &c.
455 908 120 49 ponunt
539 908 96 49 enim
587 908 96 49 propo-

189 955 96 39 nes
244 955 151 39 falsas,
354 955 69 39 &
382 955 179 39 componunt
520 955 96 39 eas
561 955 124 39 compone

191 984 91 42 non
243 984 209 42 concludente.
413 984 65 42 &
439 984 170 42 seriones,
570 984 91 42 qui
609 984 78 42 sunt

202 1028 103 38 uimodi,
277 1028 122 38 diciuntur
370 1028 75 38 van,
417 1028 113 38 scilicet
502 1028 66 38 qui
539 1028 103 38 peccant
614 1028 56 38 in
633 1028 47 38 ma-

189 1069 130 30 teria,
280 1069 65 30 &
306 1069 130 30 forma.
397 1069 91 30 TEt
448 1069 104 30 ideo
513 1069 78 30 d.
552 1069 91 30 Sed
591 1069 91 30 sermo

193 1101 145 53 Melissi
298 1101 92 53 est
351 1101 118 53 magis
429 1101 131 53 vanus:
521 1101 105 53 quia
574 1101 105 53 omnino

188 1141 102 37 non
247 1141 203 37 concludit.
406 1141 131 37 sermo
493 1141 131 37 autem
566 1141 116 37 Parme-

187 1176 102 50 nidis
255 1176 159 50 concludit,
380 1176 79 50 sed
425 1176 79 50 non
470 1176 91 50 quae
527 1176 91 50 sunt
584 1176 79 50 ad,
618 1176 68 50 pro-

192 1214 156 36 positum
305 1214 128 36 suum.
390 1214 113 36 D.d.
461 1214 71 36 &
490 1214 85 36 in
532 1214 85 36 eo
575 1214 99 36 non
617 1214 71 36 est

188 1252 152 51 dubium,
299 1252 83 51 i.
340 1252 69 51 &
368 1252 97 51 cum
423 1252 97 51 eo,
478 1252 110 51 quod
547 1252 97 51 est
588 1252 97 51 magis

189 1293 145 38 vanus,
291 1293 145 38 nullam
393 1293 131 38 facit
466 1293 218 38 dubitationem.

186 1329 225 47 propositiones
371 1329 106 47 enim
437 1329 146 47 positae
543 1329 79 47 in
583 1329 79 47 eo
610 1329 79 47 sunt

189 1367 154 43 falsae,
301 1367 70 43 &
329 1367 238 43 improbabiles,
524 1367 84 43 vt
566 1367 98 43 cum
608 1367 70 43 di-

188 1405 91 54 xit
240 1405 104 54 quod
305 1405 91 54 ens
357 1405 91 54 non
396 1405 156 54 generatur.

190 1469 78 37 De
229 1469 207 37 confutatione
397 1469 220 37 syllogismorum
578 1469 91 37 pro
617 1469 65 37 iam

244 1501 139 53 diclis
341 1501 222 53 opinionibus.
522 1501 111 53 Cap.
577 1501 56 53 A.

294 1541 124 53 Vod
365 1541 177 53 igitur
471 1541 212 53 paralogiat

251 1553 213 88 Melissus
411 1553 249 88 manifestum
589 1553 89 88 est

235 1622 77 52 um
274 1622 153 52 opinatur
388 1622 102 52 enim
452 1622 166 52 accipere,
580 1622 77 52 si
605 1622 77 52 quid

188 1661 141 54 factum
287 1661 113 54 est,
357 1661 113 54 omne
428 1661 127 54 habet
498 1661 184 54 principium,

190 1706 98 57 quod
251 1706 61 57 &
276 1706 86 57 id,
325 1706 98 57 quod
386 1706 86 57 non
435 1706 123 57 factum
521 1706 98 57 est,
583 1706 86 57 non
620 1706 61 57 ha-

183 1748 126 46 bet.
262 1748 157 46 Postea
372 1748 94 46 et
419 1748 110 46 hoc
467 1748 220 46 inconueniens

193 1787 124 55 omnis
276 1787 69 55 ?
304 1787 111 55 esse
373 1787 194 55 principium
525 1787 111 55 rei,
594 1787 69 55 &
622 1787 97 55 non

192 1830 184 60 temporis,
333 1830 85 60 et
375 1830 226 60 generationis
559 1830 99 60 non
601 1830 85 60 sim

705 172 161 55 plicis,
823 172 103 55 sed
881 172 73 55 &
910 172 249 55 alterationis,
1101 172 117 55 tanque

704 221 110 37 non
767 221 221 37 momentanea
941 221 142 37 facta
1020 221 189 37 mutatione.

750 258 142 65 Quonia
849 258 99 65 aut
906 258 184 65 Arelissus
1047 258 142 65 peccat
1146 258 85 65 in

701 308 200 60 sallogismo
858 308 200 60 manifestum
1015 308 114 60 est.
1072 308 129 60 existi-

701 354 89 48 mat
752 354 102 48 enim
816 354 102 48 quod
879 354 140 48 acceptu
981 354 89 48 est
1032 354 114 48 quod,
1108 354 76 48 si
1133 354 64 48 oe,

708 401 119 63 quod
782 401 207 63 generatur,
945 401 133 63 habet
1019 401 178 63 principiu,

701 448 77 66 &
731 448 138 66 omne,
824 448 123 66 quod
901 448 108 66 non
962 448 215 66 generatur,
1131 448 108 66 non

703 497 130 57 habet
789 497 217 57 principium.
963 497 144 57 Deinde
1064 497 101 57 hoc
1107 497 101 57 etiam

706 541 87 62 est
755 541 111 62 magis
829 541 186 62 improbabile
978 541 149 62 scilicet
1077 541 124 62 existima

696 589 92 61 re
742 589 123 61 quod
819 589 138 61 omne,
911 589 123 61 quod
988 589 138 61 habet
1065 589 138 61 princi-

700 637 130 63 pium,
786 637 101 63 est
844 637 173 63 intentio
974 637 231 63 substantiae.
1147 637 43 63 &

699 685 147 61 nonne
797 685 164 61 tempus
912 685 147 61 habet
993 685 197 61 principium

704 733 80 63 et
744 733 186 63 principium
890 733 80 63 et
929 733 146 63 necesse
1036 733 93 63 est
1089 733 106 63 esse
1142 733 53 63 in

699 780 219 61 alteratione
875 780 73 61 &
904 780 73 61 &
933 780 102 61 non
992 780 190 61 continget
1123 780 73 61 ei,

700 829 120 63 quod
775 829 195 63 generatur
925 829 240 63 simpliciter,
1119 829 90 63 ac
1149 829 60 63 si

702 873 242 58 transmutatio
898 873 106 58 non
959 873 151 58 fieret
1049 873 136 58 subito.

744 949 124 53 Dicit.
830 949 99 53 Qnam
893 949 112 53 autem
967 949 149 53 Melissus
1079 949 124 53 peecat
1153 949 50 53 in

702 988 101 51 syllo
769 988 157 51 manifestum
893 988 90 51 est,
949 988 79 51 qua
994 988 135 51 opinatur
1095 988 101 51 quod,
1151 988 45 51 si

704 1029 113 49 fuerit
783 1029 147 49 concessum
896 1029 90 49 quod
953 1029 102 49 omne,
1020 1029 90 49 quod
1066 1029 124 49 generatur

700 1066 104 48 habet
770 1066 174 48 principium,
909 1066 139 48 sequitur
1013 1066 93 48 quod
1071 1066 104 48 omne,
1129 1066 69 48 quod

702 1108 95 47 non
757 1108 190 47 generatur,
906 1108 95 47 non
961 1108 122 47 habet
1028 1108 177 47 principium.

706 1141 57 53 &
728 1141 79 53 hoc
774 1141 79 53 non
819 1141 148 53 sequitur,
933 1141 136 53 quoniam,
1035 1141 68 53 si
1057 1141 148 53 praedicatum

697 1181 178 37 affirmatur
837 1181 76 37 de
876 1181 89 37 eo,
927 1181 76 37 de
965 1181 89 37 quo
1016 1181 178 37 affirmatur
1143 1181 64 37 sub

699 1218 136 51 iectum,
798 1218 87 51 non
847 1218 149 51 sequitur
959 1218 74 51 vt
996 1218 136 51 negetur
1095 1218 74 51 ab
1133 1218 87 51 eo,
1170 1218 37 51 a

700 1260 88 38 quo
751 1260 139 38 negatur
852 1260 177 38 subiectum.
991 1260 76 38 Si
1028 1260 101 38 enim
1079 1260 126 38 ponatur,

700 1293 96 53 hoc,
760 1293 108 53 habet
833 1293 108 53 quod,
905 1293 157 53 destructo
1025 1293 181 53 antecedente
1158 1293 36 53 i

705 1333 87 49 omni
759 1333 120 49 materi,
846 1333 130 49 sequitur
944 1333 141 49 oppositum
1042 1333 152 49 consequentis

705 1369 82 41 &,
746 1369 96 41 cum
801 1369 164 41 Melislus
924 1369 164 41 habuerit
1047 1369 96 41 hoc
1102 1369 96 41 pro
1143 1369 55 41 ve

701 1419 79 43 ro,
746 1419 56 43 &
768 1419 158 43 concedebat
892 1419 90 43 quod
948 1419 101 43 omne,
1016 1419 90 43 quod
1061 1419 135 43 generatur,

697 1448 88 48 hent
752 1448 165 48 principium,
884 1448 165 48 existimauit
1015 1448 88 48 quod
1070 1448 99 48 omne,
1136 1448 88 48 quid

702 1485 84 52 non
750 1485 168 52 generatur,
882 1485 84 52 non
930 1485 108 52 habet
1003 1485 180 52 principiem.
1135 1485 60 52 de-

709 1531 77 47 inde
758 1531 154 47 communiungit
883 1531 87 47 liuic
941 1531 77 47 quod
989 1531 67 47 ens
1027 1531 67 47 non
1066 1531 135 47 generatur,
1172 1531 48 47 &

703 1565 151 38 conclusit
820 1565 93 38 quod
878 1565 81 38 ens
924 1565 81 38 non
971 1565 105 38 habet
1040 1565 163 38 pricipium.
1157 1565 46 38 Et

705 1602 87 53 haec
760 1602 98 53 propo
825 1602 109 53 dicens
901 1602 87 53 quod
956 1602 76 53 ens
1000 1602 76 53 non
1043 1602 142 53 gnenatur,
1141 1602 44 53 de

705 1638 160 44 clarabatur
830 1638 69 44 ex
865 1638 91 44 eis,
922 1638 69 44 vt
956 1638 103 44 dicit
1025 1638 103 44 Aris.
1093 1638 91 44 post
1139 1638 57 44 sic

704 1678 49 52 &
724 1678 68 52 est
763 1678 88 52 quod,
821 1678 59 52 si
851 1678 68 52 ens
890 1678 127 52 gnenatur,
987 1678 68 52 aut
1026 1678 117 52 genratur
1114 1678 59 52 ex
1134 1678 68 52 ente,

703 1716 81 38 aut
750 1716 69 38 ex
784 1716 81 38 non
831 1716 104 38 ente.
900 1716 93 38 quod
958 1716 69 38 si
993 1716 69 38 ex
1027 1716 81 38 non
1074 1716 104 38 ente,
1132 1716 69 38 tunc

707 1764 89 30 non
758 1764 89 30 ens
809 1764 152 30 mutaturi
923 1764 89 30 nam
974 1764 127 30 entis:
1062 1764 63 30 &
1088 1764 76 30 si
1126 1764 76 30 ex
1151 1764 51 30 en

704 1796 79 47 te,
749 1796 90 47 tunc
805 1796 79 47 ens
851 1796 90 47 fuit
907 1796 136 47 antequam
1009 1796 181 47 generaretur:
1144 1796 57 47 er-

703 1836 66 50 go
736 1836 77 50 non
780 1836 154 50 genenatur:
901 1836 88 50 ergo
957 1836 77 50 non
1001 1836 99 50 habet
1056 1836 143 50 principium,
