1416 2066
187 180 220 52 Quoniam
347 180 180 52 autem
467 180 140 52 est
547 180 180 52 latio
647 180 60 52 &

196 220 145 46 huius
292 220 241 46 circularis,
486 220 209 46 numeratur
631 220 80 46 au-

201 260 133 56 tem
277 260 284 56 vnumquodque
504 260 133 56 vno
561 260 152 56 quodam

205 304 192 43 cognato,
349 304 192 43 vnitates
494 304 192 43 vnitate,
622 304 96 43 equi

203 348 136 38 vero
288 348 153 38 equo,
390 348 119 38 sic
458 348 85 38 &
492 348 170 38 tempus
594 348 119 38 tempo

202 381 97 46 re
250 381 162 46 quodam
364 381 178 46 finito.
493 381 211 46 Gmensurat
639 381 65 46 ur

198 427 166 49 autem,
315 427 149 49 sicut
414 427 199 49 diximus,
564 427 83 49 &
580 427 133 49 tempus

199 462 172 45 motu,
314 462 96 45 &
352 462 172 45 motus
467 462 229 45 tempore.
619 462 96 45 hoc

200 503 154 43 autem
303 503 137 43 est,
388 503 137 43 quia
474 503 86 43 a
491 503 223 43 determinato

202 549 152 38 motu
297 549 209 38 tempore
449 549 266 38 mensuratur
658 549 95 38 &

205 586 160 42 ipsius
317 586 144 42 motus
413 586 224 42 quantitas,
589 586 80 42 &
605 586 96 42 tem.

198 623 166 52 poris.
315 623 116 52 7si
381 623 166 52 igitur
498 623 166 52 primum
598 623 116 52 mensu

196 665 107 41 ra
250 665 178 41 omnium
374 665 249 41 cognatorum
570 665 125 41 est
623 665 89 41 cir

202 716 206 30 cumlatio,
361 716 206 30 regularis
519 716 174 30 mensura
630 716 79 30 ma-

207 748 134 37 xime
291 748 151 37 erit,
391 748 134 37 quia
475 748 184 37 numerus
592 748 117 37 huius

207 789 199 51 notissimus
363 789 114 51 est.
434 789 128 51 Neque
519 789 142 51 igitur
605 789 99 51 alte-

207 836 153 39 ratio,
314 836 138 39 neque
406 836 169 39 augment
529 836 138 39 atio,
606 836 107 39 neque

215 876 200 38 generatio
368 876 200 38 regulares
522 876 138 38 sunt,
599 876 107 38 latio

202 908 152 48 autem
303 908 135 48 est.
388 908 237 48 Quapropter
574 908 84 48 &
591 908 118 48 vide.

207 946 110 49 tur
270 946 157 49 tempus
380 946 125 49 esse
458 946 188 49 sphaerae
584 946 125 49 motus,

208 988 135 44 quia
293 988 118 44 hoc
360 988 253 44 mensurantur
563 988 135 44 alii
630 988 68 44 mo

205 1028 139 39 tus,
291 1028 87 39 &
326 1028 174 39 tempus
448 1028 122 39 hoc
517 1028 156 39 motu.
604 1028 104 39 Pro-

203 1076 141 38 pter
291 1076 123 38 hoc
362 1076 158 38 autem
467 1076 88 38 &
502 1076 141 38 quod
572 1076 141 38 consue

209 1108 103 39 tum
268 1108 103 39 est
327 1108 118 39 dici
401 1108 177 39 accidit.
534 1108 148 39 dicunt
622 1108 89 39 enim

202 1146 204 48 circulum
355 1146 136 48 esse
440 1146 187 48 humanas
576 1146 136 48 res,
661 1146 85 48 &

205 1189 209 37 aliorum
357 1189 171 37 motum
472 1189 248 37 habentium
643 1189 76 37 na

201 1228 187 49 turalem,
342 1228 78 49 &
373 1228 265 49 generationem,
592 1228 78 49 &
607 1228 94 49 cor-

190 1269 238 49 ruptionem.
377 1269 119 49 hoc
445 1269 153 49 autem
548 1269 136 49 est,
616 1269 102 49 quia

203 1309 133 38 haec
287 1309 150 38 omnia
387 1309 183 38 tempore
503 1309 200 38 difudican-

212 1349 123 54 tur,
289 1349 77 54 &
320 1349 200 54 accipiunt
474 1349 154 54 finem,
582 1349 77 54 &
597 1349 108 54 prin-

208 1389 181 45 cipium,
339 1389 99 45 ac
389 1389 99 45 si
438 1389 198 45 secundum
570 1389 148 45 quandam

202 1429 197 51 periodum
349 1429 131 51 sit.
432 1429 164 51 etenim
547 1429 164 51 tempus
645 1429 66 51 ip

205 1469 104 55 sum
265 1469 119 55 esse
339 1469 164 55 videtur
458 1469 179 55 circulus
577 1469 134 55 quidam,

208 1510 112 55 hoc
272 1510 144 55 autem
368 1510 160 55 rursus
481 1510 192 55 videtur,
609 1510 96 55 quia

208 1550 205 44 huiusmodi
366 1550 189 44 lationis
507 1550 173 44 mensura
618 1550 94 44 est.

200 1588 88 55 &
236 1588 248 55 mensuratur
430 1588 159 55 ipsum
536 1588 106 55 ab
572 1588 141 55 huius-

202 1645 154 42 modi.
305 1645 154 42 Quare
407 1645 171 42 dicere
527 1645 154 42 rerum
612 1645 103 42 eas,

205 1677 109 37 quae
273 1677 136 37 fiunt,
369 1677 109 37 esse
437 1677 177 37 circulum,
573 1677 95 37 est
614 1677 95 37 dice-

206 1715 94 55 re
253 1715 188 55 temporis
394 1715 125 55 esse
473 1715 172 55 quendam
583 1715 125 55 circu-

208 1756 113 50 lum.
279 1756 99 50 hoc
335 1756 128 50 autem
420 1756 113 50 est,
491 1756 113 50 quia
548 1756 170 50 mensuratur

210 1794 246 48 circulatione,
412 1794 159 48 praeter
528 1794 101 48 f4.
586 1794 116 48 enim
644 1794 72 48 men

722 179 257 53 suramTnihil
927 179 154 53 aliud
1030 179 188 53 videtur
1149 179 103 53 esse

730 221 119 53 quod
804 221 223 53 mensuratur,
983 221 119 53 quam
1057 221 148 53 multae
1146 221 89 53 men-

725 267 149 45 surae,
815 267 119 45 totum.

771 301 86 58 Et
814 301 129 58 haec,
900 301 115 58 quia
971 301 100 58 est
1028 301 215 58 transtatio,
1186 301 57 58 ex

725 348 109 54 qua
788 348 109 54 est
850 348 141 54 motus
944 348 234 54 circularis,
1132 348 78 54 &
1147 348 94 54 vna-

725 389 158 62 quaeque
840 389 130 62 rerum
926 389 187 62 numeratur
1070 389 101 62 per
1113 389 130 62 aliquid

726 446 105 53 sui
786 446 180 53 generis,
921 446 165 53 quoniam
1042 446 180 53 vnitates
1162 446 75 53 nu-

724 500 209 42 merantur
880 500 122 42 per
950 500 226 42 vnitatem,
1123 500 87 42 &
1141 500 104 42 equi

732 539 102 40 per
791 539 145 40 equum,
892 539 189 40 similiter
1038 539 145 40 tempus
1125 539 116 40 necel-

733 578 83 57 se
775 578 96 57 est
830 578 83 57 vt
871 578 193 57 mensuretur
1023 578 96 57 per
1078 578 152 57 aliquod
1174 578 69 57 tem

728 626 105 58 pus
788 626 225 58 terminatum.
968 626 105 58 sed
1029 626 165 58 tempus,
1134 626 105 58 sicut

723 669 191 53 diximus,
866 669 222 53 mensuratur
1041 669 111 53 per
1104 669 143 53 motu,
1184 669 64 53 et

721 716 130 59 motus
807 716 101 59 per
865 716 144 59 tepus.
965 716 144 59 quonia
1066 716 144 59 tempus
1167 716 101 59 mo

726 764 106 46 tus
786 764 196 46 terminati
937 764 181 46 mensurat
1058 764 181 46 quantitate

731 812 130 46 motus,
822 812 78 46 et
861 812 182 46 quantitate
1005 812 169 46 temporis.
1135 812 91 46 et,
1174 812 65 46 cum

727 852 116 63 per
794 852 149 63 prima
893 852 198 63 mensuram
1025 852 215 63 mensurentur

733 901 129 62 omnia,
824 901 103 62 quae
888 901 90 62 sut
940 901 116 62 vnius
1017 901 155 62 generis,
1121 901 116 62 dignius

725 949 153 46 motuu,
832 949 92 46 vt
878 949 107 46 sit
939 949 199 46 mesurans,
1092 949 107 46 est
1138 949 107 46 motus

732 994 210 48 circularis
897 994 195 48 aequalis.
1048 994 165 48 quoniam
1153 994 90 48 nume

731 1041 101 57 rus
788 1041 145 57 istius
890 1041 130 57 motus
977 1041 101 57 est
1034 1041 145 57 notior
1121 1041 116 57 numero

724 1085 122 45 rum.
800 1085 92 45 Et
846 1085 137 45 motus
938 1085 229 45 alteratiuns
1121 1085 107 45 non
1167 1085 76 45 est

730 1133 164 62 aequalis,
857 1133 126 62 neque,
945 1133 114 62 motus
1021 1133 164 62 augmenti,
1134 1133 101 62 neque,

728 1188 132 55 motus
816 1188 249 55 generationis,
1021 1188 190 55 trastatio
1152 1188 88 55 vero

724 1220 145 68 aliqua
826 1220 73 68 e
855 1220 189 68 aequalis.
1000 1220 87 68 Et
1044 1220 116 68 ideo
1102 1220 145 68 existima

727 1269 102 62 tur
786 1269 117 62 quod
859 1269 131 62 tepus
946 1269 102 62 est
1005 1269 131 62 motus
1078 1269 160 62 sphaerae,

733 1316 152 62 quonia
839 1316 106 62 per
900 1316 76 62 :
930 1316 121 62 stum
1006 1316 121 62 motu
1066 1316 167 62 mesuratur

730 1364 117 55 isti
804 1364 161 55 caereri
921 1364 132 55 motus
1009 1364 161 55 tempus.
1126 1364 88 55 Et
1155 1364 88 55 ideo

731 1408 98 59 mos
787 1408 98 59 est
843 1408 140 59 dicere
941 1408 112 59 quod
1011 1408 224 59 dispositioes
1179 1408 56 59 ho

720 1452 169 57 rninum
838 1452 186 57 currunt
973 1452 202 57 secundum
1108 1452 135 57 circu-

727 1501 127 46 lum.
807 1501 95 46 vt
854 1501 111 46 cum
918 1501 175 46 homines
1045 1501 143 46 dicut
1125 1501 111 46 rotam

726 1549 217 60 infortunum,
899 1549 72 60 &
928 1549 188 60 similiter
1073 1549 130 60 alia,
1160 1549 116 60 quae

724 1596 178 56 habent
849 1596 160 56 motum
955 1596 249 56 naturalem,
1150 1596 89 56 &
1168 1596 71 56 ge

731 1651 242 47 nerationem,
924 1651 81 47 &
957 1651 274 47 corruptionem.
1183 1651 81 47 &

733 1685 105 62 hoc
793 1685 180 62 dicitur,
928 1685 120 62 quia
1002 1685 135 62 omnia
1077 1685 165 62 experimen

722 1732 167 63 tantur
839 1732 117 63 per
906 1732 184 63 tempus,
1040 1732 84 63 &
1074 1732 100 63 in
1124 1732 100 63 eo
1157 1732 84 63 de-

728 1781 165 60 sinunt,
848 1781 75 60 &
878 1781 210 60 incipiunt,
1044 1781 135 60 quasi
1119 1781 120 60 essent
