<?xml version="1.0" encoding="UTF-8"?>
<alto xmlns:xsi="http://www.w3.org/2001/XMLSchema-instance"
      xmlns="http://www.loc.gov/standards/alto/ns-v2#"
      xmlns:page="http://schema.primaresearch.org/PAGE/gts/pagecontent/2013-07-15"
      xsi:schemaLocation="http://www.loc.gov/standards/alto/ns-v2# http://www.loc.gov/standards/alto/alto.xsd">
   <Description>
      <MeasurementUnit>pixel</MeasurementUnit>
      <OCRProcessing ID="IdOcr">
         <ocrProcessingStep>
            <processingDateTime>2021-02-13T08:27:57.977-05:00</processingDateTime>
            <processingSoftware>
               <softwareCreator>READ COOP</softwareCreator>
               <softwareName>Transkribus</softwareName>
            </processingSoftware>
         </ocrProcessingStep>
      </OCRProcessing>
   </Description>
   <Tags/>
   <Layout>
      <Page ID="Page1" PHYSICAL_IMG_NR="1" HEIGHT="2066" WIDTH="1416">
         <TopMargin HEIGHT="0" WIDTH="1416" VPOS="0" HPOS="0"/>
         <LeftMargin HEIGHT="2066" WIDTH="0" VPOS="0" HPOS="0"/>
         <RightMargin HEIGHT="2066" WIDTH="0" VPOS="0" HPOS="1416"/>
         <BottomMargin HEIGHT="0" WIDTH="1416" VPOS="2066" HPOS="0"/>
         <PrintSpace HEIGHT="2066" WIDTH="1416" VPOS="0" HPOS="0">
            <TextBlock ID="TextRegion_1612877061560_478"
                       HEIGHT="1745"
                       WIDTH="521"
                       VPOS="134"
                       HPOS="161">
               <Shape>
                  <Polygon POINTS="161,134 682,134 682,1879 161,1879"/>
               </Shape>
               <TextLine ID="line_1612877048429_467"
                         BASELINE="235"
                         HEIGHT="56"
                         WIDTH="500"
                         VPOS="179"
                         HPOS="164">
                  <String HEIGHT="56"
                          WIDTH="591"
                          VPOS="179"
                          HPOS="73"
                          CONTENT="ARISTOTELIS"/>
               </TextLine>
               <TextLine ID="r2l7"
                         BASELINE="275"
                         HEIGHT="48"
                         WIDTH="417"
                         VPOS="227"
                         HPOS="199">
                  <String HEIGHT="48" WIDTH="139" VPOS="227" HPOS="176" CONTENT="DE"/>
                  <SP HEIGHT="48" WIDTH="23" VPOS="227" HPOS="315"/>
                  <String HEIGHT="48"
                          WIDTH="278"
                          VPOS="227"
                          HPOS="245"
                          CONTENT="PriIsrco"/>
                  <SP HEIGHT="48" WIDTH="23" VPOS="227" HPOS="523"/>
                  <String HEIGHT="48"
                          WIDTH="185"
                          VPOS="227"
                          HPOS="431"
                          CONTENT="AvorrV"/>
               </TextLine>
               <TextLine ID="r2l9"
                         BASELINE="314"
                         HEIGHT="38"
                         WIDTH="341"
                         VPOS="276"
                         HPOS="240">
                  <String HEIGHT="38"
                          WIDTH="219"
                          VPOS="276"
                          HPOS="216"
                          CONTENT="LIBER"/>
                  <SP HEIGHT="38" WIDTH="24" VPOS="276" HPOS="435"/>
                  <String HEIGHT="38"
                          WIDTH="244"
                          VPOS="276"
                          HPOS="337"
                          CONTENT="OCTAVVS,"/>
               </TextLine>
               <TextLine ID="r2l11"
                         BASELINE="370"
                         HEIGHT="38"
                         WIDTH="351"
                         VPOS="332"
                         HPOS="236">
                  <String HEIGHT="38" WIDTH="137" VPOS="332" HPOS="217" CONTENT="Cum"/>
                  <SP HEIGHT="38" WIDTH="20" VPOS="332" HPOS="353"/>
                  <String HEIGHT="38"
                          WIDTH="195"
                          VPOS="332"
                          HPOS="295"
                          CONTENT="Auerr."/>
                  <SP HEIGHT="38" WIDTH="20" VPOS="332" HPOS="490"/>
                  <String HEIGHT="38"
                          WIDTH="176"
                          VPOS="332"
                          HPOS="412"
                          CONTENT="Commen."/>
               </TextLine>
               <TextLine ID="r2l14"
                         BASELINE="435"
                         HEIGHT="38"
                         WIDTH="313"
                         VPOS="397"
                         HPOS="253">
                  <String HEIGHT="38"
                          WIDTH="241"
                          VPOS="397"
                          HPOS="229"
                          CONTENT="SVMMAE"/>
                  <SP HEIGHT="38" WIDTH="24" VPOS="397" HPOS="470"/>
                  <String HEIGHT="38"
                          WIDTH="193"
                          VPOS="397"
                          HPOS="373"
                          CONTENT="LIBRI."/>
               </TextLine>
               <TextLine ID="r2l15"
                         BASELINE="467"
                         HEIGHT="30"
                         WIDTH="497"
                         VPOS="437"
                         HPOS="162">
                  <String HEIGHT="30"
                          WIDTH="99"
                          VPOS="437"
                          HPOS="151"
                          CONTENT="Atex."/>
                  <SP HEIGHT="30" WIDTH="11" VPOS="437" HPOS="250"/>
                  <String HEIGHT="30" WIDTH="66" VPOS="437" HPOS="217" CONTENT="2."/>
                  <SP HEIGHT="30" WIDTH="11" VPOS="437" HPOS="283"/>
                  <String HEIGHT="30"
                          WIDTH="99"
                          VPOS="437"
                          HPOS="250"
                          CONTENT="vsque"/>
                  <SP HEIGHT="30" WIDTH="11" VPOS="437" HPOS="350"/>
                  <String HEIGHT="30" WIDTH="66" VPOS="437" HPOS="317" CONTENT="ad"/>
                  <SP HEIGHT="30" WIDTH="11" VPOS="437" HPOS="383"/>
                  <String HEIGHT="30" WIDTH="88" VPOS="437" HPOS="350" CONTENT="2aI."/>
                  <SP HEIGHT="30" WIDTH="11" VPOS="437" HPOS="438"/>
                  <String HEIGHT="30"
                          WIDTH="155"
                          VPOS="437"
                          HPOS="405"
                          CONTENT="demonstrat"/>
                  <SP HEIGHT="30" WIDTH="11" VPOS="437" HPOS="560"/>
                  <String HEIGHT="30"
                          WIDTH="99"
                          VPOS="437"
                          HPOS="526"
                          CONTENT="motum"/>
                  <SP HEIGHT="30" WIDTH="11" VPOS="437" HPOS="626"/>
                  <String HEIGHT="30"
                          WIDTH="77"
                          VPOS="437"
                          HPOS="582"
                          CONTENT="ante,"/>
               </TextLine>
               <TextLine ID="r2l17"
                         BASELINE="503"
                         HEIGHT="41"
                         WIDTH="345"
                         VPOS="462"
                         HPOS="203">
                  <String HEIGHT="41"
                          WIDTH="166"
                          VPOS="462"
                          HPOS="190"
                          CONTENT="retroque,"/>
                  <SP HEIGHT="41" WIDTH="13" VPOS="462" HPOS="356"/>
                  <String HEIGHT="41"
                          WIDTH="192"
                          VPOS="462"
                          HPOS="318"
                          CONTENT="sempiternum"/>
                  <SP HEIGHT="41" WIDTH="13" VPOS="462" HPOS="510"/>
                  <String HEIGHT="41"
                          WIDTH="89"
                          VPOS="462"
                          HPOS="459"
                          CONTENT="fore."/>
               </TextLine>
               <TextLine ID="line_1612877154732_534"
                         BASELINE="528"
                         HEIGHT="33"
                         WIDTH="502"
                         VPOS="495"
                         HPOS="161">
                  <String HEIGHT="33" WIDTH="91" VPOS="495" HPOS="150" CONTENT="A2i."/>
                  <SP HEIGHT="33" WIDTH="11" VPOS="495" HPOS="241"/>
                  <String HEIGHT="33"
                          WIDTH="103"
                          VPOS="495"
                          HPOS="207"
                          CONTENT="vsque"/>
                  <SP HEIGHT="33" WIDTH="11" VPOS="495" HPOS="309"/>
                  <String HEIGHT="33" WIDTH="68" VPOS="495" HPOS="275" CONTENT="ad"/>
                  <SP HEIGHT="33" WIDTH="11" VPOS="495" HPOS="344"/>
                  <String HEIGHT="33" WIDTH="80" VPOS="495" HPOS="309" CONTENT="A9."/>
                  <SP HEIGHT="33" WIDTH="11" VPOS="495" HPOS="389"/>
                  <String HEIGHT="33"
                          WIDTH="137"
                          VPOS="495"
                          HPOS="355"
                          CONTENT="ostendit"/>
                  <SP HEIGHT="33" WIDTH="11" VPOS="495" HPOS="492"/>
                  <String HEIGHT="33" WIDTH="91" VPOS="495" HPOS="458" CONTENT="quod"/>
                  <SP HEIGHT="33" WIDTH="11" VPOS="495" HPOS="549"/>
                  <String HEIGHT="33"
                          WIDTH="114"
                          VPOS="495"
                          HPOS="515"
                          CONTENT="primus"/>
                  <SP HEIGHT="33" WIDTH="11" VPOS="495" HPOS="629"/>
                  <String HEIGHT="33"
                          WIDTH="80"
                          VPOS="495"
                          HPOS="583"
                          CONTENT="motor"/>
               </TextLine>
               <TextLine ID="r2l21"
                         BASELINE="554"
                         HEIGHT="32"
                         WIDTH="462"
                         VPOS="522"
                         HPOS="197">
                  <String HEIGHT="32" WIDTH="79" VPOS="522" HPOS="186" CONTENT="sit"/>
                  <SP HEIGHT="32" WIDTH="11" VPOS="522" HPOS="265"/>
                  <String HEIGHT="32"
                          WIDTH="124"
                          VPOS="522"
                          HPOS="231"
                          CONTENT="penitus"/>
                  <SP HEIGHT="32" WIDTH="11" VPOS="522" HPOS="355"/>
                  <String HEIGHT="32"
                          WIDTH="158"
                          VPOS="522"
                          HPOS="321"
                          CONTENT="immobilis,"/>
                  <SP HEIGHT="32" WIDTH="11" VPOS="522" HPOS="479"/>
                  <String HEIGHT="32"
                          WIDTH="158"
                          VPOS="522"
                          HPOS="445"
                          CONTENT="propetuus,"/>
                  <SP HEIGHT="32" WIDTH="11" VPOS="522" HPOS="603"/>
                  <String HEIGHT="32" WIDTH="56" VPOS="522" HPOS="569" CONTENT="&amp;"/>
                  <SP HEIGHT="32" WIDTH="11" VPOS="522" HPOS="625"/>
                  <String HEIGHT="32"
                          WIDTH="79"
                          VPOS="522"
                          HPOS="580"
                          CONTENT="vnus,"/>
               </TextLine>
               <TextLine ID="r2l23"
                         BASELINE="586"
                         HEIGHT="30"
                         WIDTH="502"
                         VPOS="556"
                         HPOS="163">
                  <String HEIGHT="30"
                          WIDTH="100"
                          VPOS="556"
                          HPOS="150"
                          CONTENT="AA9."/>
                  <SP HEIGHT="30" WIDTH="13" VPOS="556" HPOS="251"/>
                  <String HEIGHT="30"
                          WIDTH="113"
                          VPOS="556"
                          HPOS="213"
                          CONTENT="vsque"/>
                  <SP HEIGHT="30" WIDTH="13" VPOS="556" HPOS="326"/>
                  <String HEIGHT="30" WIDTH="75" VPOS="556" HPOS="289" CONTENT="ad"/>
                  <SP HEIGHT="30" WIDTH="13" VPOS="556" HPOS="364"/>
                  <String HEIGHT="30" WIDTH="88" VPOS="556" HPOS="326" CONTENT="SA."/>
                  <SP HEIGHT="30" WIDTH="13" VPOS="556" HPOS="414"/>
                  <String HEIGHT="30"
                          WIDTH="138"
                          VPOS="556"
                          HPOS="376"
                          CONTENT="quaerit"/>
                  <SP HEIGHT="30" WIDTH="13" VPOS="556" HPOS="514"/>
                  <String HEIGHT="30" WIDTH="75" VPOS="556" HPOS="477" CONTENT="an"/>
                  <SP HEIGHT="30" WIDTH="13" VPOS="556" HPOS="552"/>
                  <String HEIGHT="30"
                          WIDTH="113"
                          VPOS="556"
                          HPOS="514"
                          CONTENT="detur"/>
                  <SP HEIGHT="30" WIDTH="13" VPOS="556" HPOS="627"/>
                  <String HEIGHT="30"
                          WIDTH="88"
                          VPOS="556"
                          HPOS="577"
                          CONTENT="motus"/>
               </TextLine>
               <TextLine ID="r2l25"
                         BASELINE="618"
                         HEIGHT="35"
                         WIDTH="458"
                         VPOS="583"
                         HPOS="203">
                  <String HEIGHT="35"
                          WIDTH="183"
                          VPOS="583"
                          HPOS="190"
                          CONTENT="continuus,"/>
                  <SP HEIGHT="35" WIDTH="13" VPOS="583" HPOS="373"/>
                  <String HEIGHT="35" WIDTH="65" VPOS="583" HPOS="334" CONTENT="&amp;"/>
                  <SP HEIGHT="35" WIDTH="13" VPOS="583" HPOS="399"/>
                  <String HEIGHT="35"
                          WIDTH="105"
                          VPOS="583"
                          HPOS="360"
                          CONTENT="quis"/>
                  <SP HEIGHT="35" WIDTH="13" VPOS="583" HPOS="465"/>
                  <String HEIGHT="35"
                          WIDTH="131"
                          VPOS="583"
                          HPOS="425"
                          CONTENT="motuum"/>
                  <SP HEIGHT="35" WIDTH="13" VPOS="583" HPOS="556"/>
                  <String HEIGHT="35" WIDTH="79" VPOS="583" HPOS="517" CONTENT="si"/>
                  <SP HEIGHT="35" WIDTH="13" VPOS="583" HPOS="596"/>
                  <String HEIGHT="35"
                          WIDTH="118"
                          VPOS="583"
                          HPOS="543"
                          CONTENT="primus."/>
               </TextLine>
               <TextLine ID="r2l26"
                         BASELINE="643"
                         HEIGHT="34"
                         WIDTH="493"
                         VPOS="609"
                         HPOS="170">
                  <String HEIGHT="34"
                          WIDTH="101"
                          VPOS="609"
                          HPOS="157"
                          CONTENT="AAs."/>
                  <SP HEIGHT="34" WIDTH="13" VPOS="609" HPOS="258"/>
                  <String HEIGHT="34"
                          WIDTH="114"
                          VPOS="609"
                          HPOS="221"
                          CONTENT="vsque"/>
                  <SP HEIGHT="34" WIDTH="13" VPOS="609" HPOS="334"/>
                  <String HEIGHT="34" WIDTH="76" VPOS="609" HPOS="296" CONTENT="in"/>
                  <SP HEIGHT="34" WIDTH="13" VPOS="609" HPOS="372"/>
                  <String HEIGHT="34"
                          WIDTH="126"
                          VPOS="609"
                          HPOS="334"
                          CONTENT="finem,"/>
                  <SP HEIGHT="34" WIDTH="13" VPOS="609" HPOS="461"/>
                  <String HEIGHT="34"
                          WIDTH="152"
                          VPOS="609"
                          HPOS="423"
                          CONTENT="ostendit"/>
                  <SP HEIGHT="34" WIDTH="13" VPOS="609" HPOS="575"/>
                  <String HEIGHT="34"
                          WIDTH="126"
                          VPOS="609"
                          HPOS="537"
                          CONTENT="primum"/>
                  <SP HEIGHT="34" WIDTH="13" VPOS="609" HPOS="663"/>
                  <String HEIGHT="34" WIDTH="51" VPOS="609" HPOS="612" CONTENT="mo"/>
               </TextLine>
               <TextLine ID="r2l28"
                         BASELINE="675"
                         HEIGHT="30"
                         WIDTH="474"
                         VPOS="645"
                         HPOS="189">
                  <String HEIGHT="30"
                          WIDTH="104"
                          VPOS="645"
                          HPOS="177"
                          CONTENT="torem"/>
                  <SP HEIGHT="30" WIDTH="12" VPOS="645" HPOS="281"/>
                  <String HEIGHT="30"
                          WIDTH="197"
                          VPOS="645"
                          HPOS="247"
                          CONTENT="indiuisibilem"/>
                  <SP HEIGHT="30" WIDTH="12" VPOS="645" HPOS="443"/>
                  <String HEIGHT="30"
                          WIDTH="104"
                          VPOS="645"
                          HPOS="409"
                          CONTENT="esse,"/>
                  <SP HEIGHT="30" WIDTH="12" VPOS="645" HPOS="513"/>
                  <String HEIGHT="30" WIDTH="58" VPOS="645" HPOS="478" CONTENT="&amp;"/>
                  <SP HEIGHT="30" WIDTH="12" VPOS="645" HPOS="536"/>
                  <String HEIGHT="30"
                          WIDTH="173"
                          VPOS="645"
                          HPOS="490"
                          CONTENT="impartibilem,"/>
               </TextLine>
               <TextLine ID="r2l30"
                         BASELINE="706"
                         HEIGHT="35"
                         WIDTH="456"
                         VPOS="671"
                         HPOS="195">
                  <String HEIGHT="35"
                          WIDTH="156"
                          VPOS="671"
                          HPOS="183"
                          CONTENT="nullamque"/>
                  <SP HEIGHT="35" WIDTH="12" VPOS="671" HPOS="339"/>
                  <String HEIGHT="35"
                          WIDTH="132"
                          VPOS="671"
                          HPOS="303"
                          CONTENT="prorsus"/>
                  <SP HEIGHT="35" WIDTH="12" VPOS="671" HPOS="435"/>
                  <String HEIGHT="35"
                          WIDTH="120"
                          VPOS="671"
                          HPOS="399"
                          CONTENT="habere"/>
                  <SP HEIGHT="35" WIDTH="12" VPOS="671" HPOS="519"/>
                  <String HEIGHT="35"
                          WIDTH="180"
                          VPOS="671"
                          HPOS="471"
                          CONTENT="magnitudinem,"/>
               </TextLine>
               <TextLine ID="r2l31"
                         BASELINE="746"
                         HEIGHT="37"
                         WIDTH="304"
                         VPOS="709"
                         HPOS="265">
                  <String HEIGHT="37"
                          WIDTH="228"
                          VPOS="709"
                          HPOS="240"
                          CONTENT="SVMMA"/>
                  <SP HEIGHT="37" WIDTH="25" VPOS="709" HPOS="468"/>
                  <String HEIGHT="37"
                          WIDTH="203"
                          VPOS="709"
                          HPOS="366"
                          CONTENT="PRIMA."/>
               </TextLine>
               <TextLine ID="r2l33"
                         BASELINE="786"
                         HEIGHT="45"
                         WIDTH="317"
                         VPOS="741"
                         HPOS="258">
                  <String HEIGHT="45" WIDTH="79" VPOS="741" HPOS="245" CONTENT="De"/>
                  <SP HEIGHT="45" WIDTH="13" VPOS="741" HPOS="324"/>
                  <String HEIGHT="45"
                          WIDTH="238"
                          VPOS="741"
                          HPOS="284"
                          CONTENT="sempiternitate"/>
                  <SP HEIGHT="45" WIDTH="13" VPOS="741" HPOS="522"/>
                  <String HEIGHT="45"
                          WIDTH="106"
                          VPOS="741"
                          HPOS="469"
                          CONTENT="motus."/>
               </TextLine>
               <TextLine ID="r2l35"
                         BASELINE="834"
                         HEIGHT="53"
                         WIDTH="480"
                         VPOS="781"
                         HPOS="179">
                  <String HEIGHT="53"
                          WIDTH="144"
                          VPOS="781"
                          HPOS="167"
                          CONTENT="bropriam"/>
                  <SP HEIGHT="53" WIDTH="12" VPOS="781" HPOS="311"/>
                  <String HEIGHT="53" WIDTH="72" VPOS="781" HPOS="275" CONTENT="de"/>
                  <SP HEIGHT="53" WIDTH="12" VPOS="781" HPOS="347"/>
                  <String HEIGHT="53"
                          WIDTH="216"
                          VPOS="781"
                          HPOS="311"
                          CONTENT="sempiternitate"/>
                  <SP HEIGHT="53" WIDTH="12" VPOS="781" HPOS="527"/>
                  <String HEIGHT="53"
                          WIDTH="108"
                          VPOS="781"
                          HPOS="491"
                          CONTENT="motus"/>
                  <SP HEIGHT="53" WIDTH="12" VPOS="781" HPOS="599"/>
                  <String HEIGHT="53"
                          WIDTH="108"
                          VPOS="781"
                          HPOS="551"
                          CONTENT="senten"
                          SUBS_TYPE="HypPart1"
                          SUBS_CONTENT="sententiam"/>
                  <HYP CONTENT="-"/>
               </TextLine>
               <TextLine ID="r2l37"
                         BASELINE="871"
                         HEIGHT="50"
                         WIDTH="413"
                         VPOS="821"
                         HPOS="207">
                  <String HEIGHT="50"
                          WIDTH="103"
                          VPOS="821"
                          HPOS="194"
                          CONTENT="tiam"
                          SUBS_TYPE="HypPart2"
                          SUBS_CONTENT="sententiam"/>
                  <SP HEIGHT="50" WIDTH="13" VPOS="821" HPOS="297"/>
                  <String HEIGHT="50"
                          WIDTH="181"
                          VPOS="821"
                          HPOS="259"
                          CONTENT="comprobat,"/>
                  <SP HEIGHT="50" WIDTH="13" VPOS="821" HPOS="439"/>
                  <String HEIGHT="50" WIDTH="90" VPOS="821" HPOS="401" CONTENT="vbi"/>
                  <SP HEIGHT="50" WIDTH="13" VPOS="821" HPOS="491"/>
                  <String HEIGHT="50"
                          WIDTH="116"
                          VPOS="821"
                          HPOS="452"
                          CONTENT="multa"/>
                  <SP HEIGHT="50" WIDTH="13" VPOS="821" HPOS="568"/>
                  <String HEIGHT="50" WIDTH="77" VPOS="821" HPOS="530" CONTENT="de"/>
                  <SP HEIGHT="50" WIDTH="13" VPOS="821" HPOS="607"/>
                  <String HEIGHT="50"
                          WIDTH="65"
                          VPOS="821"
                          HPOS="555"
                          CONTENT="An"
                          SUBS_TYPE="HypPart1"
                          SUBS_CONTENT="Antiquorum"/>
                  <HYP CONTENT="-"/>
               </TextLine>
               <TextLine ID="r2l39"
                         BASELINE="914"
                         HEIGHT="51"
                         WIDTH="340"
                         VPOS="863"
                         HPOS="243">
                  <String HEIGHT="51"
                          WIDTH="151"
                          VPOS="863"
                          HPOS="230"
                          CONTENT="tiquorum"
                          SUBS_TYPE="HypPart2"
                          SUBS_CONTENT="Antiquorum"/>
                  <SP HEIGHT="51" WIDTH="13" VPOS="863" HPOS="382"/>
                  <String HEIGHT="51"
                          WIDTH="176"
                          VPOS="863"
                          HPOS="344"
                          CONTENT="interserit"/>
                  <SP HEIGHT="51" WIDTH="13" VPOS="863" HPOS="520"/>
                  <String HEIGHT="51"
                          WIDTH="113"
                          VPOS="863"
                          HPOS="470"
                          CONTENT="opinio"
                          SUBS_TYPE="HypPart1"
                          SUBS_CONTENT="opinionibus."/>
                  <HYP CONTENT="-"/>
               </TextLine>
               <TextLine ID="line_1612877101976_520"
                         BASELINE="946"
                         HEIGHT="45"
                         WIDTH="256"
                         VPOS="901"
                         HPOS="291">
                  <String HEIGHT="45"
                          WIDTH="183"
                          VPOS="901"
                          HPOS="273"
                          CONTENT="nibus."
                          SUBS_TYPE="HypPart2"
                          SUBS_CONTENT="opinionibus."/>
                  <SP HEIGHT="45" WIDTH="18" VPOS="901" HPOS="456"/>
                  <String HEIGHT="45"
                          WIDTH="146"
                          VPOS="901"
                          HPOS="401"
                          CONTENT="Cap."/>
                  <SP HEIGHT="45" WIDTH="18" VPOS="901" HPOS="547"/>
                  <String HEIGHT="45" WIDTH="73" VPOS="901" HPOS="474" CONTENT="1."/>
               </TextLine>
               <TextLine ID="r2l44"
                         BASELINE="978"
                         HEIGHT="45"
                         WIDTH="290"
                         VPOS="933"
                         HPOS="372">
                  <String HEIGHT="45"
                          WIDTH="136"
                          VPOS="933"
                          HPOS="355"
                          CONTENT="Trum"/>
                  <SP HEIGHT="45" WIDTH="17" VPOS="933" HPOS="491"/>
                  <String HEIGHT="45"
                          WIDTH="154"
                          VPOS="933"
                          HPOS="440"
                          CONTENT="autem"/>
                  <SP HEIGHT="45" WIDTH="17" VPOS="933" HPOS="594"/>
                  <String HEIGHT="45"
                          WIDTH="136"
                          VPOS="933"
                          HPOS="526"
                          CONTENT="factus"/>
               </TextLine>
               <TextLine ID="r2l45"
                         BASELINE="1026"
                         HEIGHT="46"
                         WIDTH="292"
                         VPOS="980"
                         HPOS="370">
                  <String HEIGHT="46" WIDTH="120" VPOS="980" HPOS="353" CONTENT="est"/>
                  <SP HEIGHT="46" WIDTH="17" VPOS="980" HPOS="473"/>
                  <String HEIGHT="46"
                          WIDTH="223"
                          VPOS="980"
                          HPOS="422"
                          CONTENT="aliquando"/>
                  <SP HEIGHT="46" WIDTH="17" VPOS="980" HPOS="645"/>
                  <String HEIGHT="46"
                          WIDTH="86"
                          VPOS="980"
                          HPOS="576"
                          CONTENT="mo"
                          SUBS_TYPE="HypPart1"
                          SUBS_CONTENT="motus,"/>
                  <HYP CONTENT="-"/>
               </TextLine>
               <TextLine ID="r2l47"
                         BASELINE="1066"
                         HEIGHT="48"
                         WIDTH="296"
                         VPOS="1018"
                         HPOS="369">
                  <String HEIGHT="48"
                          WIDTH="132"
                          VPOS="1018"
                          HPOS="353"
                          CONTENT="tus,"
                          SUBS_TYPE="HypPart2"
                          SUBS_CONTENT="motus,"/>
                  <SP HEIGHT="48" WIDTH="16" VPOS="1018" HPOS="484"/>
                  <String HEIGHT="48"
                          WIDTH="115"
                          VPOS="1018"
                          HPOS="435"
                          CONTENT="cum"/>
                  <SP HEIGHT="48" WIDTH="16" VPOS="1018" HPOS="550"/>
                  <String HEIGHT="48"
                          WIDTH="115"
                          VPOS="1018"
                          HPOS="501"
                          CONTENT="non"/>
                  <SP HEIGHT="48" WIDTH="16" VPOS="1018" HPOS="616"/>
                  <String HEIGHT="48"
                          WIDTH="115"
                          VPOS="1018"
                          HPOS="550"
                          CONTENT="esset"/>
               </TextLine>
               <TextLine ID="r2l51"
                         BASELINE="1106"
                         HEIGHT="45"
                         WIDTH="295"
                         VPOS="1061"
                         HPOS="370">
                  <String HEIGHT="45"
                          WIDTH="174"
                          VPOS="1061"
                          HPOS="353"
                          CONTENT="prius,"/>
                  <SP HEIGHT="45" WIDTH="17" VPOS="1061" HPOS="526"/>
                  <String HEIGHT="45" WIDTH="87" VPOS="1061" HPOS="474" CONTENT="&amp;"/>
                  <SP HEIGHT="45" WIDTH="17" VPOS="1061" HPOS="561"/>
                  <String HEIGHT="45"
                          WIDTH="174"
                          VPOS="1061"
                          HPOS="491"
                          CONTENT="corrumpi"/>
               </TextLine>
               <TextLine ID="line_1612877096775_515"
                         BASELINE="1147"
                         HEIGHT="46"
                         WIDTH="302"
                         VPOS="1101"
                         HPOS="367">
                  <String HEIGHT="46"
                          WIDTH="106"
                          VPOS="1101"
                          HPOS="352"
                          CONTENT="tur"/>
                  <SP HEIGHT="46" WIDTH="15" VPOS="1101" HPOS="458"/>
                  <String HEIGHT="46"
                          WIDTH="166"
                          VPOS="1101"
                          HPOS="412"
                          CONTENT="rursus,"/>
                  <SP HEIGHT="46" WIDTH="15" VPOS="1101" HPOS="578"/>
                  <String HEIGHT="46"
                          WIDTH="136"
                          VPOS="1101"
                          HPOS="533"
                          CONTENT="adeo,"/>
                  <SP HEIGHT="46" WIDTH="15" VPOS="1101" HPOS="669"/>
                  <String HEIGHT="46" WIDTH="60" VPOS="1101" HPOS="609" CONTENT="vt"/>
               </TextLine>
               <TextLine ID="r2l57"
                         BASELINE="1195"
                         HEIGHT="47"
                         WIDTH="492"
                         VPOS="1148"
                         HPOS="171">
                  <String HEIGHT="47"
                          WIDTH="190"
                          VPOS="1148"
                          HPOS="155"
                          CONTENT="moueatur"/>
                  <SP HEIGHT="47" WIDTH="16" VPOS="1148" HPOS="346"/>
                  <String HEIGHT="47"
                          WIDTH="159"
                          VPOS="1148"
                          HPOS="298"
                          CONTENT="nihil,"/>
                  <SP HEIGHT="47" WIDTH="16" VPOS="1148" HPOS="457"/>
                  <String HEIGHT="47" WIDTH="95" VPOS="1148" HPOS="409" CONTENT="an"/>
                  <SP HEIGHT="47" WIDTH="16" VPOS="1148" HPOS="504"/>
                  <String HEIGHT="47"
                          WIDTH="143"
                          VPOS="1148"
                          HPOS="457"
                          CONTENT="neque"/>
                  <SP HEIGHT="47" WIDTH="16" VPOS="1148" HPOS="600"/>
                  <String HEIGHT="47"
                          WIDTH="127"
                          VPOS="1148"
                          HPOS="536"
                          CONTENT="factus"/>
               </TextLine>
               <TextLine ID="r2l59"
                         BASELINE="1236"
                         HEIGHT="55"
                         WIDTH="499"
                         VPOS="1181"
                         HPOS="172">
                  <String HEIGHT="55"
                          WIDTH="129"
                          VPOS="1181"
                          HPOS="156"
                          CONTENT="est,"/>
                  <SP HEIGHT="55" WIDTH="16" VPOS="1181" HPOS="285"/>
                  <String HEIGHT="55"
                          WIDTH="145"
                          VPOS="1181"
                          HPOS="236"
                          CONTENT="neque"/>
                  <SP HEIGHT="55" WIDTH="16" VPOS="1181" HPOS="381"/>
                  <String HEIGHT="55"
                          WIDTH="258"
                          VPOS="1181"
                          HPOS="333"
                          CONTENT="corrumpitur,"/>
                  <SP HEIGHT="55" WIDTH="16" VPOS="1181" HPOS="591"/>
                  <String HEIGHT="55"
                          WIDTH="113"
                          VPOS="1181"
                          HPOS="542"
                          CONTENT="sed"/>
                  <SP HEIGHT="55" WIDTH="16" VPOS="1181" HPOS="655"/>
                  <String HEIGHT="55" WIDTH="80" VPOS="1181" HPOS="591" CONTENT="sem"/>
               </TextLine>
               <TextLine ID="r2l61"
                         BASELINE="1276"
                         HEIGHT="56"
                         WIDTH="493"
                         VPOS="1220"
                         HPOS="174">
                  <String HEIGHT="56" WIDTH="99" VPOS="1220" HPOS="160" CONTENT="per"/>
                  <SP HEIGHT="56" WIDTH="14" VPOS="1220" HPOS="259"/>
                  <String HEIGHT="56"
                          WIDTH="127"
                          VPOS="1220"
                          HPOS="216"
                          CONTENT="erat,"/>
                  <SP HEIGHT="56" WIDTH="14" VPOS="1220" HPOS="343"/>
                  <String HEIGHT="56" WIDTH="70" VPOS="1220" HPOS="301" CONTENT="&amp;"/>
                  <SP HEIGHT="56" WIDTH="14" VPOS="1220" HPOS="371"/>
                  <String HEIGHT="56"
                          WIDTH="141"
                          VPOS="1220"
                          HPOS="329"
                          CONTENT="semper"/>
                  <SP HEIGHT="56" WIDTH="14" VPOS="1220" HPOS="470"/>
                  <String HEIGHT="56"
                          WIDTH="127"
                          VPOS="1220"
                          HPOS="428"
                          CONTENT="erit,"/>
                  <SP HEIGHT="56" WIDTH="14" VPOS="1220" HPOS="554"/>
                  <String HEIGHT="56" WIDTH="85" VPOS="1220" HPOS="512" CONTENT="et"/>
                  <SP HEIGHT="56" WIDTH="14" VPOS="1220" HPOS="597"/>
                  <String HEIGHT="56" WIDTH="99" VPOS="1220" HPOS="554" CONTENT="hoc"/>
                  <SP HEIGHT="56" WIDTH="14" VPOS="1220" HPOS="653"/>
                  <String HEIGHT="56"
                          WIDTH="70"
                          VPOS="1220"
                          HPOS="597"
                          CONTENT="in"
                          SUBS_TYPE="HypPart1"
                          SUBS_CONTENT="inmortale,"/>
                  <HYP CONTENT="-"/>
               </TextLine>
               <TextLine ID="r2l62"
                         BASELINE="1314"
                         HEIGHT="52"
                         WIDTH="488"
                         VPOS="1262"
                         HPOS="175">
                  <String HEIGHT="52"
                          WIDTH="177"
                          VPOS="1262"
                          HPOS="160"
                          CONTENT="mortale,"
                          SUBS_TYPE="HypPart2"
                          SUBS_CONTENT="inmortale,"/>
                  <SP HEIGHT="52" WIDTH="15" VPOS="1262" HPOS="338"/>
                  <String HEIGHT="52" WIDTH="74" VPOS="1262" HPOS="293" CONTENT="&amp;"/>
                  <SP HEIGHT="52" WIDTH="15" VPOS="1262" HPOS="367"/>
                  <String HEIGHT="52"
                          WIDTH="118"
                          VPOS="1262"
                          HPOS="323"
                          CONTENT="sine"/>
                  <SP HEIGHT="52" WIDTH="15" VPOS="1262" HPOS="441"/>
                  <String HEIGHT="52"
                          WIDTH="148"
                          VPOS="1262"
                          HPOS="397"
                          CONTENT="quiete"/>
                  <SP HEIGHT="52" WIDTH="15" VPOS="1262" HPOS="545"/>
                  <String HEIGHT="52"
                          WIDTH="104"
                          VPOS="1262"
                          HPOS="500"
                          CONTENT="ijs"/>
                  <SP HEIGHT="52" WIDTH="15" VPOS="1262" HPOS="604"/>
                  <String HEIGHT="52"
                          WIDTH="118"
                          VPOS="1262"
                          HPOS="545"
                          CONTENT="inest,"/>
               </TextLine>
               <TextLine ID="line_1612877037515_458"
                         BASELINE="1348"
                         HEIGHT="40"
                         WIDTH="505"
                         VPOS="1308"
                         HPOS="156">
                  <String HEIGHT="40"
                          WIDTH="126"
                          VPOS="1308"
                          HPOS="140"
                          CONTENT="quae"/>
                  <SP HEIGHT="40" WIDTH="16" VPOS="1308" HPOS="266"/>
                  <String HEIGHT="40"
                          WIDTH="142"
                          VPOS="1308"
                          HPOS="219"
                          CONTENT="sunt,"/>
                  <SP HEIGHT="40" WIDTH="16" VPOS="1308" HPOS="361"/>
                  <String HEIGHT="40"
                          WIDTH="158"
                          VPOS="1308"
                          HPOS="314"
                          CONTENT="veluri"/>
                  <SP HEIGHT="40" WIDTH="16" VPOS="1308" HPOS="472"/>
                  <String HEIGHT="40"
                          WIDTH="110"
                          VPOS="1308"
                          HPOS="424"
                          CONTENT="vit"/>
                  <SP HEIGHT="40" WIDTH="16" VPOS="1308" HPOS="535"/>
                  <String HEIGHT="40" WIDTH="79" VPOS="1308" HPOS="487" CONTENT="a"/>
                  <SP HEIGHT="40" WIDTH="16" VPOS="1308" HPOS="566"/>
                  <String HEIGHT="40"
                          WIDTH="158"
                          VPOS="1308"
                          HPOS="503"
                          CONTENT="quaedam,"/>
               </TextLine>
               <TextLine ID="r2l66"
                         BASELINE="1388"
                         HEIGHT="46"
                         WIDTH="488"
                         VPOS="1342"
                         HPOS="174">
                  <String HEIGHT="46"
                          WIDTH="122"
                          VPOS="1342"
                          HPOS="159"
                          CONTENT="quae"/>
                  <SP HEIGHT="46" WIDTH="15" VPOS="1342" HPOS="281"/>
                  <String HEIGHT="46"
                          WIDTH="137"
                          VPOS="1342"
                          HPOS="235"
                          CONTENT="inest"/>
                  <SP HEIGHT="46" WIDTH="15" VPOS="1342" HPOS="372"/>
                  <String HEIGHT="46"
                          WIDTH="153"
                          VPOS="1342"
                          HPOS="327"
                          CONTENT="natura"/>
                  <SP HEIGHT="46" WIDTH="15" VPOS="1342" HPOS="479"/>
                  <String HEIGHT="46"
                          WIDTH="244"
                          VPOS="1342"
                          HPOS="418"
                          CONTENT="subsistentibus"/>
               </TextLine>
               <TextLine ID="r2l68"
                         BASELINE="1426"
                         HEIGHT="41"
                         WIDTH="497"
                         VPOS="1385"
                         HPOS="174">
                  <String HEIGHT="41"
                          WIDTH="202"
                          VPOS="1385"
                          HPOS="156"
                          CONTENT="omnibus"/>
                  <SP HEIGHT="41" WIDTH="18" VPOS="1385" HPOS="358"/>
                  <String HEIGHT="41" WIDTH="92" VPOS="1385" HPOS="303" CONTENT="P"/>
                  <SP HEIGHT="41" WIDTH="18" VPOS="1385" HPOS="395"/>
                  <String HEIGHT="41"
                          WIDTH="147"
                          VPOS="1385"
                          HPOS="340"
                          CONTENT="Esse"/>
                  <SP HEIGHT="41" WIDTH="18" VPOS="1385" HPOS="487"/>
                  <String HEIGHT="41"
                          WIDTH="184"
                          VPOS="1385"
                          HPOS="432"
                          CONTENT="igitur"/>
                  <SP HEIGHT="41" WIDTH="18" VPOS="1385" HPOS="616"/>
                  <String HEIGHT="41"
                          WIDTH="129"
                          VPOS="1385"
                          HPOS="542"
                          CONTENT="motum"/>
               </TextLine>
               <TextLine ID="r2l70"
                         BASELINE="1466"
                         HEIGHT="37"
                         WIDTH="490"
                         VPOS="1429"
                         HPOS="179">
                  <String HEIGHT="37"
                          WIDTH="142"
                          VPOS="1429"
                          HPOS="163"
                          CONTENT="omnes"/>
                  <SP HEIGHT="37" WIDTH="16" VPOS="1429" HPOS="305"/>
                  <String HEIGHT="37"
                          WIDTH="221"
                          VPOS="1429"
                          HPOS="258"
                          CONTENT="affirmant,"/>
                  <SP HEIGHT="37" WIDTH="16" VPOS="1429" HPOS="479"/>
                  <String HEIGHT="37" WIDTH="95" VPOS="1429" HPOS="432" CONTENT="de"/>
                  <SP HEIGHT="37" WIDTH="16" VPOS="1429" HPOS="527"/>
                  <String HEIGHT="37"
                          WIDTH="158"
                          VPOS="1429"
                          HPOS="479"
                          CONTENT="natura"/>
                  <SP HEIGHT="37" WIDTH="16" VPOS="1429" HPOS="637"/>
                  <String HEIGHT="37"
                          WIDTH="95"
                          VPOS="1429"
                          HPOS="574"
                          CONTENT="ali"
                          SUBS_TYPE="HypPart1"
                          SUBS_CONTENT="aliquid"/>
                  <HYP CONTENT="-"/>
               </TextLine>
               <TextLine ID="r2l72"
                         BASELINE="1519"
                         HEIGHT="42"
                         WIDTH="487"
                         VPOS="1477"
                         HPOS="178">
                  <String HEIGHT="42"
                          WIDTH="118"
                          VPOS="1477"
                          HPOS="163"
                          CONTENT="quid"
                          SUBS_TYPE="HypPart2"
                          SUBS_CONTENT="aliquid"/>
                  <SP HEIGHT="42" WIDTH="15" VPOS="1477" HPOS="281"/>
                  <String HEIGHT="42"
                          WIDTH="192"
                          VPOS="1477"
                          HPOS="237"
                          CONTENT="dicentes,"/>
                  <SP HEIGHT="42" WIDTH="15" VPOS="1477" HPOS="429"/>
                  <String HEIGHT="42"
                          WIDTH="192"
                          VPOS="1477"
                          HPOS="385"
                          CONTENT="propterca"/>
                  <SP HEIGHT="42" WIDTH="15" VPOS="1477" HPOS="576"/>
                  <String HEIGHT="42"
                          WIDTH="118"
                          VPOS="1477"
                          HPOS="532"
                          CONTENT="quod"/>
                  <SP HEIGHT="42" WIDTH="15" VPOS="1477" HPOS="650"/>
                  <String HEIGHT="42" WIDTH="74" VPOS="1477" HPOS="591" CONTENT="mun"/>
               </TextLine>
               <TextLine ID="r2l74"
                         BASELINE="1550"
                         HEIGHT="41"
                         WIDTH="493"
                         VPOS="1509"
                         HPOS="172">
                  <String HEIGHT="41"
                          WIDTH="111"
                          VPOS="1509"
                          HPOS="156"
                          CONTENT="dum"/>
                  <SP HEIGHT="41" WIDTH="16" VPOS="1509" HPOS="267"/>
                  <String HEIGHT="41"
                          WIDTH="191"
                          VPOS="1509"
                          HPOS="220"
                          CONTENT="faciunt,"/>
                  <SP HEIGHT="41" WIDTH="16" VPOS="1509" HPOS="411"/>
                  <String HEIGHT="41" WIDTH="95" VPOS="1509" HPOS="363" CONTENT="et"/>
                  <SP HEIGHT="41" WIDTH="16" VPOS="1509" HPOS="458"/>
                  <String HEIGHT="41" WIDTH="95" VPOS="1509" HPOS="411" CONTENT="de"/>
                  <SP HEIGHT="41" WIDTH="16" VPOS="1509" HPOS="506"/>
                  <String HEIGHT="41"
                          WIDTH="223"
                          VPOS="1509"
                          HPOS="442"
                          CONTENT="generatione."/>
               </TextLine>
               <TextLine ID="r2l75"
                         BASELINE="1594"
                         HEIGHT="46"
                         WIDTH="502"
                         VPOS="1548"
                         HPOS="168">
                  <String HEIGHT="46" WIDTH="84" VPOS="1548" HPOS="151" CONTENT="&amp;"/>
                  <SP HEIGHT="46" WIDTH="17" VPOS="1548" HPOS="235"/>
                  <String HEIGHT="46"
                          WIDTH="251"
                          VPOS="1548"
                          HPOS="185"
                          CONTENT="corruptione"/>
                  <SP HEIGHT="46" WIDTH="17" VPOS="1548" HPOS="436"/>
                  <String HEIGHT="46"
                          WIDTH="117"
                          VPOS="1548"
                          HPOS="386"
                          CONTENT="est"/>
                  <SP HEIGHT="46" WIDTH="17" VPOS="1548" HPOS="503"/>
                  <String HEIGHT="46"
                          WIDTH="234"
                          VPOS="1548"
                          HPOS="436"
                          CONTENT="contemplatio"/>
               </TextLine>
               <TextLine ID="r2l77"
                         BASELINE="1642"
                         HEIGHT="52"
                         WIDTH="493"
                         VPOS="1590"
                         HPOS="172">
                  <String HEIGHT="52"
                          WIDTH="194"
                          VPOS="1590"
                          HPOS="154"
                          CONTENT="omnibus"/>
                  <SP HEIGHT="52" WIDTH="18" VPOS="1590" HPOS="348"/>
                  <String HEIGHT="52"
                          WIDTH="176"
                          VPOS="1590"
                          HPOS="295"
                          CONTENT="ipsis,"/>
                  <SP HEIGHT="52" WIDTH="18" VPOS="1590" HPOS="471"/>
                  <String HEIGHT="52"
                          WIDTH="141"
                          VPOS="1590"
                          HPOS="419"
                          CONTENT="quam"/>
                  <SP HEIGHT="52" WIDTH="18" VPOS="1590" HPOS="559"/>
                  <String HEIGHT="52"
                          WIDTH="176"
                          VPOS="1590"
                          HPOS="489"
                          CONTENT="impossi"
                          SUBS_TYPE="HypPart1"
                          SUBS_CONTENT="impossibile"/>
                  <HYP CONTENT="-"/>
               </TextLine>
               <TextLine ID="r2l79"
                         BASELINE="1674"
                         HEIGHT="44"
                         WIDTH="493"
                         VPOS="1630"
                         HPOS="174">
                  <String HEIGHT="44"
                          WIDTH="116"
                          VPOS="1630"
                          HPOS="160"
                          CONTENT="bile"
                          SUBS_TYPE="HypPart2"
                          SUBS_CONTENT="impossibile"/>
                  <SP HEIGHT="44" WIDTH="15" VPOS="1630" HPOS="276"/>
                  <String HEIGHT="44"
                          WIDTH="102"
                          VPOS="1630"
                          HPOS="232"
                          CONTENT="est"/>
                  <SP HEIGHT="44" WIDTH="15" VPOS="1630" HPOS="334"/>
                  <String HEIGHT="44"
                          WIDTH="131"
                          VPOS="1630"
                          HPOS="290"
                          CONTENT="esse,"/>
                  <SP HEIGHT="44" WIDTH="15" VPOS="1630" HPOS="421"/>
                  <String HEIGHT="44"
                          WIDTH="116"
                          VPOS="1630"
                          HPOS="377"
                          CONTENT="nisi"/>
                  <SP HEIGHT="44" WIDTH="15" VPOS="1630" HPOS="493"/>
                  <String HEIGHT="44"
                          WIDTH="102"
                          VPOS="1630"
                          HPOS="450"
                          CONTENT="sit"/>
                  <SP HEIGHT="44" WIDTH="15" VPOS="1630" HPOS="551"/>
                  <String HEIGHT="44"
                          WIDTH="145"
                          VPOS="1630"
                          HPOS="508"
                          CONTENT="motus."/>
                  <SP HEIGHT="44" WIDTH="15" VPOS="1630" HPOS="653"/>
                  <String HEIGHT="44" WIDTH="73" VPOS="1630" HPOS="595" CONTENT="Sed"/>
               </TextLine>
               <TextLine ID="r2l81"
                         BASELINE="1714"
                         HEIGHT="42"
                         WIDTH="498"
                         VPOS="1672"
                         HPOS="172">
                  <String HEIGHT="42"
                          WIDTH="133"
                          VPOS="1672"
                          HPOS="155"
                          CONTENT="quot"/>
                  <SP HEIGHT="42" WIDTH="17" VPOS="1672" HPOS="288"/>
                  <String HEIGHT="42"
                          WIDTH="133"
                          VPOS="1672"
                          HPOS="238"
                          CONTENT="quot"/>
                  <SP HEIGHT="42" WIDTH="17" VPOS="1672" HPOS="371"/>
                  <String HEIGHT="42"
                          WIDTH="166"
                          VPOS="1672"
                          HPOS="321"
                          CONTENT="quidem"/>
                  <SP HEIGHT="42" WIDTH="17" VPOS="1672" HPOS="487"/>
                  <String HEIGHT="42"
                          WIDTH="216"
                          VPOS="1672"
                          HPOS="438"
                          CONTENT="infinitos"/>
                  <SP HEIGHT="42" WIDTH="17" VPOS="1672" HPOS="653"/>
                  <String HEIGHT="42" WIDTH="83" VPOS="1672" HPOS="587" CONTENT="mun"/>
               </TextLine>
               <TextLine ID="r2l83"
                         BASELINE="1754"
                         HEIGHT="39"
                         WIDTH="489"
                         VPOS="1715"
                         HPOS="179">
                  <String HEIGHT="39"
                          WIDTH="122"
                          VPOS="1715"
                          HPOS="162"
                          CONTENT="dos"/>
                  <SP HEIGHT="39" WIDTH="17" VPOS="1715" HPOS="284"/>
                  <String HEIGHT="39" WIDTH="87" VPOS="1715" HPOS="231" CONTENT="&amp;"/>
                  <SP HEIGHT="39" WIDTH="17" VPOS="1715" HPOS="319"/>
                  <String HEIGHT="39"
                          WIDTH="140"
                          VPOS="1715"
                          HPOS="266"
                          CONTENT="esse"/>
                  <SP HEIGHT="39" WIDTH="17" VPOS="1715" HPOS="406"/>
                  <String HEIGHT="39"
                          WIDTH="192"
                          VPOS="1715"
                          HPOS="354"
                          CONTENT="dicunt,"/>
                  <SP HEIGHT="39" WIDTH="17" VPOS="1715" HPOS="546"/>
                  <String HEIGHT="39" WIDTH="87" VPOS="1715" HPOS="493" CONTENT="&amp;"/>
                  <SP HEIGHT="39" WIDTH="17" VPOS="1715" HPOS="581"/>
                  <String HEIGHT="39"
                          WIDTH="157"
                          VPOS="1715"
                          HPOS="511"
                          CONTENT="quosdam"/>
               </TextLine>
               <TextLine ID="r2l86"
                         BASELINE="1800"
                         HEIGHT="36"
                         WIDTH="498"
                         VPOS="1764"
                         HPOS="175">
                  <String HEIGHT="36"
                          WIDTH="184"
                          VPOS="1764"
                          HPOS="157"
                          CONTENT="quidem"/>
                  <SP HEIGHT="36" WIDTH="18" VPOS="1764" HPOS="341"/>
                  <String HEIGHT="36"
                          WIDTH="184"
                          VPOS="1764"
                          HPOS="286"
                          CONTENT="fieri,"/>
                  <SP HEIGHT="36" WIDTH="18" VPOS="1764" HPOS="470"/>
                  <String HEIGHT="36"
                          WIDTH="203"
                          VPOS="1764"
                          HPOS="415"
                          CONTENT="quosdam"/>
                  <SP HEIGHT="36" WIDTH="18" VPOS="1764" HPOS="618"/>
                  <String HEIGHT="36"
                          WIDTH="129"
                          VPOS="1764"
                          HPOS="544"
                          CONTENT="autem"/>
               </TextLine>
               <TextLine ID="r2l88"
                         BASELINE="1851"
                         HEIGHT="54"
                         WIDTH="489"
                         VPOS="1797"
                         HPOS="179">
                  <String HEIGHT="54"
                          WIDTH="217"
                          VPOS="1797"
                          HPOS="161"
                          CONTENT="corrumpi"/>
                  <SP HEIGHT="54" WIDTH="18" VPOS="1797" HPOS="378"/>
                  <String HEIGHT="54"
                          WIDTH="199"
                          VPOS="1797"
                          HPOS="324"
                          CONTENT="mundos,"/>
                  <SP HEIGHT="54" WIDTH="18" VPOS="1797" HPOS="523"/>
                  <String HEIGHT="54"
                          WIDTH="181"
                          VPOS="1797"
                          HPOS="469"
                          CONTENT="semper"/>
                  <SP HEIGHT="54" WIDTH="18" VPOS="1797" HPOS="650"/>
                  <String HEIGHT="54" WIDTH="91" VPOS="1797" HPOS="577" CONTENT="di"/>
               </TextLine>
            </TextBlock>
            <TextBlock ID="TextRegion_1612877061560_477"
                       HEIGHT="1745"
                       WIDTH="521"
                       VPOS="134"
                       HPOS="682">
               <Shape>
                  <Polygon POINTS="682,134 1203,134 1203,1879 682,1879"/>
               </Shape>
               <TextLine ID="r2l3"
                         BASELINE="224"
                         HEIGHT="52"
                         WIDTH="502"
                         VPOS="172"
                         HPOS="689">
                  <String HEIGHT="52"
                          WIDTH="143"
                          VPOS="172"
                          HPOS="671"
                          CONTENT="cunt"/>
                  <SP HEIGHT="52" WIDTH="18" VPOS="172" HPOS="815"/>
                  <String HEIGHT="52"
                          WIDTH="143"
                          VPOS="172"
                          HPOS="761"
                          CONTENT="esse"/>
                  <SP HEIGHT="52" WIDTH="18" VPOS="172" HPOS="904"/>
                  <String HEIGHT="52"
                          WIDTH="179"
                          VPOS="172"
                          HPOS="850"
                          CONTENT="motum."/>
                  <SP HEIGHT="52" WIDTH="18" VPOS="172" HPOS="1030"/>
                  <String HEIGHT="52"
                          WIDTH="233"
                          VPOS="172"
                          HPOS="958"
                          CONTENT="necessarium"/>
               </TextLine>
               <TextLine ID="r2l6"
                         BASELINE="274"
                         HEIGHT="53"
                         WIDTH="500"
                         VPOS="221"
                         HPOS="687">
                  <String HEIGHT="53"
                          WIDTH="133"
                          VPOS="221"
                          HPOS="670"
                          CONTENT="enim"/>
                  <SP HEIGHT="53" WIDTH="17" VPOS="221" HPOS="804"/>
                  <String HEIGHT="53" WIDTH="117" VPOS="221" HPOS="754" CONTENT="est"/>
                  <SP HEIGHT="53" WIDTH="17" VPOS="221" HPOS="870"/>
                  <String HEIGHT="53"
                          WIDTH="283"
                          VPOS="221"
                          HPOS="820"
                          CONTENT="generationes,"/>
                  <SP HEIGHT="53" WIDTH="17" VPOS="221" HPOS="1104"/>
                  <String HEIGHT="53" WIDTH="83" VPOS="221" HPOS="1054" CONTENT="&amp;"/>
                  <SP HEIGHT="53" WIDTH="17" VPOS="221" HPOS="1137"/>
                  <String HEIGHT="53"
                          WIDTH="117"
                          VPOS="221"
                          HPOS="1070"
                          CONTENT="corru"/>
               </TextLine>
               <TextLine ID="r2l8"
                         BASELINE="311"
                         HEIGHT="43"
                         WIDTH="506"
                         VPOS="268"
                         HPOS="686">
                  <String HEIGHT="43"
                          WIDTH="199"
                          VPOS="268"
                          HPOS="668"
                          CONTENT="ptiones"/>
                  <SP HEIGHT="43" WIDTH="18" VPOS="268" HPOS="867"/>
                  <String HEIGHT="43"
                          WIDTH="199"
                          VPOS="268"
                          HPOS="813"
                          CONTENT="ipsorum"/>
                  <SP HEIGHT="43" WIDTH="18" VPOS="268" HPOS="1011"/>
                  <String HEIGHT="43"
                          WIDTH="145"
                          VPOS="268"
                          HPOS="957"
                          CONTENT="esse"/>
                  <SP HEIGHT="43" WIDTH="18" VPOS="268" HPOS="1102"/>
                  <String HEIGHT="43"
                          WIDTH="127"
                          VPOS="268"
                          HPOS="1047"
                          CONTENT="cum"/>
                  <SP HEIGHT="43" WIDTH="18" VPOS="268" HPOS="1174"/>
                  <String HEIGHT="43"
                          WIDTH="90"
                          VPOS="268"
                          HPOS="1102"
                          CONTENT="mo"
                          SUBS_TYPE="HypPart1"
                          SUBS_CONTENT="motu."/>
                  <HYP CONTENT="-"/>
               </TextLine>
               <TextLine ID="r2l10"
                         BASELINE="352"
                         HEIGHT="51"
                         WIDTH="494"
                         VPOS="301"
                         HPOS="693">
                  <String HEIGHT="51"
                          WIDTH="138"
                          VPOS="301"
                          HPOS="673"
                          CONTENT="tu."
                          SUBS_TYPE="HypPart2"
                          SUBS_CONTENT="motu."/>
                  <SP HEIGHT="51" WIDTH="20" VPOS="301" HPOS="812"/>
                  <String HEIGHT="51"
                          WIDTH="257"
                          VPOS="301"
                          HPOS="752"
                          CONTENT="Quicunque"/>
                  <SP HEIGHT="51" WIDTH="20" VPOS="301" HPOS="1009"/>
                  <String HEIGHT="51"
                          WIDTH="178"
                          VPOS="301"
                          HPOS="950"
                          CONTENT="autem"/>
                  <SP HEIGHT="51" WIDTH="20" VPOS="301" HPOS="1128"/>
                  <String HEIGHT="51"
                          WIDTH="138"
                          VPOS="301"
                          HPOS="1049"
                          CONTENT="vnum,"/>
               </TextLine>
               <TextLine ID="r2l12"
                         BASELINE="386"
                         HEIGHT="38"
                         WIDTH="508"
                         VPOS="348"
                         HPOS="693">
                  <String HEIGHT="38" WIDTH="105" VPOS="348" HPOS="678" CONTENT="aut"/>
                  <SP HEIGHT="38" WIDTH="15" VPOS="348" HPOS="783"/>
                  <String HEIGHT="38" WIDTH="105" VPOS="348" HPOS="738" CONTENT="non"/>
                  <SP HEIGHT="38" WIDTH="15" VPOS="348" HPOS="842"/>
                  <String HEIGHT="38"
                          WIDTH="120"
                          VPOS="348"
                          HPOS="798"
                          CONTENT="esse"/>
                  <SP HEIGHT="38" WIDTH="15" VPOS="348" HPOS="917"/>
                  <String HEIGHT="38"
                          WIDTH="164"
                          VPOS="348"
                          HPOS="872"
                          CONTENT="semper,"/>
                  <SP HEIGHT="38" WIDTH="15" VPOS="348" HPOS="1037"/>
                  <String HEIGHT="38"
                          WIDTH="134"
                          VPOS="348"
                          HPOS="992"
                          CONTENT="etiam"/>
                  <SP HEIGHT="38" WIDTH="15" VPOS="348" HPOS="1126"/>
                  <String HEIGHT="38" WIDTH="90" VPOS="348" HPOS="1081" CONTENT="de"/>
                  <SP HEIGHT="38" WIDTH="15" VPOS="348" HPOS="1171"/>
                  <String HEIGHT="38"
                          WIDTH="90"
                          VPOS="348"
                          HPOS="1111"
                          CONTENT="motu"/>
               </TextLine>
               <TextLine ID="r2l13"
                         BASELINE="426"
                         HEIGHT="43"
                         WIDTH="418"
                         VPOS="383"
                         HPOS="693">
                  <String HEIGHT="43"
                          WIDTH="194"
                          VPOS="383"
                          HPOS="678"
                          CONTENT="supponunt"/>
                  <SP HEIGHT="43" WIDTH="15" VPOS="383" HPOS="872"/>
                  <String HEIGHT="43"
                          WIDTH="179"
                          VPOS="383"
                          HPOS="827"
                          CONTENT="secundum"/>
                  <SP HEIGHT="43" WIDTH="15" VPOS="383" HPOS="1007"/>
                  <String HEIGHT="43"
                          WIDTH="164"
                          VPOS="383"
                          HPOS="947"
                          CONTENT="rationem."/>
               </TextLine>
               <TextLine ID="r2l16"
                         BASELINE="482"
                         HEIGHT="61"
                         WIDTH="462"
                         VPOS="421"
                         HPOS="734">
                  <String HEIGHT="61"
                          WIDTH="160"
                          VPOS="421"
                          HPOS="716"
                          CONTENT="Vtrum"/>
                  <SP HEIGHT="61" WIDTH="18" VPOS="421" HPOS="876"/>
                  <String HEIGHT="61"
                          WIDTH="160"
                          VPOS="421"
                          HPOS="823"
                          CONTENT="autem"/>
                  <SP HEIGHT="61" WIDTH="18" VPOS="421" HPOS="983"/>
                  <String HEIGHT="61"
                          WIDTH="160"
                          VPOS="421"
                          HPOS="929"
                          CONTENT="motus"/>
                  <SP HEIGHT="61" WIDTH="18" VPOS="421" HPOS="1089"/>
                  <String HEIGHT="61"
                          WIDTH="178"
                          VPOS="421"
                          HPOS="1018"
                          CONTENT="aliquan"
                          SUBS_TYPE="HypPart1"
                          SUBS_CONTENT="aliquando"/>
                  <HYP CONTENT="-"/>
               </TextLine>
               <TextLine ID="r2l18"
                         BASELINE="530"
                         HEIGHT="52"
                         WIDTH="503"
                         VPOS="478"
                         HPOS="690">
                  <String HEIGHT="52"
                          WIDTH="101"
                          VPOS="478"
                          HPOS="673"
                          CONTENT="do"
                          SUBS_TYPE="HypPart2"
                          SUBS_CONTENT="aliquando"/>
                  <SP HEIGHT="52" WIDTH="17" VPOS="478" HPOS="774"/>
                  <String HEIGHT="52"
                          WIDTH="151"
                          VPOS="478"
                          HPOS="724"
                          CONTENT="fuit,"/>
                  <SP HEIGHT="52" WIDTH="17" VPOS="478" HPOS="874"/>
                  <String HEIGHT="52" WIDTH="84" VPOS="478" HPOS="824" CONTENT="&amp;"/>
                  <SP HEIGHT="52" WIDTH="17" VPOS="478" HPOS="908"/>
                  <String HEIGHT="52" WIDTH="117" VPOS="478" HPOS="858" CONTENT="non"/>
                  <SP HEIGHT="52" WIDTH="17" VPOS="478" HPOS="975"/>
                  <String HEIGHT="52"
                          WIDTH="151"
                          VPOS="478"
                          HPOS="925"
                          CONTENT="fuit,"/>
                  <SP HEIGHT="52" WIDTH="17" VPOS="478" HPOS="1076"/>
                  <String HEIGHT="52" WIDTH="84" VPOS="478" HPOS="1025" CONTENT="&amp;"/>
                  <SP HEIGHT="52" WIDTH="17" VPOS="478" HPOS="1109"/>
                  <String HEIGHT="52"
                          WIDTH="151"
                          VPOS="478"
                          HPOS="1042"
                          CONTENT="corrum"
                          SUBS_TYPE="HypPart1"
                          SUBS_CONTENT="corrumpetur"/>
                  <HYP CONTENT="-"/>
               </TextLine>
               <TextLine ID="r2l22"
                         BASELINE="578"
                         HEIGHT="61"
                         WIDTH="504"
                         VPOS="517"
                         HPOS="689">
                  <String HEIGHT="61"
                          WIDTH="133"
                          VPOS="517"
                          HPOS="674"
                          CONTENT="petur"
                          SUBS_TYPE="HypPart2"
                          SUBS_CONTENT="corrumpetur"/>
                  <SP HEIGHT="61" WIDTH="15" VPOS="517" HPOS="808"/>
                  <String HEIGHT="61" WIDTH="89" VPOS="517" HPOS="763" CONTENT="in"/>
                  <SP HEIGHT="61" WIDTH="15" VPOS="517" HPOS="852"/>
                  <String HEIGHT="61"
                          WIDTH="237"
                          VPOS="517"
                          HPOS="808"
                          CONTENT="corruptione,"/>
                  <SP HEIGHT="61" WIDTH="15" VPOS="517" HPOS="1045"/>
                  <String HEIGHT="61" WIDTH="89" VPOS="517" HPOS="1000" CONTENT="in"/>
                  <SP HEIGHT="61" WIDTH="15" VPOS="517" HPOS="1089"/>
                  <String HEIGHT="61"
                          WIDTH="104"
                          VPOS="517"
                          HPOS="1045"
                          CONTENT="qua"/>
                  <SP HEIGHT="61" WIDTH="15" VPOS="517" HPOS="1149"/>
                  <String HEIGHT="61"
                          WIDTH="104"
                          VPOS="517"
                          HPOS="1089"
                          CONTENT="nihil"/>
               </TextLine>
               <TextLine ID="r2l24"
                         BASELINE="611"
                         HEIGHT="48"
                         WIDTH="499"
                         VPOS="563"
                         HPOS="692">
                  <String HEIGHT="48"
                          WIDTH="209"
                          VPOS="563"
                          HPOS="676"
                          CONTENT="mouebitur"/>
                  <SP HEIGHT="48" WIDTH="16" VPOS="563" HPOS="885"/>
                  <String HEIGHT="48"
                          WIDTH="177"
                          VPOS="563"
                          HPOS="837"
                          CONTENT="omnino."/>
                  <SP HEIGHT="48" WIDTH="16" VPOS="563" HPOS="1014"/>
                  <String HEIGHT="48" WIDTH="113" VPOS="563" HPOS="966" CONTENT="aut"/>
                  <SP HEIGHT="48" WIDTH="16" VPOS="563" HPOS="1078"/>
                  <String HEIGHT="48"
                          WIDTH="145"
                          VPOS="563"
                          HPOS="1030"
                          CONTENT="motus"/>
                  <SP HEIGHT="48" WIDTH="16" VPOS="563" HPOS="1175"/>
                  <String HEIGHT="48" WIDTH="80" VPOS="563" HPOS="1111" CONTENT="nec"/>
               </TextLine>
               <TextLine ID="r2l27"
                         BASELINE="673"
                         HEIGHT="60"
                         WIDTH="500"
                         VPOS="613"
                         HPOS="693">
                  <String HEIGHT="60"
                          WIDTH="129"
                          VPOS="613"
                          HPOS="677"
                          CONTENT="fuit"/>
                  <SP HEIGHT="60" WIDTH="16" VPOS="613" HPOS="806"/>
                  <String HEIGHT="60"
                          WIDTH="226"
                          VPOS="613"
                          HPOS="758"
                          CONTENT="generatus,"/>
                  <SP HEIGHT="60" WIDTH="16" VPOS="613" HPOS="983"/>
                  <String HEIGHT="60"
                          WIDTH="145"
                          VPOS="613"
                          HPOS="935"
                          CONTENT="neque"/>
                  <SP HEIGHT="60" WIDTH="16" VPOS="613" HPOS="1080"/>
                  <String HEIGHT="60"
                          WIDTH="177"
                          VPOS="613"
                          HPOS="1016"
                          CONTENT="corrumpe"
                          SUBS_TYPE="HypPart1"
                          SUBS_CONTENT="corrumpetur,"/>
                  <HYP CONTENT="-"/>
               </TextLine>
               <TextLine ID="r2l29"
                         BASELINE="715"
                         HEIGHT="58"
                         WIDTH="502"
                         VPOS="657"
                         HPOS="693">
                  <String HEIGHT="58"
                          WIDTH="130"
                          VPOS="657"
                          HPOS="677"
                          CONTENT="tur,"
                          SUBS_TYPE="HypPart2"
                          SUBS_CONTENT="corrumpetur,"/>
                  <SP HEIGHT="58" WIDTH="16" VPOS="657" HPOS="806"/>
                  <String HEIGHT="58" WIDTH="113" VPOS="657" HPOS="758" CONTENT="sed"/>
                  <SP HEIGHT="58" WIDTH="16" VPOS="657" HPOS="871"/>
                  <String HEIGHT="58"
                          WIDTH="162"
                          VPOS="657"
                          HPOS="823"
                          CONTENT="semper"/>
                  <SP HEIGHT="58" WIDTH="16" VPOS="657" HPOS="984"/>
                  <String HEIGHT="58"
                          WIDTH="146"
                          VPOS="657"
                          HPOS="936"
                          CONTENT="fuit,"/>
                  <SP HEIGHT="58" WIDTH="16" VPOS="657" HPOS="1082"/>
                  <String HEIGHT="58" WIDTH="81" VPOS="657" HPOS="1033" CONTENT="&amp;"/>
                  <SP HEIGHT="58" WIDTH="16" VPOS="657" HPOS="1114"/>
                  <String HEIGHT="58"
                          WIDTH="162"
                          VPOS="657"
                          HPOS="1065"
                          CONTENT="semper"/>
                  <SP HEIGHT="58" WIDTH="16" VPOS="657" HPOS="1227"/>
                  <String HEIGHT="58" WIDTH="32" VPOS="657" HPOS="1163" CONTENT=""/>
               </TextLine>
               <TextLine ID="r2l32"
                         BASELINE="757"
                         HEIGHT="57"
                         WIDTH="498"
                         VPOS="700"
                         HPOS="693">
                  <String HEIGHT="57"
                          WIDTH="140"
                          VPOS="700"
                          HPOS="677"
                          CONTENT="erit,"/>
                  <SP HEIGHT="57" WIDTH="16" VPOS="700" HPOS="818"/>
                  <String HEIGHT="57" WIDTH="78" VPOS="700" HPOS="771" CONTENT="&amp;"/>
                  <SP HEIGHT="57" WIDTH="16" VPOS="700" HPOS="849"/>
                  <String HEIGHT="57" WIDTH="109" VPOS="700" HPOS="802" CONTENT="hoc"/>
                  <SP HEIGHT="57" WIDTH="16" VPOS="700" HPOS="911"/>
                  <String HEIGHT="57" WIDTH="109" VPOS="700" HPOS="864" CONTENT="non"/>
                  <SP HEIGHT="57" WIDTH="16" VPOS="700" HPOS="973"/>
                  <String HEIGHT="57"
                          WIDTH="140"
                          VPOS="700"
                          HPOS="926"
                          CONTENT="habet"/>
                  <SP HEIGHT="57" WIDTH="16" VPOS="700" HPOS="1067"/>
                  <String HEIGHT="57"
                          WIDTH="187"
                          VPOS="700"
                          HPOS="1004"
                          CONTENT="corruptio"
                          SUBS_TYPE="HypPart1"
                          SUBS_CONTENT="corruptionem,"/>
                  <HYP CONTENT="-"/>
               </TextLine>
               <TextLine ID="line_1612877057267_475"
                         BASELINE="811"
                         HEIGHT="63"
                         WIDTH="517"
                         VPOS="748"
                         HPOS="691">
                  <String HEIGHT="63"
                          WIDTH="118"
                          VPOS="748"
                          HPOS="676"
                          CONTENT="nem,"
                          SUBS_TYPE="HypPart2"
                          SUBS_CONTENT="corruptionem,"/>
                  <SP HEIGHT="63" WIDTH="15" VPOS="748" HPOS="794"/>
                  <String HEIGHT="63" WIDTH="103" VPOS="748" HPOS="750" CONTENT="nec"/>
                  <SP HEIGHT="63" WIDTH="15" VPOS="748" HPOS="853"/>
                  <String HEIGHT="63"
                          WIDTH="133"
                          VPOS="748"
                          HPOS="809"
                          CONTENT="fugit"/>
                  <SP HEIGHT="63" WIDTH="15" VPOS="748" HPOS="942"/>
                  <String HEIGHT="63" WIDTH="89" VPOS="748" HPOS="898" CONTENT="ab"/>
                  <SP HEIGHT="63" WIDTH="15" VPOS="748" HPOS="986"/>
                  <String HEIGHT="63"
                          WIDTH="177"
                          VPOS="748"
                          HPOS="942"
                          CONTENT="entibus,"/>
                  <SP HEIGHT="63" WIDTH="15" VPOS="748" HPOS="1119"/>
                  <String HEIGHT="63"
                          WIDTH="103"
                          VPOS="748"
                          HPOS="1075"
                          CONTENT="sed"/>
                  <SP HEIGHT="63" WIDTH="15" VPOS="748" HPOS="1178"/>
                  <String HEIGHT="63"
                          WIDTH="89"
                          VPOS="748"
                          HPOS="1119"
                          CONTENT="est,"/>
               </TextLine>
               <TextLine ID="r2l36"
                         BASELINE="861"
                         HEIGHT="64"
                         WIDTH="486"
                         VPOS="797"
                         HPOS="701">
                  <String HEIGHT="64"
                          WIDTH="137"
                          VPOS="797"
                          HPOS="686"
                          CONTENT="quasi"/>
                  <SP HEIGHT="64" WIDTH="15" VPOS="797" HPOS="823"/>
                  <String HEIGHT="64"
                          WIDTH="122"
                          VPOS="797"
                          HPOS="777"
                          CONTENT="vita"/>
                  <SP HEIGHT="64" WIDTH="15" VPOS="797" HPOS="898"/>
                  <String HEIGHT="64"
                          WIDTH="182"
                          VPOS="797"
                          HPOS="853"
                          CONTENT="omnibus,"/>
                  <SP HEIGHT="64" WIDTH="15" VPOS="797" HPOS="1035"/>
                  <String HEIGHT="64"
                          WIDTH="122"
                          VPOS="797"
                          HPOS="990"
                          CONTENT="quae"/>
                  <SP HEIGHT="64" WIDTH="15" VPOS="797" HPOS="1111"/>
                  <String HEIGHT="64"
                          WIDTH="137"
                          VPOS="797"
                          HPOS="1050"
                          CONTENT="consti"
                          SUBS_TYPE="HypPart1"
                          SUBS_CONTENT="constituuntur"/>
                  <HYP CONTENT="-"/>
               </TextLine>
               <TextLine ID="r2l38"
                         BASELINE="898"
                         HEIGHT="46"
                         WIDTH="495"
                         VPOS="852"
                         HPOS="698">
                  <String HEIGHT="46"
                          WIDTH="176"
                          VPOS="852"
                          HPOS="682"
                          CONTENT="tuuntur"
                          SUBS_TYPE="HypPart2"
                          SUBS_CONTENT="constituuntur"/>
                  <SP HEIGHT="46" WIDTH="16" VPOS="852" HPOS="858"/>
                  <String HEIGHT="46" WIDTH="112" VPOS="852" HPOS="810" CONTENT="per"/>
                  <SP HEIGHT="46" WIDTH="16" VPOS="852" HPOS="922"/>
                  <String HEIGHT="46"
                          WIDTH="192"
                          VPOS="852"
                          HPOS="874"
                          CONTENT="naturam."/>
                  <SP HEIGHT="46" WIDTH="16" VPOS="852" HPOS="1065"/>
                  <String HEIGHT="46"
                          WIDTH="144"
                          VPOS="852"
                          HPOS="1017"
                          CONTENT="Omnis"/>
                  <SP HEIGHT="46" WIDTH="16" VPOS="852" HPOS="1161"/>
                  <String HEIGHT="46"
                          WIDTH="96"
                          VPOS="852"
                          HPOS="1097"
                          CONTENT="enim"/>
               </TextLine>
               <TextLine ID="r2l40"
                         BASELINE="947"
                         HEIGHT="60"
                         WIDTH="499"
                         VPOS="887"
                         HPOS="694">
                  <String HEIGHT="60" WIDTH="103" VPOS="887" HPOS="679" CONTENT="qui"/>
                  <SP HEIGHT="60" WIDTH="15" VPOS="887" HPOS="782"/>
                  <String HEIGHT="60"
                          WIDTH="161"
                          VPOS="887"
                          HPOS="738"
                          CONTENT="aliquid"/>
                  <SP HEIGHT="60" WIDTH="15" VPOS="887" HPOS="899"/>
                  <String HEIGHT="60"
                          WIDTH="132"
                          VPOS="887"
                          HPOS="855"
                          CONTENT="dixit"/>
                  <SP HEIGHT="60" WIDTH="15" VPOS="887" HPOS="988"/>
                  <String HEIGHT="60" WIDTH="88" VPOS="887" HPOS="944" CONTENT="de"/>
                  <SP HEIGHT="60" WIDTH="15" VPOS="887" HPOS="1032"/>
                  <String HEIGHT="60"
                          WIDTH="161"
                          VPOS="887"
                          HPOS="988"
                          CONTENT="natura,"/>
                  <SP HEIGHT="60" WIDTH="15" VPOS="887" HPOS="1149"/>
                  <String HEIGHT="60"
                          WIDTH="103"
                          VPOS="887"
                          HPOS="1090"
                          CONTENT="dixit"/>
               </TextLine>
               <TextLine ID="r2l43"
                         BASELINE="996"
                         HEIGHT="63"
                         WIDTH="500"
                         VPOS="933"
                         HPOS="697">
                  <String HEIGHT="63"
                          WIDTH="141"
                          VPOS="933"
                          HPOS="681"
                          CONTENT="motum"/>
                  <SP HEIGHT="63" WIDTH="16" VPOS="933" HPOS="822"/>
                  <String HEIGHT="63"
                          WIDTH="141"
                          VPOS="933"
                          HPOS="775"
                          CONTENT="esse."/>
                  <SP HEIGHT="63" WIDTH="16" VPOS="933" HPOS="916"/>
                  <String HEIGHT="63" WIDTH="109" VPOS="933" HPOS="869" CONTENT="non"/>
                  <SP HEIGHT="63" WIDTH="16" VPOS="933" HPOS="978"/>
                  <String HEIGHT="63"
                          WIDTH="125"
                          VPOS="933"
                          HPOS="931"
                          CONTENT="enim"/>
                  <SP HEIGHT="63" WIDTH="16" VPOS="933" HPOS="1056"/>
                  <String HEIGHT="63"
                          WIDTH="172"
                          VPOS="933"
                          HPOS="1010"
                          CONTENT="possunt"/>
                  <SP HEIGHT="63" WIDTH="16" VPOS="933" HPOS="1181"/>
                  <String HEIGHT="63"
                          WIDTH="78"
                          VPOS="933"
                          HPOS="1119"
                          CONTENT="lo"
                          SUBS_TYPE="HypPart1"
                          SUBS_CONTENT="loqui"/>
                  <HYP CONTENT="-"/>
               </TextLine>
               <TextLine ID="r2l46"
                         BASELINE="1037"
                         HEIGHT="56"
                         WIDTH="498"
                         VPOS="981"
                         HPOS="700">
                  <String HEIGHT="56"
                          WIDTH="112"
                          VPOS="981"
                          HPOS="684"
                          CONTENT="qui"
                          SUBS_TYPE="HypPart2"
                          SUBS_CONTENT="loqui"/>
                  <SP HEIGHT="56" WIDTH="16" VPOS="981" HPOS="796"/>
                  <String HEIGHT="56" WIDTH="96" VPOS="981" HPOS="748" CONTENT="de"/>
                  <SP HEIGHT="56" WIDTH="16" VPOS="981" HPOS="845"/>
                  <String HEIGHT="56"
                          WIDTH="177"
                          VPOS="981"
                          HPOS="796"
                          CONTENT="factura"/>
                  <SP HEIGHT="56" WIDTH="16" VPOS="981" HPOS="973"/>
                  <String HEIGHT="56"
                          WIDTH="161"
                          VPOS="981"
                          HPOS="925"
                          CONTENT="mundi,"/>
                  <SP HEIGHT="56" WIDTH="16" VPOS="981" HPOS="1086"/>
                  <String HEIGHT="56" WIDTH="80" VPOS="981" HPOS="1037" CONTENT="&amp;"/>
                  <SP HEIGHT="56" WIDTH="16" VPOS="981" HPOS="1118"/>
                  <String HEIGHT="56"
                          WIDTH="145"
                          VPOS="981"
                          HPOS="1053"
                          CONTENT="consyde"/>
               </TextLine>
               <TextLine ID="r2l48"
                         BASELINE="1089"
                         HEIGHT="61"
                         WIDTH="503"
                         VPOS="1028"
                         HPOS="698">
                  <String HEIGHT="61"
                          WIDTH="126"
                          VPOS="1028"
                          HPOS="682"
                          CONTENT="rare"/>
                  <SP HEIGHT="61" WIDTH="16" VPOS="1028" HPOS="808"/>
                  <String HEIGHT="61" WIDTH="94" VPOS="1028" HPOS="761" CONTENT="in"/>
                  <SP HEIGHT="61" WIDTH="16" VPOS="1028" HPOS="855"/>
                  <String HEIGHT="61"
                          WIDTH="110"
                          VPOS="1028"
                          HPOS="808"
                          CONTENT="eo,"/>
                  <SP HEIGHT="61" WIDTH="16" VPOS="1028" HPOS="918"/>
                  <String HEIGHT="61"
                          WIDTH="189"
                          VPOS="1028"
                          HPOS="871"
                          CONTENT="secundum"/>
                  <SP HEIGHT="61" WIDTH="16" VPOS="1028" HPOS="1060"/>
                  <String HEIGHT="61"
                          WIDTH="126"
                          VPOS="1028"
                          HPOS="1012"
                          CONTENT="quod"/>
                  <SP HEIGHT="61" WIDTH="16" VPOS="1028" HPOS="1138"/>
                  <String HEIGHT="61"
                          WIDTH="126"
                          VPOS="1028"
                          HPOS="1075"
                          CONTENT="currit"/>
               </TextLine>
               <TextLine ID="r2l53"
                         BASELINE="1131"
                         HEIGHT="54"
                         WIDTH="500"
                         VPOS="1077"
                         HPOS="700">
                  <String HEIGHT="54"
                          WIDTH="219"
                          VPOS="1077"
                          HPOS="684"
                          CONTENT="generatio,"/>
                  <SP HEIGHT="54" WIDTH="16" VPOS="1077" HPOS="903"/>
                  <String HEIGHT="54" WIDTH="78" VPOS="1077" HPOS="856" CONTENT="&amp;"/>
                  <SP HEIGHT="54" WIDTH="16" VPOS="1077" HPOS="934"/>
                  <String HEIGHT="54"
                          WIDTH="219"
                          VPOS="1077"
                          HPOS="888"
                          CONTENT="corruptio,"/>
                  <SP HEIGHT="54" WIDTH="16" VPOS="1077" HPOS="1106"/>
                  <String HEIGHT="54" WIDTH="94" VPOS="1077" HPOS="1059" CONTENT="si"/>
                  <SP HEIGHT="54" WIDTH="16" VPOS="1077" HPOS="1153"/>
                  <String HEIGHT="54"
                          WIDTH="109"
                          VPOS="1077"
                          HPOS="1091"
                          CONTENT="motus"/>
               </TextLine>
               <TextLine ID="r2l56"
                         BASELINE="1179"
                         HEIGHT="63"
                         WIDTH="493"
                         VPOS="1116"
                         HPOS="699">
                  <String HEIGHT="63"
                          WIDTH="108"
                          VPOS="1116"
                          HPOS="684"
                          CONTENT="non"/>
                  <SP HEIGHT="63" WIDTH="15" VPOS="1116" HPOS="791"/>
                  <String HEIGHT="63"
                          WIDTH="123"
                          VPOS="1116"
                          HPOS="745"
                          CONTENT="sit."/>
                  <SP HEIGHT="63" WIDTH="15" VPOS="1116" HPOS="868"/>
                  <String HEIGHT="63"
                          WIDTH="108"
                          VPOS="1116"
                          HPOS="822"
                          CONTENT="Sed"/>
                  <SP HEIGHT="63" WIDTH="15" VPOS="1116" HPOS="930"/>
                  <String HEIGHT="63"
                          WIDTH="185"
                          VPOS="1116"
                          HPOS="884"
                          CONTENT="dicentes"/>
                  <SP HEIGHT="63" WIDTH="15" VPOS="1116" HPOS="1069"/>
                  <String HEIGHT="63"
                          WIDTH="154"
                          VPOS="1116"
                          HPOS="1023"
                          CONTENT="plures"/>
                  <SP HEIGHT="63" WIDTH="15" VPOS="1116" HPOS="1177"/>
                  <String HEIGHT="63"
                          WIDTH="77"
                          VPOS="1116"
                          HPOS="1115"
                          CONTENT="mun"/>
               </TextLine>
               <TextLine ID="r2l58"
                         BASELINE="1227"
                         HEIGHT="63"
                         WIDTH="492"
                         VPOS="1164"
                         HPOS="702">
                  <String HEIGHT="63"
                          WIDTH="104"
                          VPOS="1164"
                          HPOS="687"
                          CONTENT="dos"/>
                  <SP HEIGHT="63" WIDTH="15" VPOS="1164" HPOS="791"/>
                  <String HEIGHT="63"
                          WIDTH="194"
                          VPOS="1164"
                          HPOS="747"
                          CONTENT="infinitos"/>
                  <SP HEIGHT="63" WIDTH="15" VPOS="1164" HPOS="941"/>
                  <String HEIGHT="63"
                          WIDTH="134"
                          VPOS="1164"
                          HPOS="896"
                          CONTENT="esse,"/>
                  <SP HEIGHT="63" WIDTH="15" VPOS="1164" HPOS="1030"/>
                  <String HEIGHT="63"
                          WIDTH="149"
                          VPOS="1164"
                          HPOS="985"
                          CONTENT="quorum"/>
                  <SP HEIGHT="63" WIDTH="15" VPOS="1164" HPOS="1134"/>
                  <String HEIGHT="63"
                          WIDTH="119"
                          VPOS="1164"
                          HPOS="1075"
                          CONTENT="quidam"/>
               </TextLine>
               <TextLine ID="r2l60"
                         BASELINE="1274"
                         HEIGHT="61"
                         WIDTH="505"
                         VPOS="1213"
                         HPOS="696">
                  <String HEIGHT="61"
                          WIDTH="253"
                          VPOS="1213"
                          HPOS="678"
                          CONTENT="generatur,"/>
                  <SP HEIGHT="61" WIDTH="18" VPOS="1213" HPOS="930"/>
                  <String HEIGHT="61" WIDTH="90" VPOS="1213" HPOS="876" CONTENT="&amp;"/>
                  <SP HEIGHT="61" WIDTH="18" VPOS="1213" HPOS="967"/>
                  <String HEIGHT="61"
                          WIDTH="180"
                          VPOS="1213"
                          HPOS="912"
                          CONTENT="quidam"/>
                  <SP HEIGHT="61" WIDTH="18" VPOS="1213" HPOS="1093"/>
                  <String HEIGHT="61"
                          WIDTH="180"
                          VPOS="1213"
                          HPOS="1021"
                          CONTENT="corrumpi"/>
               </TextLine>
               <TextLine ID="r2l63"
                         BASELINE="1306"
                         HEIGHT="46"
                         WIDTH="496"
                         VPOS="1260"
                         HPOS="699">
                  <String HEIGHT="46"
                          WIDTH="124"
                          VPOS="1260"
                          HPOS="684"
                          CONTENT="tur,"/>
                  <SP HEIGHT="46" WIDTH="16" VPOS="1260" HPOS="808"/>
                  <String HEIGHT="46"
                          WIDTH="155"
                          VPOS="1260"
                          HPOS="761"
                          CONTENT="dicunt"/>
                  <SP HEIGHT="46" WIDTH="16" VPOS="1260" HPOS="916"/>
                  <String HEIGHT="46"
                          WIDTH="140"
                          VPOS="1260"
                          HPOS="870"
                          CONTENT="motum"/>
                  <SP HEIGHT="46" WIDTH="16" VPOS="1260" HPOS="1009"/>
                  <String HEIGHT="46"
                          WIDTH="186"
                          VPOS="1260"
                          HPOS="963"
                          CONTENT="aeternum"/>
                  <SP HEIGHT="46" WIDTH="16" VPOS="1260" HPOS="1149"/>
                  <String HEIGHT="46"
                          WIDTH="109"
                          VPOS="1260"
                          HPOS="1087"
                          CONTENT="esse."/>
               </TextLine>
               <TextLine ID="r2l65"
                         BASELINE="1362"
                         HEIGHT="46"
                         WIDTH="496"
                         VPOS="1316"
                         HPOS="698">
                  <String HEIGHT="46"
                          WIDTH="144"
                          VPOS="1316"
                          HPOS="682"
                          CONTENT="modos"/>
                  <SP HEIGHT="46" WIDTH="16" VPOS="1316" HPOS="826"/>
                  <String HEIGHT="46"
                          WIDTH="128"
                          VPOS="1316"
                          HPOS="778"
                          CONTENT="enim"/>
                  <SP HEIGHT="46" WIDTH="16" VPOS="1316" HPOS="906"/>
                  <String HEIGHT="46"
                          WIDTH="272"
                          VPOS="1316"
                          HPOS="858"
                          CONTENT="generationis,"/>
                  <SP HEIGHT="46" WIDTH="16" VPOS="1316" HPOS="1130"/>
                  <String HEIGHT="46" WIDTH="80" VPOS="1316" HPOS="1082" CONTENT="&amp;"/>
                  <SP HEIGHT="46" WIDTH="16" VPOS="1316" HPOS="1162"/>
                  <String HEIGHT="46"
                          WIDTH="96"
                          VPOS="1316"
                          HPOS="1098"
                          CONTENT="cor"
                          SUBS_TYPE="HypPart1"
                          SUBS_CONTENT="corruptionis"/>
                  <HYP CONTENT="-"/>
               </TextLine>
               <TextLine ID="r2l67"
                         BASELINE="1410"
                         HEIGHT="61"
                         WIDTH="494"
                         VPOS="1349"
                         HPOS="699">
                  <String HEIGHT="61"
                          WIDTH="195"
                          VPOS="1349"
                          HPOS="684"
                          CONTENT="ruptionis"
                          SUBS_TYPE="HypPart2"
                          SUBS_CONTENT="corruptionis"/>
                  <SP HEIGHT="61" WIDTH="15" VPOS="1349" HPOS="879"/>
                  <String HEIGHT="61"
                          WIDTH="105"
                          VPOS="1349"
                          HPOS="834"
                          CONTENT="cum"/>
                  <SP HEIGHT="61" WIDTH="15" VPOS="1349" HPOS="939"/>
                  <String HEIGHT="61"
                          WIDTH="165"
                          VPOS="1349"
                          HPOS="894"
                          CONTENT="motibus"/>
                  <SP HEIGHT="61" WIDTH="15" VPOS="1349" HPOS="1058"/>
                  <String HEIGHT="61"
                          WIDTH="120"
                          VPOS="1349"
                          HPOS="1013"
                          CONTENT="esse"/>
                  <SP HEIGHT="61" WIDTH="15" VPOS="1349" HPOS="1133"/>
                  <String HEIGHT="61"
                          WIDTH="120"
                          VPOS="1349"
                          HPOS="1073"
                          CONTENT="neces"
                          SUBS_TYPE="HypPart1"
                          SUBS_CONTENT="necesse"/>
                  <HYP CONTENT="-"/>
               </TextLine>
               <TextLine ID="r2l69"
                         BASELINE="1458"
                         HEIGHT="61"
                         WIDTH="496"
                         VPOS="1397"
                         HPOS="699">
                  <String HEIGHT="61"
                          WIDTH="96"
                          VPOS="1397"
                          HPOS="683"
                          CONTENT="se"
                          SUBS_TYPE="HypPart2"
                          SUBS_CONTENT="necesse"/>
                  <SP HEIGHT="61" WIDTH="16" VPOS="1397" HPOS="779"/>
                  <String HEIGHT="61"
                          WIDTH="128"
                          VPOS="1397"
                          HPOS="731"
                          CONTENT="est."/>
                  <SP HEIGHT="61" WIDTH="16" VPOS="1397" HPOS="859"/>
                  <String HEIGHT="61"
                          WIDTH="192"
                          VPOS="1397"
                          HPOS="811"
                          CONTENT="Dicentes"/>
                  <SP HEIGHT="61" WIDTH="16" VPOS="1397" HPOS="1003"/>
                  <String HEIGHT="61"
                          WIDTH="128"
                          VPOS="1397"
                          HPOS="955"
                          CONTENT="uero"/>
                  <SP HEIGHT="61" WIDTH="16" VPOS="1397" HPOS="1083"/>
                  <String HEIGHT="61"
                          WIDTH="128"
                          VPOS="1397"
                          HPOS="1035"
                          CONTENT="unum"/>
                  <SP HEIGHT="61" WIDTH="16" VPOS="1397" HPOS="1163"/>
                  <String HEIGHT="61"
                          WIDTH="96"
                          VPOS="1397"
                          HPOS="1099"
                          CONTENT="mun"
                          SUBS_TYPE="HypPart1"
                          SUBS_CONTENT="mundum"/>
                  <HYP CONTENT="-"/>
               </TextLine>
               <TextLine ID="r2l71"
                         BASELINE="1507"
                         HEIGHT="63"
                         WIDTH="496"
                         VPOS="1444"
                         HPOS="699">
                  <String HEIGHT="63"
                          WIDTH="109"
                          VPOS="1444"
                          HPOS="684"
                          CONTENT="dum"
                          SUBS_TYPE="HypPart2"
                          SUBS_CONTENT="mundum"/>
                  <SP HEIGHT="63" WIDTH="16" VPOS="1444" HPOS="792"/>
                  <String HEIGHT="63"
                          WIDTH="140"
                          VPOS="1444"
                          HPOS="746"
                          CONTENT="esse,"/>
                  <SP HEIGHT="63" WIDTH="16" VPOS="1444" HPOS="885"/>
                  <String HEIGHT="63" WIDTH="78" VPOS="1444" HPOS="839" CONTENT="&amp;"/>
                  <SP HEIGHT="63" WIDTH="16" VPOS="1444" HPOS="916"/>
                  <String HEIGHT="63"
                          WIDTH="109"
                          VPOS="1444"
                          HPOS="870"
                          CONTENT="non"/>
                  <SP HEIGHT="63" WIDTH="16" VPOS="1444" HPOS="978"/>
                  <String HEIGHT="63"
                          WIDTH="202"
                          VPOS="1444"
                          HPOS="932"
                          CONTENT="aeternum,"/>
                  <SP HEIGHT="63" WIDTH="16" VPOS="1444" HPOS="1133"/>
                  <String HEIGHT="63"
                          WIDTH="124"
                          VPOS="1444"
                          HPOS="1071"
                          CONTENT="secun"
                          SUBS_TYPE="HypPart1"
                          SUBS_CONTENT="secundum"/>
                  <HYP CONTENT="-"/>
               </TextLine>
               <TextLine ID="r2l73"
                         BASELINE="1554"
                         HEIGHT="62"
                         WIDTH="494"
                         VPOS="1492"
                         HPOS="701">
                  <String HEIGHT="62"
                          WIDTH="112"
                          VPOS="1492"
                          HPOS="685"
                          CONTENT="dum"
                          SUBS_TYPE="HypPart2"
                          SUBS_CONTENT="secundum"/>
                  <SP HEIGHT="62" WIDTH="16" VPOS="1492" HPOS="797"/>
                  <String HEIGHT="62"
                          WIDTH="112"
                          VPOS="1492"
                          HPOS="749"
                          CONTENT="hoc"/>
                  <SP HEIGHT="62" WIDTH="16" VPOS="1492" HPOS="860"/>
                  <String HEIGHT="62"
                          WIDTH="143"
                          VPOS="1492"
                          HPOS="813"
                          CONTENT="etiam"/>
                  <SP HEIGHT="62" WIDTH="16" VPOS="1492" HPOS="956"/>
                  <String HEIGHT="62"
                          WIDTH="191"
                          VPOS="1492"
                          HPOS="908"
                          CONTENT="litigant"/>
                  <SP HEIGHT="62" WIDTH="16" VPOS="1492" HPOS="1099"/>
                  <String HEIGHT="62" WIDTH="96" VPOS="1492" HPOS="1052" CONTENT="de"/>
                  <SP HEIGHT="62" WIDTH="16" VPOS="1492" HPOS="1147"/>
                  <String HEIGHT="62"
                          WIDTH="112"
                          VPOS="1492"
                          HPOS="1083"
                          CONTENT="motu."/>
               </TextLine>
               <TextLine ID="r2l76"
                         BASELINE="1619"
                         HEIGHT="54"
                         WIDTH="333"
                         VPOS="1565"
                         HPOS="856">
                  <String HEIGHT="54"
                          WIDTH="111"
                          VPOS="1565"
                          HPOS="842"
                          CONTENT="Vvia"/>
                  <SP HEIGHT="54" WIDTH="14" VPOS="1565" HPOS="953"/>
                  <String HEIGHT="54"
                          WIDTH="125"
                          VPOS="1565"
                          HPOS="912"
                          CONTENT="prima"/>
                  <SP HEIGHT="54" WIDTH="14" VPOS="1565" HPOS="1036"/>
                  <String HEIGHT="54"
                          WIDTH="167"
                          VPOS="1565"
                          HPOS="995"
                          CONTENT="intentio"/>
                  <SP HEIGHT="54" WIDTH="14" VPOS="1565" HPOS="1161"/>
                  <String HEIGHT="54"
                          WIDTH="83"
                          VPOS="1565"
                          HPOS="1106"
                          CONTENT="eius"/>
               </TextLine>
               <TextLine ID="r2l78"
                         BASELINE="1657"
                         HEIGHT="50"
                         WIDTH="357"
                         VPOS="1607"
                         HPOS="832">
                  <String HEIGHT="50"
                          WIDTH="98"
                          VPOS="1607"
                          HPOS="820"
                          CONTENT="quiu"/>
                  <SP HEIGHT="50" WIDTH="12" VPOS="1607" HPOS="918"/>
                  <String HEIGHT="50" WIDTH="86" VPOS="1607" HPOS="881" CONTENT="est"/>
                  <SP HEIGHT="50" WIDTH="12" VPOS="1607" HPOS="967"/>
                  <String HEIGHT="50"
                          WIDTH="185"
                          VPOS="1607"
                          HPOS="930"
                          CONTENT="perscrutari"/>
                  <SP HEIGHT="50" WIDTH="12" VPOS="1607" HPOS="1115"/>
                  <String HEIGHT="50" WIDTH="74" VPOS="1607" HPOS="1078" CONTENT="de"/>
                  <SP HEIGHT="50" WIDTH="12" VPOS="1607" HPOS="1152"/>
                  <String HEIGHT="50"
                          WIDTH="86"
                          VPOS="1607"
                          HPOS="1103"
                          CONTENT="primo"/>
               </TextLine>
               <TextLine ID="line_1612877079868_498"
                         BASELINE="1695"
                         HEIGHT="55"
                         WIDTH="347"
                         VPOS="1640"
                         HPOS="841">
                  <String HEIGHT="55" WIDTH="67" VPOS="1640" HPOS="828" CONTENT="l"/>
                  <SP HEIGHT="55" WIDTH="13" VPOS="1640" HPOS="894"/>
                  <String HEIGHT="55"
                          WIDTH="147"
                          VPOS="1640"
                          HPOS="854"
                          CONTENT="motore,"/>
                  <SP HEIGHT="55" WIDTH="13" VPOS="1640" HPOS="1001"/>
                  <String HEIGHT="55"
                          WIDTH="160"
                          VPOS="1640"
                          HPOS="961"
                          CONTENT="incoepit"/>
                  <SP HEIGHT="55" WIDTH="13" VPOS="1640" HPOS="1121"/>
                  <String HEIGHT="55"
                          WIDTH="120"
                          VPOS="1640"
                          HPOS="1068"
                          CONTENT="perscru"/>
               </TextLine>
               <TextLine ID="r2l82"
                         BASELINE="1730"
                         HEIGHT="46"
                         WIDTH="383"
                         VPOS="1684"
                         HPOS="814">
                  <String HEIGHT="46"
                          WIDTH="109"
                          VPOS="1684"
                          HPOS="800"
                          CONTENT="esas"/>
                  <SP HEIGHT="46" WIDTH="14" VPOS="1684" HPOS="910"/>
                  <String HEIGHT="46"
                          WIDTH="109"
                          VPOS="1684"
                          HPOS="869"
                          CONTENT="tari"/>
                  <SP HEIGHT="46" WIDTH="14" VPOS="1684" HPOS="978"/>
                  <String HEIGHT="46" WIDTH="82" VPOS="1684" HPOS="937" CONTENT="de"/>
                  <SP HEIGHT="46" WIDTH="14" VPOS="1684" HPOS="1019"/>
                  <String HEIGHT="46"
                          WIDTH="123"
                          VPOS="1684"
                          HPOS="978"
                          CONTENT="motu,"/>
                  <SP HEIGHT="46" WIDTH="14" VPOS="1684" HPOS="1101"/>
                  <String HEIGHT="46"
                          WIDTH="123"
                          VPOS="1684"
                          HPOS="1060"
                          CONTENT="vtrum"/>
                  <SP HEIGHT="46" WIDTH="14" VPOS="1684" HPOS="1183"/>
                  <String HEIGHT="46"
                          WIDTH="68"
                          VPOS="1684"
                          HPOS="1129"
                          CONTENT="sit"/>
               </TextLine>
               <TextLine ID="r2l84"
                         BASELINE="1771"
                         HEIGHT="45"
                         WIDTH="498"
                         VPOS="1726"
                         HPOS="700">
                  <String HEIGHT="45"
                          WIDTH="106"
                          VPOS="1726"
                          HPOS="689"
                          CONTENT="nouus,"/>
                  <SP HEIGHT="45" WIDTH="11" VPOS="1726" HPOS="795"/>
                  <String HEIGHT="45" WIDTH="74" VPOS="1726" HPOS="764" CONTENT="aut"/>
                  <SP HEIGHT="45" WIDTH="11" VPOS="1726" HPOS="838"/>
                  <String HEIGHT="45"
                          WIDTH="127"
                          VPOS="1726"
                          HPOS="806"
                          CONTENT="antiquus"/>
                  <SP HEIGHT="45" WIDTH="11" VPOS="1726" HPOS="933"/>
                  <String HEIGHT="45"
                          WIDTH="127"
                          VPOS="1726"
                          HPOS="901"
                          CONTENT="scilicet"/>
                  <SP HEIGHT="45" WIDTH="11" VPOS="1726" HPOS="1028"/>
                  <String HEIGHT="45"
                          WIDTH="127"
                          VPOS="1726"
                          HPOS="997"
                          CONTENT="secundum"/>
                  <SP HEIGHT="45" WIDTH="11" VPOS="1726" HPOS="1124"/>
                  <String HEIGHT="45"
                          WIDTH="106"
                          VPOS="1726"
                          HPOS="1092"
                          CONTENT="genus."/>
                  <SP HEIGHT="45" WIDTH="11" VPOS="1726" HPOS="1198"/>
                  <String HEIGHT="45" WIDTH="53" VPOS="1726" HPOS="1166" CONTENT="&amp;"/>
                  <SP HEIGHT="45" WIDTH="11" VPOS="1726" HPOS="1219"/>
                  <String HEIGHT="45" WIDTH="21" VPOS="1726" HPOS="1177" CONTENT=""/>
               </TextLine>
               <TextLine ID="r2l85"
                         BASELINE="1799"
                         HEIGHT="40"
                         WIDTH="490"
                         VPOS="1759"
                         HPOS="711">
                  <String HEIGHT="40"
                          WIDTH="96"
                          VPOS="1759"
                          HPOS="700"
                          CONTENT="Tquod"/>
                  <SP HEIGHT="40" WIDTH="11" VPOS="1759" HPOS="796"/>
                  <String HEIGHT="40" WIDTH="75" VPOS="1759" HPOS="764" CONTENT="est"/>
                  <SP HEIGHT="40" WIDTH="11" VPOS="1759" HPOS="839"/>
                  <String HEIGHT="40"
                          WIDTH="85"
                          VPOS="1759"
                          HPOS="807"
                          CONTENT="ante"/>
                  <SP HEIGHT="40" WIDTH="11" VPOS="1759" HPOS="892"/>
                  <String HEIGHT="40"
                          WIDTH="96"
                          VPOS="1759"
                          HPOS="860"
                          CONTENT="istum"/>
                  <SP HEIGHT="40" WIDTH="11" VPOS="1759" HPOS="956"/>
                  <String HEIGHT="40"
                          WIDTH="149"
                          VPOS="1759"
                          HPOS="924"
                          CONTENT="tractatum,"/>
                  <SP HEIGHT="40" WIDTH="11" VPOS="1759" HPOS="1073"/>
                  <String HEIGHT="40"
                          WIDTH="75"
                          VPOS="1759"
                          HPOS="1041"
                          CONTENT="aut"/>
                  <SP HEIGHT="40" WIDTH="11" VPOS="1759" HPOS="1116"/>
                  <String HEIGHT="40"
                          WIDTH="75"
                          VPOS="1759"
                          HPOS="1084"
                          CONTENT="est"/>
                  <SP HEIGHT="40" WIDTH="11" VPOS="1759" HPOS="1158"/>
                  <String HEIGHT="40"
                          WIDTH="85"
                          VPOS="1759"
                          HPOS="1116"
                          CONTENT="neces"
                          SUBS_TYPE="HypPart1"
                          SUBS_CONTENT="necessarium"/>
                  <HYP CONTENT="-"/>
               </TextLine>
               <TextLine ID="r2l87"
                         BASELINE="1842"
                         HEIGHT="46"
                         WIDTH="493"
                         VPOS="1796"
                         HPOS="700">
                  <String HEIGHT="46"
                          WIDTH="117"
                          VPOS="1796"
                          HPOS="688"
                          CONTENT="sarium"
                          SUBS_TYPE="HypPart2"
                          SUBS_CONTENT="necessarium"/>
                  <SP HEIGHT="46" WIDTH="12" VPOS="1796" HPOS="806"/>
                  <String HEIGHT="46"
                          WIDTH="94"
                          VPOS="1796"
                          HPOS="770"
                          CONTENT="huic"/>
                  <SP HEIGHT="46" WIDTH="12" VPOS="1796" HPOS="864"/>
                  <String HEIGHT="46"
                          WIDTH="141"
                          VPOS="1796"
                          HPOS="829"
                          CONTENT="tractui,"/>
                  <SP HEIGHT="46" WIDTH="12" VPOS="1796" HPOS="970"/>
                  <String HEIGHT="46" WIDTH="82" VPOS="1796" HPOS="935" CONTENT="aut"/>
                  <SP HEIGHT="46" WIDTH="12" VPOS="1796" HPOS="1017"/>
                  <String HEIGHT="46" WIDTH="82" VPOS="1796" HPOS="982" CONTENT="est"/>
                  <SP HEIGHT="46" WIDTH="12" VPOS="1796" HPOS="1064"/>
                  <String HEIGHT="46"
                          WIDTH="117"
                          VPOS="1796"
                          HPOS="1029"
                          CONTENT="perper"/>
                  <SP HEIGHT="46" WIDTH="12" VPOS="1796" HPOS="1146"/>
                  <String HEIGHT="46"
                          WIDTH="94"
                          VPOS="1796"
                          HPOS="1099"
                          CONTENT="melius"/>
               </TextLine>
            </TextBlock>
         </PrintSpace>
      </Page>
   </Layout>
</alto>
