1416 2066
197 172 101 54 pars
260 172 139 54 finita.
361 172 63 54 &
387 172 88 54 sit
437 172 76 54 de
475 172 63 54 n
500 172 101 54 enim
563 172 88 54 hoc
601 172 101 54 igitur

207 220 131 42 tempore
302 220 178 42 pertramsit,
445 220 83 42 &c.
492 220 71 42 i.
528 220 71 42 &,
563 220 83 42 cum
599 220 107 42 accepe-

209 257 119 34 rimus
288 257 133 34 partem
381 257 146 34 finitam
487 257 80 34 ex
527 257 146 34 tempore
620 257 93 34 infi-

208 293 124 45 nito,
291 293 83 45 in
332 293 96 45 quo
387 293 124 45 motum
470 293 193 45 pertransit
608 293 96 45 totum

205 324 154 47 spatium,
321 324 103 47 tunc
385 324 77 47 in
423 324 90 47 hoc
475 324 154 47 tempore,
590 324 103 47 quod
642 324 64 47 est

213 366 120 49 pars,
293 366 213 49 pertransiuit
466 366 146 49 quandam
572 366 133 49 partem
652 366 53 49 il

209 398 99 44 lius
271 398 124 44 spatil
358 398 186 44 necessario.
506 398 87 44 nam
556 398 137 44 positum
643 398 62 44 est

207 434 92 56 quod
265 434 161 56 pertransit
392 434 104 56 totum
461 434 69 56 in
496 434 104 56 tpere
565 434 150 56 infinito:
680 434 58 56 &

206 472 198 46 impossibile
364 472 93 46 est
417 472 79 46 vt
457 472 198 46 pertranseat
602 472 106 46 totum,

205 513 73 41 &
235 513 146 41 partem
336 513 87 41 in
380 513 131 41 eodem
468 513 131 41 tpere
555 513 116 41 idem
613 513 102 41 motum

201 548 170 50 aequalis
328 548 227 50 velocitatis,
513 548 128 50 nedum
598 548 85 50 vt
626 548 85 50 per-

209 593 147 33 transeat
319 593 98 33 illa
380 593 74 33 in
417 593 110 33 tpere
491 593 159 33 infinito.
613 593 86 33 Et.
650 593 61 33 cum

209 628 187 38 declarauit
356 628 107 38 quod
423 628 147 38 necesse
530 628 94 38 est
584 628 80 38 vt
610 628 94 38 motum

207 664 139 48 pertran
308 664 101 48 seat
372 664 76 48 in
409 664 88 48 hac
460 664 114 48 parte
536 664 152 48 temporis
637 664 63 48 fi-

206 701 100 45 nita
269 701 125 45 partem
357 701 200 45 magnitudinis
519 701 113 45 etiam
582 701 125 45 finitam,

197 738 134 40 dicit:
290 738 107 40 ista
357 738 134 40 igitur
451 738 107 40 pars
518 738 94 40 aut
559 738 147 40 mensurat,

214 775 87 50 &c.
263 775 75 50 i.
301 775 62 50 &
326 775 112 50 istam
400 775 100 50 pars
463 775 162 50 mensurae,
587 775 100 50 quam
637 775 75 50 per-

212 812 137 55 transit
311 812 75 55 in
349 812 112 55 parte
424 812 150 55 temporis
536 812 137 55 finita,
624 812 87 55 neces

215 849 60 52 se
245 849 80 52 est,
295 849 119 52 secundum
384 849 80 52 quod
434 849 119 52 mensurat
523 849 70 52 est
563 849 109 52 finita,
632 849 80 52 quando

215 893 182 46 mensuratur
358 893 91 46 per
410 893 130 46 illam,
502 893 91 46 aut
554 893 143 46 excedat
645 893 65 46 il-

215 927 115 51 lam,
287 927 144 51 quando
388 927 86 51 ex
431 927 216 51 magnitudine
589 927 130 51 remanet

214 966 134 45 minus,
308 966 108 45 quid
375 966 121 45 minus
456 966 188 45 mensuratur
603 966 94 45 per
644 966 67 45 il-

211 1000 101 43 lam,
274 1000 88 43 aut
325 1000 76 43 vt
362 1000 176 43 excedatur,
501 1000 126 43 quando
589 1000 88 43 non
627 1000 88 43 mensu

214 1038 121 42 ratur
294 1038 94 42 per
348 1038 121 42 illam
428 1038 121 42 illud
509 1038 134 42 minus.
603 1038 94 42 Et,
643 1038 67 42 cum

218 1077 138 46 posuit
315 1077 110 46 quid
384 1077 110 46 ista
453 1077 110 46 pars
508 1077 207 46 magnitudinis,

216 1119 161 46 necesse
333 1119 102 46 est
392 1119 88 46 vt
435 1119 175 46 consumat
567 1119 102 46 per
611 1119 102 46 mensu

212 1155 182 48 tationem
348 1155 136 48 totam
439 1155 257 48 magnitudinem,
635 1155 76 48 in-

221 1196 116 42 coepit
303 1196 151 42 declarare
419 1196 93 42 quod
477 1196 93 42 illa
535 1196 93 42 pars
581 1196 128 42 temporis,

214 1226 86 40 in
257 1226 100 40 quo
314 1226 201 40 pertransit
472 1226 129 40 illam
557 1226 143 40 partem
643 1226 72 40 ma-

214 1262 210 53 gnitudinis,
382 1262 154 53 necesse
494 1262 98 53 est
550 1262 84 53 vt
578 1262 140 53 consumat

223 1309 91 44 tpers
284 1309 71 44 per
324 1309 172 44 mensurationem
466 1309 91 44 etiam
527 1309 122 44 scilicet
618 1309 71 44 aut
648 1309 61 44 quod

218 1340 149 43 mensuret
329 1340 124 43 illud,
416 1340 87 43 aut
465 1340 99 43 quod
527 1340 136 43 excedat
614 1340 99 43 illuo,

223 1380 91 47 icet
279 1380 125 47 tempus,
370 1380 68 47 in
404 1380 80 47 quo
450 1380 159 47 pertransit
575 1380 102 47 illam
632 1380 80 47 totam

216 1417 243 53 magnitudinem:
416 1417 71 53 &
444 1417 129 53 omne,
530 1417 114 53 quid
587 1417 129 53 consumi

228 1456 77 34 ur
267 1456 64 34 a
292 1456 206 34 mensuratione
460 1456 142 34 finiti,
563 1456 90 34 est
601 1456 116 34 finitum

225 1492 93 51 sed
278 1492 146 51 positum
384 1492 93 51 est
437 1492 106 51 esse
503 1492 186 51 infinitum.
636 1492 80 51 quod

220 1529 95 42 est
275 1529 230 42 inconueniens.
464 1529 108 42 D.d.
532 1529 81 42 Si
573 1529 135 42 igitur
654 1529 54 42 ma

221 1572 157 46 gnitudo,
339 1572 92 46 &c.
391 1572 79 46 i.
431 1572 79 46 si
470 1572 118 46 omnes
549 1572 131 46 partes
627 1572 92 46 aequa

219 1605 99 51 les
275 1605 127 51 parti
360 1605 99 51 px,
417 1605 113 51 quae
488 1605 184 51 consumunt
615 1605 99 51 totam

221 1652 231 43 magnitudinem
408 1652 202 43 pertransit
566 1652 130 43 illas
639 1652 86 43 motu

223 1691 150 39 aequalis
335 1691 187 39 velocitatis
485 1691 75 39 in
522 1691 87 39 tpe
572 1691 150 39 aequali,
672 1691 50 39 ne

224 1720 122 51 cesse
305 1720 95 51 est
359 1720 81 51 vt
399 1720 162 51 tempora,
521 1720 81 51 in
561 1720 135 51 quibus
642 1720 81 51 per-

230 1757 130 45 transit
324 1757 106 45 istas
395 1757 118 45 partes
478 1757 94 45 sint
537 1757 141 45 aequalia
631 1757 94 45 etiam,

216 1797 77 41 &
246 1797 92 41 vt
292 1797 168 41 numerus
415 1797 138 41 earum
507 1797 107 41 sit
568 1797 138 41 sicut
644 1797 77 41 nu

720 173 144 45 merus
816 173 176 45 partium
944 173 271 45 magnitudinis.
1167 173 96 45 &,
1199 173 48 45 3

723 209 115 52 cum
788 209 165 52 partes
904 209 263 52 magnitudinis
1101 209 132 52 consu-

725 242 133 48 mant
809 242 283 48 magnitudinem,
1041 242 183 48 necesse
1158 242 83 48 est

720 293 94 38 vt
767 293 157 38 partes
877 293 189 38 temporis
1019 293 204 38 consumant
1160 293 79 38 tem

723 332 134 42 pus,
807 332 100 42 in
857 332 117 42 quo
924 332 151 42 motum
1024 332 184 42 mouetur
1158 332 117 42 per

722 359 144 51 totam
818 359 272 51 magnitudinem.
1042 359 128 51 vnde
1106 359 128 51 neces-

723 397 87 52 se
766 397 101 52 est
824 397 87 52 vt
867 397 159 52 tempus,
983 397 87 52 in
1026 397 101 52 quo
1070 397 173 52 pertransit

721 434 140 56 totam
815 434 265 56 magnitudinem,
1033 434 109 56 sit
1079 434 156 56 finitum.

762 507 201 40 Amplius
908 507 182 40 autem,
1035 507 109 40 si
1090 507 128 40 non
1145 507 91 40 om-

717 543 129 43 nem
790 543 295 43 magnitudinem
1030 543 110 43 in
1066 543 166 43 infini-

726 581 93 59 to
772 581 170 59 tempore
896 581 217 59 transibit,
1066 581 108 59 sed
1112 581 124 59 contin

724 622 117 52 git
791 622 183 52 aliquam
924 622 83 52 &
958 622 100 52 in
1008 622 167 52 finito
1108 622 133 52 tempo-

719 664 88 42 re
763 664 191 42 transire,
910 664 88 42 vt
954 664 117 42 eam,
1028 664 117 42 quae
1101 664 103 42 est
1160 664 73 42 n
1174 664 59 42 s:

718 705 144 40 haec
808 705 162 40 autem
916 705 253 40 mensurabit
1097 705 126 40 totam

723 745 90 42 et
768 745 181 42 aequalem
904 745 90 42 in
949 745 166 42 aequali
1054 745 181 42 transibit:

724 784 158 43 quare
829 784 193 43 finitum
969 784 140 43 erit
1056 784 88 43 &
1074 784 158 43 tempus.

728 823 126 44 Quod
807 823 142 44 autem
902 823 110 44 non
965 823 95 44 in
1012 823 189 44 infinito
1138 823 95 44 tran

727 869 139 50 sibit
819 869 123 50 eam,
896 869 123 50 quae
973 869 108 50 est
1035 869 77 50 n
1066 869 92 50 e,
1096 869 139 50 manife-

725 908 121 46 stum
800 908 121 46 est,
876 908 91 46 si
921 908 212 46 accipiatur
1088 908 151 46 altera
1179 908 60 46 ex

732 948 147 54 quarte
835 948 162 54 finitum
953 948 162 54 tempus.
1071 948 88 54 si
1115 948 118 54 enim
1174 948 59 54 in

731 990 168 52 minori
849 990 168 52 partem
966 990 235 52 transibit,
1134 990 101 52 hanc

731 1030 147 45 necesse
838 1030 94 45 est
891 1030 147 45 finitam
998 1030 120 45 esse,
1078 1030 134 45 altero
1159 1030 80 45 qui-

734 1073 119 41 dem
802 1073 187 41 termino
921 1073 204 41 existente.

779 1124 96 61 Et
827 1124 160 61 etiam,
939 1124 96 61 si
987 1124 112 61 non
1050 1124 144 61 omnis
1130 1124 112 61 magni

728 1173 124 55 tudo
805 1173 247 55 pertransitur
1005 1173 93 55 in
1052 1173 170 55 tempore
1160 1173 77 55 in-

727 1214 179 60 finito,
857 1214 146 60 sicut
954 1214 211 60 magnitudo
1117 1214 114 60 ER:
1182 1214 81 60 &

726 1261 115 63 hoc
791 1261 197 63 mensurat
939 1261 164 63 totum,
1054 1261 82 63 &
1070 1261 164 63 aequalis

731 1308 206 62 magnitudo
890 1308 254 62 pertransitur
1096 1308 95 62 in
1128 1308 111 62 tempo

726 1356 91 63 re
771 1356 182 63 aequali:
908 1356 167 63 necesse
1029 1356 106 63 est
1089 1356 91 63 vt
1120 1356 121 63 tempus

734 1405 152 59 etiam
835 1405 118 59 sit
903 1405 203 59 finitum.
1055 1405 101 59 Et
1089 1405 152 59 apparet

734 1448 122 59 quod
810 1448 137 59 pars,
901 1448 122 59 quae
977 1448 106 59 est
1038 1448 106 59 PR,
1098 1448 106 59 non
1144 1448 91 59 per-

735 1499 186 55 transitur
878 1499 86 55 in
921 1499 186 55 infinito,
1063 1499 86 55 Si
1092 1499 143 55 posueri-

728 1541 104 62 mus
788 1541 134 62 ipsam
877 1541 164 62 finitam
996 1541 89 62 ex
1041 1541 149 62 altera
1146 1541 119 62 paer

733 1597 110 56 te.
796 1597 189 56 quoniam,
938 1597 94 56 Si
985 1597 126 56 pars
1048 1597 189 56 pertransi-

741 1639 101 59 tur
798 1639 87 59 in
842 1639 145 59 minori
943 1639 174 59 tempore,
1073 1639 159 59 necesse
1175 1639 72 59 est

741 1684 94 61 vt
788 1684 109 61 hoc
851 1684 109 61 sit
913 1684 187 61 finitum:
1054 1684 172 61 quoniam
1163 1684 78 61 al-

736 1732 108 62 tera
804 1732 108 62 pars
872 1732 95 62 est
926 1732 122 62 finis
994 1732 95 62 eius,
