1416 2066
214 172 104 54 plum
279 172 78 54 de
318 172 156 54 numeris,
435 172 104 54 vult
500 172 117 54 etiam
578 172 104 54 dare
630 172 91 54 exen-

219 213 120 54 plum
294 213 90 54 de
339 213 284 54 magnitudinibus,
578 213 75 54 &
593 213 120 54 dixit:

218 251 110 53 Linea
291 251 98 53 enim
353 251 86 53 non
402 251 135 53 excedit
500 251 147 53 punctum.
611 251 74 53 i.
647 251 61 53 &
660 251 61 53 pro

220 293 100 53 pter
282 293 87 53 hoc
332 293 87 53 non
382 293 174 53 inuenitur,
519 293 162 53 proportio
631 293 87 53 inter

218 333 139 55 ineam,
315 333 69 55 &
343 333 166 55 punctum,
468 333 97 55 qua
523 333 180 55 proueniat
648 333 69 55 ex-

228 372 118 47 cessus,
314 372 129 47 quoniam,
411 372 65 47 si
443 372 75 47 ita
486 372 108 47 esset,
562 372 86 47 tunc
605 372 118 47 excedens,

224 412 63 47 &
250 412 100 47 res,
312 412 138 47 excessa
412 412 125 47 essent
500 412 125 47 partes
587 412 138 47 lineae:
687 412 63 47 &

217 449 102 53 sic
276 449 131 53 linea
363 449 233 53 componeretur
553 449 87 53 ex
582 449 131 53 punctis

215 486 109 53 quod
283 486 109 53 post
352 486 218 53 declarabitur
528 486 109 53 esse
583 486 136 53 impossi-

221 524 127 54 bile.
305 524 98 54 Et,
362 524 98 54 cum
418 524 197 54 declarauit
572 524 112 54 hanc
629 524 84 54 pro-

218 566 126 49 ponem,
307 566 151 49 dicentem
420 566 101 49 quod
483 566 101 49 omne
546 566 151 49 excedens
647 566 76 49 ali-

218 613 109 40 quid
287 613 123 40 debet
368 613 136 40 diuidi
464 613 82 40 in
505 613 177 40 excessum,
641 613 68 40 &
668 613 82 40 in

212 645 95 38 rem
267 645 176 38 excessam,
402 645 68 38 &
429 645 135 38 vacuum
524 645 95 38 non
565 645 162 38 diuiditur,

213 693 77 36 in
252 693 129 36 illud,
342 693 90 36 per
393 693 103 36 quod
458 693 142 36 excedit
561 693 142 36 corpus,
651 693 64 36 cum

215 724 83 39 in
257 724 83 39 eo
298 724 97 39 non
353 724 97 39 est
408 724 207 39 subtilitas,
574 724 124 39 dedit
643 724 69 39 con

206 756 186 55 clusionem,
352 756 106 55 quae
418 756 159 55 sequitur
538 756 80 55 ex
578 756 106 55 hoc,
644 756 66 55 &
658 756 66 55 est

220 803 112 47 quod
290 803 140 47 vacuum
388 803 98 47 non
444 803 126 47 habet
515 803 210 47 proportionem,

213 838 82 55 ad
254 838 150 55 plenum,
363 838 95 55 qua
418 838 150 55 dicatur
526 838 163 55 excedere
635 838 82 55 ple-

217 876 84 46 num
265 876 72 46 in
301 876 193 46 subtilitate,
458 876 60 46 &
482 876 120 46 dixit:
566 876 72 46 Et
590 876 133 46 similiter

220 916 75 43 et
258 916 138 43 vacuum.
358 916 75 43 Et
396 916 100 43 iste
458 916 125 43 sylsus
546 916 88 43 est
596 916 113 43 etiam
671 916 75 43 in

214 957 146 52 secunda
320 957 146 52 figura.
426 957 66 52 &
453 957 106 52 quod
519 957 186 52 subticuit,
652 957 66 52 est

221 997 120 50 minor
301 997 200 50 propositio.
461 997 94 50 Et,
515 997 94 50 cum
555 997 160 50 declarauit

213 1029 116 53 hanc
286 1029 204 53 conclonem,
446 1029 131 53 dedit
519 1029 204 53 impossibile,

215 1074 107 44 quod
281 1074 160 44 sequitur
402 1074 80 44 ex
442 1074 93 44 ea,
495 1074 80 44 si
535 1074 147 44 aliquid
629 1074 93 44 mouea

216 1124 96 43 tur
271 1124 82 43 in
312 1124 137 43 vacuo,
408 1124 68 43 &
435 1124 137 43 dixit:
531 1124 110 43 ergo
600 1124 123 43 neque
668 1124 55 43 mo

218 1161 93 33 tus
271 1161 107 33 erit
338 1161 80 33 in
378 1161 93 33 eo.
431 1161 80 33 id
471 1161 107 33 est,
538 1161 80 33 &,
578 1161 93 33 cum
618 1161 107 33 vacuum

211 1196 108 46 non
272 1196 139 46 habet
365 1196 247 46 proportionem
565 1196 92 46 ad
596 1196 123 46 plenum

215 1231 254 43 insubtilitate,
427 1231 71 43 &
455 1231 155 43 ponitur
568 1231 155 43 aliquid
667 1231 56 43 mo

223 1271 99 46 ueri
284 1271 74 46 in
322 1271 87 46 eo,
371 1271 148 46 sequitur
482 1271 74 46 ex
519 1271 99 46 hoc,
581 1271 99 46 quod
630 1271 87 46 motus

217 1308 87 46 in
260 1308 130 46 vacuo
347 1308 101 46 non
405 1308 130 46 habet
491 1308 232 46 proportionem
665 1308 58 46 ad

207 1352 122 49 motum
289 1352 81 49 in
329 1352 135 49 pleno,
424 1352 68 49 &
451 1352 95 49 sic
505 1352 108 49 erit
572 1352 122 49 motus
653 1352 95 49 in

219 1388 165 56 diuisibilis
351 1388 66 56 in
384 1388 121 56 tempore
472 1388 187 56 indiuisibili,
614 1388 110 56 scilicet

214 1429 166 51 instanti,
342 1429 102 51 quod
405 1429 89 51 est
456 1429 204 51 impossibile,
622 1429 76 51 vt
648 1429 76 51 post

213 1470 224 49 declarabitur.
397 1470 66 49 &
424 1470 119 49 quasi
503 1470 92 49 hic
556 1470 145 49 accipit
648 1470 66 49 pro

221 1508 154 46 constanti,
342 1508 88 46 quid
397 1508 154 46 declaratur
518 1508 66 46 in
551 1508 99 46 Sexto
606 1508 110 46 scilicet

216 1557 100 43 quod
279 1557 113 43 omnis
354 1557 113 43 motus
430 1557 88 43 est
480 1557 75 43 in
517 1557 150 43 tempore,
630 1557 63 43 &
643 1557 75 43 quod

212 1588 123 48 motus
294 1588 95 48 est
349 1588 218 48 diuisibilis.
525 1588 68 48 a
553 1588 163 48 Auempace
662 1588 54 48 au

221 1631 79 49 tem
266 1631 90 49 bene
322 1631 102 49 mouit
390 1631 79 49 hic
435 1631 135 49 quodnem.
537 1631 102 49 dicit
604 1631 90 49 enim
649 1631 68 49 quod

216 1673 94 34 non
269 1673 161 34 sequitur
390 1673 81 34 vt
430 1673 174 34 proportio
564 1673 121 34 motus
632 1673 81 34 eius

218 1708 93 39 dem
271 1708 146 39 lapidis
377 1708 80 39 in
417 1708 106 39 aqua
484 1708 80 39 ad
524 1708 120 39 motum
603 1708 106 39 eius
670 1708 80 39 in

213 1750 101 51 aere
276 1750 101 51 sit,
340 1750 114 51 sicut
415 1750 164 51 proportio
529 1750 189 51 spissitudinis

215 1787 115 52 aquae
292 1787 77 52 ad
330 1787 217 52 spissitudinem
509 1787 128 52 aeris,
599 1787 102 52 nisi
650 1787 64 52 mo-

210 1826 75 49 tus
253 1826 118 49 lapidis
339 1826 96 49 esset
403 1826 64 49 in
435 1826 128 49 tempore,
531 1826 107 49 perper
606 1826 86 49 hoc,
660 1826 86 49 quod

204 1867 164 46 mouetur
324 1867 90 46 in
368 1867 149 46 medio.
473 1867 90 46 &,
518 1867 90 46 si
563 1867 105 46 hoc
607 1867 120 46 esset,

743 173 205 45 contingeret
907 173 82 45 vt
948 173 137 45 nullus
1044 173 123 45 motus
1126 173 109 45 esse
1194 173 82 45 in

741 217 160 41 tempore,
861 217 107 41 nisi
927 217 120 41 prper
1007 217 187 41 impediens:
1140 217 107 41 mecium

740 256 110 40 enim
809 256 151 40 videtur
918 256 164 40 impedire
1042 256 96 40 rem
1096 256 137 40 motam.
1192 256 82 40 &,

739 291 77 47 si
778 291 89 47 ita
829 291 128 47 esset,
918 291 102 47 tunc
982 291 140 47 corpora
1084 291 166 47 coelestia
1199 291 51 47 mo

739 334 172 36 uerentur
868 334 86 36 in
911 334 186 36 instanti,
1054 334 100 36 cum
1112 334 143 36 nullum
1198 334 57 36 me

742 372 102 46 dium
806 372 166 46 impediens
934 372 89 46 sit
985 372 128 46 illic.
1074 372 64 46 &
1100 372 115 46 dicit
1176 372 102 46 quod

741 411 180 51 proportio
880 411 221 51 subtilitatis
1059 411 125 51 aquae
1142 411 83 51 ad
1170 411 83 51 sub-

741 452 159 51 tilitatem
863 452 122 51 aeris,
948 452 85 51 est
997 452 110 51 sicut
1070 452 159 51 proportio
1180 452 73 51 tar-

736 484 157 54 ditatis
850 484 200 54 accidentis
1007 484 129 54 motui
1093 484 86 54 in
1136 484 114 54 aqua
1193 484 57 54 ad

740 528 201 38 tarditatem
897 528 201 38 accidentem
1055 528 100 38 ei,
1112 528 86 38 in
1141 528 100 38 aere,

741 565 78 53 Et
780 565 104 53 haec
845 565 104 53 sunt
910 565 117 53 verba
988 565 104 53 eius
1054 565 78 53 in
1093 565 143 53 Septimo
1184 565 65 53 sui

740 604 118 53 libri,
823 604 59 53 &
846 604 118 53 dicit:
929 604 94 53 Ista
988 604 189 53 resistentia,
1141 604 94 53 quae
1188 604 59 53 est

739 642 127 52 inter
824 642 155 52 plenum,
936 642 71 52 &
965 642 155 52 corpus,
1078 642 113 52 quid
1134 642 127 52 mouetur

737 685 76 51 in
775 685 76 51 eo
814 685 89 51 est
864 685 114 51 illa,
941 685 114 51 inter
1017 685 114 51 quam,
1093 685 64 51 &
1106 685 140 51 potentiam

745 722 122 41 vacui
827 722 122 41 fecit
908 722 149 41 Aristo.
1017 722 217 41 proportionem
1193 722 81 41 in

745 760 153 54 Quarto.
856 760 70 54 &
884 760 97 54 non
940 760 97 54 est
996 760 125 54 sicut
1065 760 181 54 existimatur

738 804 78 41 de
777 804 104 41 eius
842 804 168 41 opinione.
971 804 168 41 proportio
1101 804 104 41 enim
1152 804 91 41 aquae

735 838 83 44 ad
777 838 124 44 aerem
859 838 83 44 in
901 838 220 44 spissitudine
1080 838 96 44 non
1135 838 96 44 est
1176 838 69 44 si-

739 877 98 52 cut
795 877 183 52 proportio
936 877 127 52 motus
1020 877 155 52 lapidis
1133 877 84 52 in
1161 877 84 52 aqua

737 916 86 53 ad
780 916 128 53 motum
865 916 114 53 eius
936 916 86 53 in
979 916 128 53 aere:
1065 916 100 53 sed
1108 916 128 53 propor-

741 955 96 51 tio
796 955 178 51 posentiae
933 955 232 51 continuitatis
1124 955 123 51 aquae
1192 955 55 51 ad

737 997 171 45 potentiam
868 997 223 45 continuitatis
1052 997 131 45 aeris,
1144 997 92 45 est
1183 997 53 45 si

734 1033 99 49 cut
791 1033 185 49 proportio
933 1033 199 49 tarditatis
1075 1033 170 49 accidentis

739 1071 93 51 rei
792 1071 120 51 motae
872 1071 80 51 ex
912 1071 120 51 illo,
991 1071 80 51 in
1031 1071 93 51 quo
1084 1071 160 51 mouetur,
1191 1071 53 51 v.

737 1111 90 51 g.
782 1111 135 51 aqua,
872 1111 90 51 ad
917 1111 210 51 tarditatem
1066 1111 180 51 accidentem

737 1148 75 46 ci,
780 1148 108 46 quando
856 1148 118 46 mouetur
942 1148 65 46 in
974 1148 97 46 aere.
1039 1148 129 46 quoniam,
1135 1148 65 46 si
1157 1148 86 46 esset,

732 1189 127 43 sicut
816 1189 239 43 aestimauerunt
1014 1189 155 43 aliqui,
1126 1189 113 43 tunc
1183 1189 56 43 mo

734 1228 89 47 tus
785 1228 165 47 naturalis
912 1228 114 47 esset
988 1228 178 47 violentus.
1128 1228 114 47 ergo,
1191 1228 51 47 si

740 1266 107 48 illic
811 1266 83 48 non
859 1266 107 48 esset
930 1266 189 48 resistentia,
1083 1266 130 48 quomodo
1166 1266 83 48 esset

739 1309 131 39 motus:?
835 1309 131 39 necesse
930 1309 84 39 est
978 1309 96 39 enim
1038 1309 72 39 vt
1074 1309 108 39 esset
1145 1309 72 39 in
1181 1309 84 39 in

739 1347 165 57 stanti.
859 1347 120 57 quid
934 1347 120 57 ergo
1009 1347 165 57 dicetur
1129 1347 90 57 de
1159 1347 90 57 motu

742 1388 174 39 circulari:
879 1388 62 39 &
904 1388 112 39 illic
978 1388 87 39 non
1028 1388 87 39 est
1066 1388 174 39 resistentia:

738 1436 133 36 quoniam
835 1436 109 36 illic
908 1436 85 36 non
956 1436 85 36 est
1005 1436 133 36 diuisio
1102 1436 133 36 omnino:
1186 1436 61 36 nam

732 1469 130 49 locus
818 1469 159 49 circuli
934 1469 115 49 idem
1006 1469 101 49 est
1063 1469 159 49 semper.
1179 1469 101 49 non

737 1509 138 37 itaque
834 1509 179 37 euacuatur
971 1509 110 37 vnus
1040 1509 138 37 locus,
1136 1509 69 37 &
1150 1509 96 37 alias

738 1545 180 56 impletur.
877 1545 152 56 necesse
988 1545 97 56 est
1043 1545 152 56 igitur,
1154 1545 83 56 vt
1182 1545 55 56 mo

741 1589 88 37 tus
792 1589 176 37 circularis
930 1589 88 37 sit
981 1589 76 37 in
1018 1589 164 37 instanti.
1144 1589 88 37 sed
1182 1589 63 37 nos

739 1625 180 41 videmus
870 1625 98 41 in
919 1625 98 41 eo
968 1625 180 41 maximam
1083 1625 164 41 tardita-

743 1665 108 41 tem,
811 1665 81 41 vt
852 1665 81 41 in
893 1665 108 41 motu
960 1665 176 41 stellarum
1096 1665 163 41 fixarum,
1204 1665 41 41 &

744 1716 145 38 maximam
849 1716 211 38 velocitatem,
1021 1716 79 38 vt
1060 1716 79 38 in
1100 1716 106 38 motu
1153 1716 92 38 diur-

741 1749 83 49 no:
789 1749 60 49 &
813 1749 83 49 hoc
860 1749 83 49 non
908 1749 95 49 est,
967 1749 95 49 nisi
1027 1749 119 49 perper
1098 1749 143 49 distantiam

738 1796 165 30 motoris
858 1796 90 30 in
903 1796 120 30 nobi
978 1796 135 30 itate
1069 1796 75 30 a
1099 1796 135 30 moto,
1174 1796 75 30 cum

747 1828 112 53 gitur
821 1828 124 53 fuerit
908 1828 161 53 nobilior,
1032 1828 99 53 tunc
1094 1828 124 53 illud,
1169 1828 74 53 quid

742 1868 151 46 mouetur
852 1868 82 46 ab
893 1868 96 46 eo,
948 1868 110 46 erit
1017 1868 178 46 velocius:
1154 1868 82 46 &,
1181 1868 69 46 cum
