1416 2066
174 181 87 64 ra
218 181 247 64 impossibilia.
421 181 189 64 contingit
566 181 116 64 enim
624 181 73 64 rem

183 229 106 62 pus
243 229 151 62 habere
349 229 121 62 vnum
424 229 211 62 principiu,
590 229 91 62 et
621 229 75 62 Men

182 277 143 62 suram
278 277 175 62 aliquam
405 277 111 62 non
468 277 159 62 diuidi
580 277 95 62 in
611 277 80 62 men

183 325 159 61 suras,
295 325 80 61 &
326 325 175 61 Numeros
454 325 112 61 non
518 325 127 61 esse
581 325 112 61 infi-

182 373 166 62 nitos.
298 373 99 62 &,
348 373 116 62 cum
414 373 265 62 determinatum
613 373 83 62 sit

188 420 104 54 hac
248 420 268 54 determinatioe,
471 420 134 54 adeo,
560 420 119 54 quod
620 420 74 54 non

183 469 100 62 est
240 469 185 62 possibile
382 469 171 62 secundum
510 469 142 62 alteru
595 469 100 62 isto-

186 516 126 47 rum
258 516 180 47 duorum
384 516 216 47 modorum,
545 516 90 47 &
563 516 126 47 vide-

178 565 107 65 tur
239 565 184 65 indigere
377 565 275 65 cosyderatione.
591 565 107 65 Decta

186 613 176 66 rabitur
314 613 160 66 igitur
426 613 128 66 quod
505 613 160 66 quodam
601 613 96 66 modo

183 660 124 62 est,
260 660 78 62 &
291 660 155 62 quodam
400 660 124 62 modo
477 660 124 62 non.
555 660 109 62 Ens
601 660 93 62 enim

185 709 148 61 dicitur
292 709 175 61 potentia,
426 709 81 61 et
467 709 148 61 dicitur
574 709 81 61 in
601 709 94 61 actu.

175 757 177 69 infinitum
312 757 95 69 est
366 757 82 69 in
407 757 191 69 additione,
557 757 82 69 et
598 757 82 69 in
625 757 68 69 di-

187 810 191 57 uisione.
330 810 80 57 &
362 810 175 57 mensura
490 810 96 57 in
538 810 127 57 actu
601 810 96 57 eius

189 856 78 58 no
228 856 91 58 est
280 856 168 58 infinita,
409 856 78 58 in
448 856 168 58 diuisione
577 856 104 58 vero
629 856 65 58 est

188 906 179 56 infinita.
326 906 96 56 non
381 906 110 56 enim
450 906 96 56 est
505 906 179 56 difficile
628 906 69 56 de-

188 950 151 59 struere
298 950 137 59 lineas
380 950 220 59 indiuisibiles.

178 1036 112 46 Cum
242 1036 224 46 declarauit
418 1036 160 46 corpus
513 1036 176 46 infinitum

188 1082 141 48 sensibile
296 1082 76 48 non
340 1082 87 48 esse
394 1082 173 48 simpliciter,
535 1082 130 48 scilicet
621 1082 76 48 actu,

189 1119 128 43 fecit
274 1119 256 43 rememorationem
488 1119 85 43 de
530 1119 114 43 hoc,
602 1119 71 43 &
616 1119 71 43 di-

192 1158 107 57 cit:
258 1158 187 57 Manifestum
405 1158 93 57 est
459 1158 147 57 igitur,
565 1158 93 57 &c.
619 1158 80 57 i.
646 1158 53 57 ex

195 1201 156 41 pdictis.
312 1201 104 41 D.d.
377 1201 65 41 &
403 1201 182 41 Manifestum
545 1201 91 41 est
584 1201 104 41 etiam,

190 1237 85 46 &c.
238 1237 72 46 i.
274 1237 60 46 &
299 1237 169 46 manifestum
431 1237 85 46 est
480 1237 109 46 quod,
552 1237 72 46 si
576 1237 109 46 infini,

182 1278 100 52 tum
239 1278 100 52 non
296 1278 143 52 suerit
396 1278 143 52 omnino
482 1278 200 52 simpliciter,

194 1316 122 46 multa
276 1316 162 46 accident
397 1316 230 46 inpossibilia.
573 1316 122 46 accidet

187 1357 104 54 enim
252 1357 130 54 tempus
343 1357 104 54 esse
408 1357 156 54 finitum.
525 1357 65 54 &
551 1357 130 54 primum
629 1357 65 54 no-

191 1396 93 51 tum
244 1396 93 51 est
297 1396 134 51 tempus
391 1396 107 51 esse
458 1396 187 51 infinitum.
591 1396 107 51 nullus

194 1437 108 54 enim
262 1437 149 54 generat
371 1437 149 54 tempus,
479 1437 95 54 cum
533 1437 95 54 sit
574 1437 122 54 genera-

190 1476 85 45 tum
238 1476 122 45 illud,
324 1476 134 45 postque
421 1476 85 45 non
469 1476 109 45 fuit.
542 1476 61 45 &
567 1476 97 45 haec
615 1476 73 45 pre-

192 1522 141 44 positio
295 1522 115 44 Post,
371 1522 115 44 notat
448 1522 128 44 tempus
525 1522 166 44 praedictum.

225 1557 92 49 Et
271 1557 168 49 accidit
393 1557 137 49 etiam
469 1557 229 49 Magnitudinem,

193 1589 103 45 esse
258 1589 233 45 indiuisibilem,
451 1589 116 45 sicut
529 1589 90 45 est
568 1589 116 45 opinmio

191 1632 171 42 dicentium
322 1632 132 42 partes
415 1632 105 42 esse
480 1632 237 42 indiuisibiles:

191 1671 57 42 &
213 1671 137 42 secundum
316 1671 80 42 hoc
362 1671 80 42 non
407 1671 103 42 omnis
475 1671 103 42 linea
544 1671 148 42 diuiditur
646 1671 46 42 in

188 1712 98 42 duo
244 1712 183 42 aequalia.
385 1712 70 42 &
413 1712 98 42 hoc
469 1712 98 42 est
525 1712 112 42 vnum
582 1712 98 42 funda

183 1753 195 38 mentorum,
333 1753 120 38 quae
408 1753 135 38 ponit
499 1753 195 38 Geometra.
649 1753 75 38 &

181 1789 189 46 similiter
327 1789 189 46 continget
473 1789 87 46 vt
516 1789 160 46 Numerus
618 1789 73 46 non

192 1830 149 44 crescat
301 1830 82 44 in
342 1830 190 44 infinitum.
491 1830 68 44 &
518 1830 95 44 hoc
573 1830 95 44 est
614 1830 82 44 vnum

184 1869 275 53 fundamentorum,
413 1869 122 53 quae
489 1869 138 53 ponit
566 1869 122 53 Arith

711 181 181 52 meticus.
846 181 105 52 Et,
907 181 105 52 cum
967 181 166 52 induxit
1072 181 151 52 impossi-

706 222 121 53 bilia
786 222 229 53 contingentia,
975 222 81 53 si
1015 222 175 53 infinitum
1150 222 94 53 non

709 262 129 44 fuerit
799 262 206 44 simpieciule,
967 262 64 44 &
993 262 90 44 iam
1044 262 116 44 etiam
1109 262 116 44 dixerat

710 301 222 53 impossibilia
890 301 236 53 contingentia,
1084 301 83 53 si
1112 301 111 53 fuerit

711 341 217 51 simpliciter,
888 341 136 51 dixit:
983 341 81 51 &,
1023 341 95 51 cum
1077 341 95 51 iam
1118 341 95 51 deter

706 381 204 46 minauimus,
867 381 102 46 &c.
925 381 73 46 i
954 381 88 46 &,
998 381 102 46 cum
1057 381 102 46 iam
1100 381 117 46 deter-

712 420 231 35 minauerimus
896 420 185 35 sermonen
1035 420 92 35 de
1065 420 154 35 infinito

712 455 123 43 secundum
804 455 174 43 disputationem
947 455 71 43 sub
987 455 92 43 istis
1049 455 102 43 duobus
1110 455 102 43 scilicet

711 495 117 43 quoniam
796 495 159 43 impossibile
924 495 74 43 est
966 495 64 43 vt
998 495 74 43 sit
1040 495 170 43 simpercitur,
1178 495 53 43 &

715 531 202 52 impossibile
876 531 94 52 est
930 531 81 52 vt
971 531 94 52 non
1024 531 94 52 sit
1065 531 148 52 simplici-

717 573 112 50 ter,
787 573 153 50 oportet
898 573 98 50 nos
954 573 223 50 consyderare,
1135 573 70 50 &
1149 573 70 50 de-

712 621 190 43 monstrare
858 621 146 43 partem
961 621 131 43 veram
1048 621 88 43 in
1078 621 131 43 vtroque

710 652 182 47 istorum
842 652 165 47 duorum
957 652 198 47 sermonum
1089 652 132 47 opposi

711 689 135 41 torum.
805 689 121 41 tales
886 689 108 41 enim
953 689 162 41 sermones
1075 689 108 41 sunt
1129 689 94 41 falsi

715 730 128 40 secundum
811 730 117 40 partem,
897 730 75 40 non
939 730 128 40 secundum
1035 730 107 40 torum.
1110 730 85 40 D.d.
1153 730 53 40 De-

709 767 181 52 clarabitur
851 767 142 52 igitur,
954 767 90 52 &c.
1006 767 77 52 i.
1044 767 64 52 &
1070 767 77 52 de
1096 767 116 52 elaran-

711 807 83 48 dum
758 807 83 48 est
806 807 71 48 ex
841 807 177 48 praedictis,
983 807 59 48 &
1006 807 71 48 ex
1042 807 94 48 eis,
1101 807 94 48 quae
1148 807 59 48 di-

708 849 110 41 cam,
777 849 124 41 ipsum
860 849 110 41 esse
928 849 179 41 potentia,
1066 849 69 41 &
1093 849 96 41 non
1135 849 83 41 esse

715 885 128 48 actu.
800 885 113 48 quod
871 885 128 48 autem
956 885 99 48 non
1013 885 99 48 est
1069 885 128 48 actu,
1140 885 71 48 de-

712 925 214 38 monstratum
880 925 107 38 est
941 925 184 38 superius
1079 925 123 38 quod
1140 925 77 38 au-

711 963 90 51 tem
763 963 90 51 est
814 963 168 51 potentia,
944 963 220 51 declarabitur,
1125 963 78 51 si
1150 963 65 51 con

713 1001 220 41 cesserimus
886 1001 220 41 additionem
1044 1001 173 41 numerorum

703 1042 93 40 in
749 1042 216 40 infinitum,
919 1042 77 40 &
950 1042 216 40 diuisionem
1104 1042 108 40 mensu

708 1081 89 39 rae
759 1081 77 39 in
798 1081 179 39 infinitum.
938 1081 64 39 &
964 1081 102 39 ideo
1027 1081 128 39 dixit.
1117 1081 77 39 Et
1155 1081 89 39 in

711 1117 139 45 finitum
813 1117 89 45 est
863 1117 76 45 in
901 1117 177 45 additione,
1041 1117 89 45 &c.
1091 1117 76 45 i.
1129 1117 63 45 &
1155 1117 89 45 in

708 1160 163 50 finitum
827 1160 177 50 potentia
960 1160 192 50 inuenitur
1107 1160 89 50 in
1137 1160 74 50 ad-

712 1197 170 46 ditione
835 1197 216 46 numerorum,
1005 1197 77 46 &
1036 1197 93 46 in
1067 1197 154 46 diuisioe

708 1244 216 38 mensurarum.
881 1244 115 38 D.d.
953 1244 72 38 &
981 1244 159 38 mensura
1097 1244 86 38 in
1126 1244 86 38 actu

711 1282 104 41 eius
776 1282 91 41 non
828 1282 91 41 est
880 1282 169 41 infinita.
1009 1282 78 41 i.
1048 1282 78 41 vt
1074 1282 143 41 declaraui

707 1318 113 37 mus,
778 1318 85 37 in
820 1318 184 37 diuisione
962 1318 113 37 vero
1033 1318 99 37 est
1075 1318 142 37 infinita

710 1358 89 51 in
755 1358 194 51 potentia.
904 1358 75 51 &
934 1358 104 51 hoc
993 1358 209 51 manifestum
1142 1358 75 51 est

712 1397 153 45 etiam,
819 1397 107 45 cum
880 1397 244 45 declarabitur
1078 1397 122 45 quod
1139 1397 76 45 nul

711 1437 84 38 la
753 1437 154 38 mensura
865 1437 98 38 est
921 1437 252 38 indiuisibilis.
1131 1437 70 38 &
1145 1437 70 38 hoc

707 1477 129 53 notum
792 1477 100 53 est
850 1477 129 53 etiam
935 1477 100 53 per
993 1477 86 53 se
1035 1477 86 53 in
1064 1477 143 53 additio-

707 1517 97 37 ne
755 1517 227 37 numerorum,
934 1517 114 37 sed
999 1517 97 37 in
1031 1517 179 37 diuisione

706 1556 221 50 mensurarum
880 1556 174 50 indiget
990 1556 221 50 declaratione

708 1596 144 42 tempus
808 1596 129 42 autem
895 1596 115 42 esse
967 1596 187 42 infinitum
1096 1596 115 42 latet,

716 1631 159 56 propter
831 1631 115 56 hoc,
903 1631 115 56 quod
975 1631 202 56 substantia
1119 1631 87 56 tem-

715 1673 120 40 poris
795 1673 134 40 latet,
888 1673 93 40 non
942 1673 107 40 quia
1008 1673 174 40 infinitum
1142 1673 107 40 non

704 1709 105 46 est
764 1709 210 46 manifestum
929 1709 105 46 per
988 1709 90 46 se
1033 1709 90 46 in
1063 1709 150 46 tempore.

713 1751 72 50 &
741 1751 130 50 forte
828 1751 144 50 tacuit
929 1751 115 50 hoc,
1001 1751 115 50 quia
1073 1751 101 50 est
1116 1751 101 50 mani-

708 1789 160 45 festum,
825 1789 73 45 &
854 1789 116 45 post
926 1789 232 45 declarabitur
1115 1789 87 45 in
1144 1789 73 45 mo-

702 1829 117 44 tu,
769 1829 100 44 si
819 1829 267 44 declarabitur
1036 1829 150 44 motum
1120 1829 100 44 esse

691 1876 182 39 aeternum.
