1416 2066
203 157 165 41 meratum,
327 157 69 41 &
355 157 138 41 motum,
451 157 69 41 &
478 157 151 41 tempus,
588 157 96 41 est
630 157 96 41 vera,

221 194 100 48 licet
288 194 67 48 in
321 194 89 48 hoc,
377 194 89 48 quod
433 194 134 48 vtrumque
533 194 123 48 numerat
611 194 112 48 reliquum

224 237 71 48 eo
260 237 106 48 modo,
330 237 82 48 quo
377 237 129 48 diximus
471 237 141 48 scilicet
577 237 129 48 quoniam
659 237 71 48 vnum

220 270 146 45 numerat
326 270 146 45 alterum
432 270 239 45 essentialiter,
631 270 66 45 &
644 270 80 45 alte

220 310 83 52 rum
268 310 130 52 numerat
362 310 107 52 illud
433 310 83 52 per
481 310 154 52 accidens,
599 310 71 52 d.
634 310 118 52 quemad

219 352 125 51 modum
303 352 139 51 igitur
400 352 209 51 cognoscimus
568 352 98 51 per
609 352 112 51 nuine-

220 389 104 53 rum,
285 389 91 53 &c,
337 389 78 53 i.
376 389 195 53 quemadmodum
532 389 130 53 igitur
623 389 91 53 per
662 389 65 53 nu-

220 436 129 30 merum
306 436 144 30 scimus
406 436 201 30 numeratum,
564 436 100 30 sic
607 436 115 30 scimus

215 468 169 50 numerum
338 468 169 50 istorum
461 468 169 50 equorum
584 468 108 50 per
631 468 92 50 nume

210 508 119 38 rum,
284 508 104 38 cum
344 508 163 38 numerus
463 508 134 38 eorum
552 508 148 38 fuerit
641 508 74 38 co-

222 541 132 54 gnitus.
318 541 156 54 similiter
438 541 84 54 per
486 541 168 54 numeratum,
618 541 96 54 quod
666 541 60 54 est

214 585 129 41 equus
300 585 129 41 vnus,
386 585 144 41 scimus
486 585 158 41 numerum
587 585 129 41 illorum

214 629 96 37 cum
269 629 178 37 acciderit
406 629 124 37 nobis
489 629 178 37 dubitare,
626 629 96 37 aut
667 629 55 37 er

213 662 111 37 rare
282 662 83 37 in
324 662 139 37 numero
421 662 166 37 illorum.
546 662 69 37 &
574 662 97 37 ita
629 662 97 37 est
671 662 55 37 de

223 708 162 41 tempore
341 708 103 41 cum
400 708 133 41 motu,
488 708 74 41 &
518 708 162 41 accidit
621 708 103 41 nobis

211 740 89 38 vt
256 740 163 38 numerum
374 740 178 38 numerari
508 740 104 38 per
553 740 163 38 numeratum

224 776 81 53 sit
271 776 93 53 per,
329 776 151 53 accidens.
445 776 128 53 quoniam
537 776 81 53 non
584 776 128 53 facimus
665 776 58 53 hoc

217 808 130 50 semper
308 808 78 50 in
347 808 182 50 principio,
489 808 117 50 sicut
567 808 143 50 facimus
658 808 65 50 hoc

221 855 86 54 in
264 855 229 54 mensuratione
450 855 172 54 numerati
579 855 100 54 per
622 855 100 54 nume-

221 892 72 53 ru:
262 892 72 53 sed
303 892 114 53 facimus
386 892 72 53 hoc
427 892 72 53 per
469 892 114 53 accuns,
551 892 124 53 scilicet
644 892 83 53 quod
686 892 41 53 il

219 933 94 43 lud,
278 933 94 43 quod
336 933 82 43 est
383 933 117 43 notius
465 933 94 43 apud
524 933 82 43 nos
559 933 164 43 naturaleitus

218 972 97 51 est
273 972 166 51 numerus,
398 972 69 51 &
425 972 179 51 ignoratum
550 972 179 51 naturaliter

217 1009 89 55 est
268 1009 178 55 numeratum:
408 1009 64 55 &
434 1009 89 55 sic
485 1009 127 55 semper
574 1009 89 55 per
612 1009 102 55 notius

216 1049 112 55 quod
286 1049 98 55 est
342 1049 168 55 numerus,
468 1049 140 55 scimus
553 1049 168 55 latentius,

214 1088 113 53 quod
285 1088 99 53 est
341 1088 198 53 numeratum.
497 1088 85 53 &,
540 1088 85 53 si
582 1088 113 53 post
639 1088 85 53 hano

221 1139 202 45 cognitionem
382 1139 148 45 accidit
490 1139 121 45 nobis
570 1139 148 45 errare,
665 1139 67 45 aut

212 1168 168 42 dupitare
338 1168 84 42 in
380 1168 154 42 numero,
493 1168 112 42 tunc
549 1168 168 42 reuertimur

215 1213 78 49 &
247 1213 156 49 scimus
356 1213 171 49 numerum
480 1213 109 49 per
542 1213 140 49 ipsum
620 1213 109 49 nume-

213 1246 129 54 ratum.
303 1246 64 54 &
329 1246 154 54 secundum
445 1246 90 54 hoc
496 1246 90 54 est
535 1246 193 54 intelligendum

221 1290 111 48 dem
285 1290 175 48 numero,
412 1290 79 48 &
443 1290 206 48 numerato,
602 1290 79 48 &
618 1290 111 48 motu,

205 1326 62 52 &
229 1326 150 52 tempore,
342 1326 150 52 scilicet
454 1326 75 52 in
492 1326 100 52 hoc,
554 1326 100 52 quod
604 1326 125 52 vtrunque

212 1366 185 53 numerat
330 1366 185 53 reliquum.

259 1405 90 45 Et
304 1405 105 45 hoc
364 1405 269 45 rationabiliter
573 1405 150 45 accidit,

207 1453 232 44 Sequitur
380 1453 154 44 enim
458 1453 270 44 magnitudinem

215 1500 171 38 motus,
335 1500 154 38 motum
437 1500 154 38 autem
540 1500 188 38 tempus,
660 1500 68 38 ex

214 1541 98 52 eo,
270 1541 112 52 quia
340 1541 154 52 quanta,
452 1541 70 52 &
480 1541 182 52 continua,
619 1541 84 52 ti
661 1541 70 52 &
689 1541 70 52 &

217 1582 194 44 discreta
362 1582 145 44 sunt.
459 1582 194 44 Tpropter
604 1582 97 44 ea
636 1582 97 44 enim

206 1621 127 54 quod
285 1621 206 54 magnitudo
443 1621 111 54 est
507 1621 221 54 huiusmodi,
665 1621 63 54 mo

206 1663 113 43 tus
270 1663 129 43 haec
351 1663 194 43 patitur:
496 1663 177 43 propter
609 1663 113 43 autem

204 1709 164 54 motum
313 1709 200 54 tempus.
459 1709 164 54 Atque
550 1709 164 54 mensura

209 1749 126 46 mus
281 1749 90 46 &
317 1749 306 46 magnitudinem,
569 1749 162 46 motu,
677 1749 90 46 &

211 1791 153 43 motum
313 1791 272 43 magnitudine.
534 1791 170 43 multam
636 1791 85 43 eni

215 1836 176 46 dicimus
343 1836 128 46 esse
423 1836 144 46 viam,
518 1836 96 46 si
550 1836 176 46 ambulatio

747 156 133 46 multa
836 156 118 46 est,
910 156 74 46 &
940 156 133 46 hanc,
1028 156 163 46 multam,
1147 156 89 46 si
1176 156 89 46 vial

746 195 143 55 multa
842 195 127 55 sit:
921 195 80 55 &
953 195 175 55 tempus,
1081 195 96 55 si
1113 195 127 55 motus,

739 240 92 51 &
775 240 184 51 motum,
904 240 110 51 si
941 240 165 51 tempus.

792 282 90 65 Et
837 282 135 65 recte
927 282 180 65 sequitur
1063 282 120 65 hoc.
1123 282 135 65 Quoniam

742 341 147 55 motus
839 341 196 55 sequitur
986 341 261 55 quantitatem,
1198 341 82 55 &

739 373 161 69 tempus
851 373 193 69 sequitur
996 373 161 69 motum,
1108 373 129 69 quia
1173 373 80 69 est

744 430 84 60 de
786 430 210 60 quantitate,
954 430 70 60 &
982 430 98 60 est
1038 430 84 60 de
1066 430 182 60 diuisibili.

745 475 191 65 quoniam,
888 475 191 65 secundum
1032 475 127 65 quod
1096 475 159 65 mensura,

746 525 91 61 est
798 525 131 61 talis,
890 525 117 61 motus
968 525 91 61 est
1020 525 131 61 talis:
1111 525 78 61 et
1151 525 104 61 quia
1203 525 52 61 mo

741 573 89 62 tus
792 573 89 62 est
843 573 127 62 talis,
932 573 114 62 tepus
1008 573 89 62 est
1059 573 114 62 tale.
1136 573 76 62 Et
1161 573 89 62 etiam

740 620 187 62 mensura
876 620 238 62 mensuratur
1062 620 119 62 per
1113 620 136 62 motum,

735 668 88 62 &
770 668 158 62 motus
875 668 123 62 per
945 668 228 62 mensuram.
1102 668 140 62 dicimu

738 716 135 68 enim
823 716 135 68 viam
907 716 135 68 esse
992 716 186 68 longam,
1110 716 135 68 quando

741 770 158 61 cursus
852 770 158 61 fuerit
962 770 174 61 longus,
1089 770 79 61 &
1105 770 142 61 dicimus

737 816 114 62 cur
802 816 114 62 sum
867 816 130 62 esse
948 816 179 62 longum,
1078 816 163 62 quando
1176 816 81 62 vla

738 864 148 66 fuerit
842 864 148 66 longa:
945 864 74 66 &
974 864 162 66 dicimus
1093 864 89 66 de
1122 864 133 66 tempore

740 914 205 57 secundum
894 914 171 57 motum,
1014 914 86 57 &
1048 914 103 57 de
1099 914 137 57 motu
1167 914 86 57 se-

742 964 171 58 cundum
845 964 154 58 tempus.

786 1004 74 62 Id
823 1004 86 62 est
872 1004 111 62 recte
945 1004 160 62 contingit
1068 1004 74 62 vt
1105 1004 111 62 tpers
1167 1004 98 62 mensu-

746 1050 104 41 ret
806 1050 149 41 motum.
910 1050 164 41 quoniam
1029 1050 224 41 quemadmodum
1193 1050 60 41 mo

746 1089 85 54 tus
794 1089 145 54 sequitur
903 1089 145 54 mensuram
1013 1089 73 54 in
1049 1089 97 54 hoc,
1110 1089 97 54 quod
1170 1089 85 54 est
1207 1089 48 54 de

754 1126 124 50 quanto,
844 1126 56 50 &
866 1126 68 50 de
900 1126 146 50 continuo,
1013 1126 56 50 &
1035 1126 146 50 diuisibil
1136 1126 113 50 scilicet

748 1166 126 52 quoniam
839 1166 92 52 ista
897 1166 92 52 esse
954 1166 69 52 in
989 1166 92 52 motu
1046 1166 92 52 est,
1104 1166 126 52 propter
1184 1166 69 52 illa

748 1212 96 51 esse
808 1212 72 51 in
844 1212 144 51 mensura,
952 1212 156 51 similiter
1071 1212 108 51 tpens
1131 1212 120 51 sequitur

747 1246 113 52 motum
822 1246 75 52 in
859 1246 138 52 habendo
959 1246 113 52 ista,
1034 1246 150 52 scilicet
1147 1246 100 52 quia
1197 1246 63 52 est

744 1284 179 46 quantum
874 1284 211 46 discretum
1036 1284 162 46 quodam
1133 1284 114 46 modo,

747 1324 59 51 &
771 1324 153 51 continuum
889 1324 94 51 alio
948 1324 94 51 modo
1007 1324 59 51 ,
1031 1324 71 51 i.
1066 1324 94 51 quod
1125 1324 94 51 ista
1172 1324 71 51 sunt

746 1364 73 52 in
782 1364 86 52 eo,
831 1364 135 52 propter
929 1364 98 52 hoc,
991 1364 98 52 quod
1052 1364 98 52 sunt
1113 1364 73 52 in
1150 1364 110 52 motu.
1211 1364 49 52 Et

750 1404 73 56 hoc
791 1404 155 56 intendebat,
915 1404 62 56 cu
947 1404 104 56 dixit:
1019 1404 114 56 quoniam
1102 1404 124 56 secundum
1185 1404 62 56 quod

751 1448 103 48 mensura
826 1448 66 48 est
863 1448 94 48 talis,
929 1448 66 48 &c.
966 1448 56 48 i.
994 1448 113 48 quoniam,
1079 1448 113 48 secundum
1163 1448 75 48 quod
1201 1448 56 48 men-

747 1484 99 46 sura
808 1484 86 46 est
858 1484 161 46 huiusmodi
981 1484 235 46 continuationis,
1179 1484 62 46 &
1191 1484 62 46 di-

749 1523 180 49 scretionis,
893 1523 60 49 &
917 1523 192 49 quantitatis,
1073 1523 96 49 ideo
1133 1523 108 49 motus
1193 1523 60 49 est

744 1562 155 40 huiusmodi
863 1562 72 40 de
899 1562 179 40 quantitate,
1042 1562 60 40 &
1066 1562 191 40 discretione,
1221 1562 60 40 &

750 1598 209 44 continuatione:
924 1598 70 44 &,
959 1598 93 44 quia
1017 1598 104 44 motus
1087 1598 81 44 est
1121 1598 128 44 huiusmodi

746 1639 76 44 de
784 1639 227 44 continuatione,
973 1639 88 44 aut
1024 1639 202 44 discretione,
1175 1639 76 44 ideo

753 1679 99 44 taens
819 1679 77 44 est
863 1679 153 44 huiusmodi.
983 1679 66 44 Et
1016 1679 153 44 intendebat
1136 1679 77 44 per
1180 1679 77 44 hoc
1213 1679 44 44 de

751 1717 118 53 clarare
837 1717 86 53 quod
891 1717 97 53 causa
955 1717 64 53 in
988 1717 86 53 hoc,
1041 1717 86 53 quod
1095 1717 118 53 accidit
1170 1717 86 53 tperi,

750 1757 88 53 icet
805 1757 88 53 quod
860 1757 154 53 mensuratur
981 1757 77 53 per
1026 1757 99 53 motum
1092 1757 88 53 est,
1147 1757 88 53 quia
1202 1757 77 53 mo

749 1798 67 52 tus
788 1798 67 52 est
826 1798 87 52 causa
884 1798 58 52 in
913 1798 77 52 esse
961 1798 87 52 eius,
1019 1798 115 52 secundum
1105 1798 77 52 quod
1153 1798 67 52 est
1182 1798 77 52 subie-

744 1836 95 46 ctum
804 1836 131 46 illius.
899 1836 60 46 &
923 1836 95 46 ideo
983 1836 131 46 accidit
1078 1836 84 46 ei,
1126 1836 84 46 cum
1162 1836 95 46 fuerit
