1416 2066
151 164 92 54 erit
209 164 116 54 igitur
290 164 116 54 duplex
371 164 116 54 etiam,
452 164 150 54 videlicet
556 164 104 54 substam

160 213 108 41 tia,
228 213 68 41 &
255 213 190 41 quantitas.
404 213 163 41 deinceps
513 213 149 41 interroga

159 252 109 49 bimus
231 252 85 49 eos
280 252 109 49 vtrum
352 252 109 49 ipsum
425 252 97 49 ens,
486 252 109 49 quoid
558 252 85 49 est
594 252 73 49 vnum

156 288 199 43 indiuiduo,
312 288 142 43 habeat
411 288 241 43 definitionem,
596 288 71 43 vel

160 325 94 54 ne.
213 325 81 54 &,
254 325 81 54 si
294 325 216 54 definitionem
470 325 135 54 habere
551 325 121 54 negent,

157 372 186 44 negabunt
296 372 124 44 eroo
373 372 139 44 ipsum
466 372 155 44 habere
559 372 108 44 natu-

157 394 110 48 ram.
226 394 82 48 si
267 394 110 48 vero
336 394 220 48 definitionem
514 394 137 48 habere
596 394 69 48 as-

163 439 145 53 ferant.
269 439 106 53 ergo
335 439 145 53 habebit
440 439 132 53 omnino
533 439 132 53 partes
612 439 53 53 de

161 478 191 51 finitionis,
314 478 102 51 quae
378 478 89 51 cum
429 478 153 51 definito
531 478 140 51 existant.

165 524 88 45 vt
209 524 118 45 grea
283 524 162 45 exempli
401 524 118 45 homo
475 524 103 45 sit
533 524 103 45 ens
578 524 88 45 vnum

165 556 170 48 oportebit
296 556 131 48 inquam
388 556 131 48 inesse
479 556 79 48 ei
519 556 131 48 partes
597 556 66 48 de-

162 590 203 37 finitionis,
325 590 95 37 hoc
379 590 95 37 est
434 590 149 37 animal,
542 590 68 37 &
556 590 108 37 ratio-

165 628 98 52 nale,
230 628 87 52 quae
284 628 87 52 sunt
339 628 87 52 eius
393 628 152 52 definitio.
512 628 108 52 neque:
577 628 87 52 potest

164 669 109 37 quis
232 669 150 37 censere
341 669 109 37 haec
409 669 109 37 esse
477 669 191 37 accidentia
614 669 54 37 in

167 709 151 37 homine,
277 709 179 37 videlicet
415 709 207 37 animalitas,
580 709 69 37 &
594 709 69 37 ra-

170 743 199 43 tionalitas:
329 743 146 43 quoniam
435 743 172 43 oporteret
567 743 66 43 &
580 743 93 43 ipsum

166 781 199 51 compositum
322 781 85 51 ex
365 781 128 51 ipsis
450 781 114 51 esse
507 781 156 51 accidens,

168 821 82 37 Hac
215 821 116 37 igitur
296 821 128 37 ratione
390 821 105 37 entia
459 821 93 37 sunt
518 821 116 37 plura:
588 821 82 37 licet

168 859 84 39 non
216 859 205 39 distinguantur
385 859 72 39 ab
421 859 108 39 ente,
493 859 96 39 quod
554 859 84 39 est
590 859 72 39 vnum

243 898 194 48 Secundum
372 898 211 48 Argumentum.

162 933 205 51 Identidem
320 933 110 51 eos
383 933 283 51 interrogabimus
603 933 63 51 de

171 970 87 40 hoc
220 970 112 40 nole,
295 970 99 40 Vnum
357 970 137 40 numero,
456 970 99 40 quid
518 970 149 40 scilicet
617 970 50 40 de

163 1006 125 54 rebus
246 1006 167 54 famosis.
371 1006 83 54 de
413 1006 139 54 quibus
510 1006 125 54 ipsum
580 1006 83 54 vnum

167 1044 133 53 dicitur
264 1044 85 53 per
312 1044 109 53 ipsum
385 1044 181 53 significare
530 1044 133 53 velint.
615 1044 60 53 nam

164 1084 107 39 hoc
225 1084 153 39 nomen,
332 1084 138 39 Vnum,
424 1084 92 39 de
470 1084 153 39 tribus
562 1084 107 39 dicit

161 1120 165 42 quidem,
281 1120 135 42 Primo
371 1120 90 42 de
416 1120 195 42 continuo,
566 1120 90 42 vt
596 1120 75 42 cum

161 1157 165 45 dicimus
281 1157 150 45 lineam
386 1157 165 45 aliquam
505 1157 120 45 esse
565 1157 105 45 vnam,

165 1197 153 37 Secundo
277 1197 84 37 de
318 1197 237 37 indiuisibili,
514 1197 84 37 vt
555 1197 98 37 cum
597 1197 70 37 di-

168 1244 137 38 cimus
259 1244 167 38 punctum
381 1244 122 38 esse
457 1244 137 38 vnum,
548 1244 76 38 &
563 1244 107 38 finem

172 1273 127 41 vnum,
257 1273 141 41 Tertio
355 1273 85 41 de
398 1273 99 41 re,
454 1273 113 41 quae
525 1273 127 41 habet
595 1273 71 41 duo

147 1310 164 51 nomina
261 1310 213 51 synonyma,
425 1310 98 51 vt
474 1310 114 51 cum
523 1310 147 51 dicimus

148 1349 166 40 vestem,
268 1349 75 40 &
299 1349 211 40 indumentum
464 1349 120 40 esse
539 1349 136 40 vnum.
615 1349 60 40 Si

163 1389 146 41 ligitur
269 1389 132 41 dicant
361 1389 199 41 fignificare
507 1389 159 41 continuum,

161 1428 121 38 tunc
236 1428 166 38 dicemus
357 1428 106 38 eis
418 1428 166 38 corpora
524 1428 151 38 continua

172 1468 83 45 esse
224 1468 135 45 duplicia,
327 1468 125 45 similia,
421 1468 125 45 scilicet
514 1468 62 45 vt
545 1468 93 45 caro,
608 1468 52 45 &
618 1468 52 45 os,

165 1501 63 38 &
191 1501 215 38 dissimilaria,
368 1501 76 38 vt
406 1501 127 38 manus,
495 1501 63 38 &
520 1501 101 38 pes.
583 1501 76 38 Si
609 1501 63 38 au-

168 1541 88 37 tem
219 1541 76 37 de
257 1541 189 37 similaribus
408 1541 189 37 intelligere
547 1541 114 37 velint,

166 1581 115 37 tunc
237 1581 158 37 dicemus
352 1581 129 37 ipsum
438 1581 172 37 similare
552 1581 115 37 corpus

168 1620 126 42 quamuis
259 1620 80 42 sit
305 1620 103 42 vnum,
374 1620 92 42 esse
431 1620 103 42 tamen
499 1620 103 42 plura
557 1620 114 42 secundum

171 1653 165 47 diuisionem:
303 1653 55 47 &
325 1653 77 47 sic
369 1653 132 47 sequetur
468 1653 88 47 idem
523 1653 88 47 esse
578 1653 99 47 vnum,
633 1653 33 47 &

164 1692 104 44 plura
234 1692 104 44 silir
303 1692 104 44 neque
372 1692 115 44 dicere
453 1692 127 44 possunt
545 1692 104 44 ipsum
603 1692 69 44 esse

170 1726 99 50 vnum
231 1726 111 50 actu,
305 1726 111 50 plura
379 1726 111 50 tamen
453 1726 160 50 potentia,
577 1726 74 50 vt
601 1726 62 50 nos

171 1764 135 55 dicimus:
272 1764 124 55 quoniam
362 1764 90 55 ipsi
418 1764 79 55 non
463 1764 168 55 intelligunt
586 1764 79 55 vnum,

167 1802 94 57 vel
220 1802 121 57 plura
301 1802 107 57 dici
368 1802 214 57 multifariam,
542 1802 107 57 ita,
596 1802 80 57 quid

687 165 164 45 aliquid
806 165 104 45 sit
866 165 149 45 partim
970 165 134 45 vnum,
1060 165 149 45 partim
1149 165 60 45 in

687 208 140 50 plura.
785 208 84 50 &,
827 208 84 50 si
869 208 168 50 acceptum
996 208 140 50 fuerit
1094 208 98 50 hoc
1136 208 56 50 ab

687 246 108 42 eis,
755 246 149 42 quiduam
864 246 136 42 dicent
959 246 81 42 de
999 246 163 42 continuo
1108 246 81 42 dif-

685 287 229 43 similarium
864 287 196 43 partium,
1011 287 98 43 vt
1060 287 147 43 homo,
1142 287 49 43 &

681 326 150 49 equus:
786 326 135 49 manus
876 326 120 49 enim
951 326 165 49 hominis
1071 326 105 49 non
1116 326 75 49 est

688 365 127 49 homo,
772 365 127 49 neque
857 365 127 49 caput
941 365 99 49 est
998 365 141 49 manus.
1096 365 99 49 Et,
1139 365 56 49 si

689 398 138 57 velint
786 398 138 57 partem
882 398 110 57 Tnon
951 398 110 57 esse
1020 398 151 57 praeter
1116 398 69 57 to-

682 443 122 47 tum,
758 443 76 47 &
788 443 167 47 moueant
910 443 137 47 illud
1001 443 167 47 priscum
1107 443 76 47 du-

684 479 124 43 bium,
767 479 110 43 quod
835 479 124 43 solet
918 479 178 43 dubitari,
1041 479 151 43 videlicet

689 516 108 49 quod,
761 516 72 49 si
797 516 156 49 quaelibet
917 516 96 49 pars
976 516 84 49 rei
1024 516 108 49 esset
1096 516 108 49 aliud
1156 516 36 49 a

682 556 125 38 toto,
766 556 125 38 esset
849 556 70 38 &
877 556 125 38 ipsum
960 556 125 38 totum
1044 556 125 38 aliud
1127 556 70 38 s
1141 556 42 38 a

683 594 155 40 seipso,
795 594 98 40 cum
852 594 127 40 omnes
936 594 141 40 partes
1034 594 112 40 sint
1091 594 98 40 ipsum

681 630 145 37 totum.
782 630 130 37 Cuius
869 630 159 37 solutio
984 630 101 37 non
1042 630 101 37 est
1086 630 101 37 admo-

684 669 101 45 dum
741 669 145 45 ardua.
843 669 87 45 si
886 669 116 45 enim
958 669 203 45 vnaquaeque
1103 669 87 45 pars

690 708 146 38 seorsum
796 708 93 38 sit
849 708 66 38 s
876 708 120 38 aliud
955 708 66 38 a
982 708 120 38 toto,
1062 708 93 38 non
1101 708 80 38 pro-

695 744 137 48 pterea
791 744 164 48 sequitur
914 744 82 48 vt
955 744 123 48 omnes
1037 744 109 48 sint
1092 744 96 48 aliud

690 784 71 50 a
718 784 128 50 toto.
804 784 157 50 quoniam
918 784 100 50 id,
975 784 114 50 quod
1046 784 100 50 est
1089 784 100 50 verum

686 820 164 38 diuisim
805 820 104 38 non
865 820 104 38 est
925 820 134 38 verum
1014 820 89 38 in
1044 820 149 38 composi-

688 868 98 30 to,
744 868 84 30 vt
786 868 84 30 in
828 868 126 30 libro
912 868 210 30 Elenchorum,
1081 868 70 30 &
1095 868 98 30 Inter

686 893 195 51 pretationis
842 893 156 51 ostensum
959 893 104 51 est.
1024 893 104 51 Sed,
1089 893 78 51 si
1128 893 91 51 in

686 940 180 45 diuisibile
827 940 193 45 intelligere
982 940 141 45 velint,
1084 940 103 45 tunc
1136 940 51 45 ip

689 973 97 38 sum
744 973 97 38 ens
800 973 124 38 neque
882 973 179 38 quantitas
1020 973 124 38 erit,
1089 973 97 38 neque

695 1010 171 48 qualitas,
826 1010 92 48 vel
879 1010 197 48 substantia,
1036 1010 92 48 aut
1076 1010 118 48 aliquod

685 1044 136 46 aliud
775 1044 196 46 praedicam
926 1044 151 46 entum,
1031 1044 136 46 neque
1107 1044 90 46 dabi

685 1085 99 46 tur
742 1085 156 46 aliquod
855 1085 170 46 finitum,
982 1085 85 46 vt
1025 1085 142 46 postit
1110 1085 85 46 Par-

686 1123 182 48 menides,
822 1123 136 48 neque
913 1123 212 48 infinitum,
1079 1123 91 48 vt
1109 1123 76 48 Me-

685 1160 147 48 lissus.
791 1160 93 48 nam
845 1160 120 48 finis
925 1160 120 48 aliud
1004 1160 93 48 est
1058 1160 107 48 quam
1111 1160 80 48 res,

690 1197 119 49 cuius
769 1197 92 49 est
822 1197 132 49 finis:
914 1197 66 49 &
940 1197 92 49 sic
993 1197 92 49 res
1046 1197 119 49 erunt
1112 1197 79 49 pun-

688 1237 125 45 ctum,
771 1237 97 45 vel
827 1237 153 45 aliquod
938 1237 236 45 indiuisibile.
1119 1237 69 45 At,

684 1272 84 42 si
726 1272 112 42 rem,
796 1272 126 42 quae,
880 1272 98 42 cum
936 1272 98 42 sit
991 1272 140 42 eadem,
1089 1272 98 42 duo
1131 1272 56 42 no

683 1310 123 53 mina
759 1310 184 53 synonyma
897 1310 153 53 habet,
990 1310 199 53 intelligere

688 1349 147 50 velint
791 1349 103 50 per
850 1349 103 50 hoc
908 1349 147 50 nonien
1011 1349 132 50 vnum,
1084 1349 103 50 seque

687 1396 139 34 retur
779 1396 124 34 quod
857 1396 247 34 contrariorum
1042 1396 139 34 nomina,

691 1428 88 38 vt
735 1428 147 38 album,
838 1428 73 38 &
867 1428 161 38 nigrum,
985 1428 161 38 calidum
1102 1428 73 38 &
1117 1428 73 38 fri

691 1461 129 54 gidum
777 1461 115 54 idem
848 1461 258 54 significarent:
1063 1461 100 54 sic
1106 1461 86 54 enim

684 1501 143 44 omnia
779 1501 143 44 erunt
874 1501 206 44 synonyma:
1033 1501 158 44 hocque
1128 1501 63 44 no

688 1540 105 46 men
748 1540 166 46 animal,
869 1540 75 46 &
899 1540 166 46 stirps,
1019 1540 136 46 atque
1095 1540 90 46 ina-

681 1574 186 44 nimatum
816 1574 135 44 idem
901 1574 253 44 indicabunt:
1087 1574 101 44 nomi

684 1612 92 53 na
730 1612 154 53 quoque
837 1612 246 53 oppositorum.
1037 1612 108 53 Et,
1099 1612 92 53 si
1130 1612 62 53 no

689 1652 100 47 bis
746 1652 143 47 dicant
846 1652 100 47 hoc
903 1652 129 47 idem,
989 1652 114 47 quod
1060 1652 100 47 nos
1118 1652 100 47 in

687 1688 158 42 ferimus
801 1688 86 42 de
845 1688 129 42 ente,
931 1688 172 42 sequetur
1060 1688 129 42 etiam
1132 1688 57 42 de

686 1732 127 42 vno,
765 1732 79 42 &
797 1732 143 42 eodem
892 1732 222 42 indiuiduo:
1066 1732 111 42 nam
1114 1732 79 42 plu

687 1765 79 38 ra
726 1765 185 38 ascribetis
872 1765 93 38 ei,
925 1765 93 38 cum
978 1765 93 38 sit
1031 1765 119 38 tamen
1097 1765 93 38 vnum.

679 1800 179 58 asseritis
817 1800 138 58 igitur
913 1800 110 58 vnum
982 1800 110 58 esse
1037 1800 110 58 plura.
