1416 2066
174 941 107 52 Cum
235 941 153 52 posuit
342 941 122 52 quod
418 941 183 52 velocius
540 941 153 52 pertran-

192 981 93 50 sit
245 981 227 50 magnitudinem,
432 981 107 50 quam
499 981 174 50 petransis
619 981 80 50 tar-

192 1021 90 48 dius
248 1021 67 48 in
282 1021 112 48 minori
360 1021 101 48 tpre,
428 1021 56 48 &
450 1021 90 48 quod
506 1021 124 48 tardius
585 1021 112 48 pertran-

186 1055 85 52 sit
234 1055 72 52 in
270 1055 97 52 illo
331 1055 109 52 tpre,
403 1055 72 52 in
439 1055 85 52 quo
488 1055 169 52 pertransit
608 1055 85 52 velo-

181 1092 133 51 cius
265 1092 250 51 magnitudine
464 1092 166 51 minore
564 1092 133 51 magni-

186 1129 134 48 tudine,
284 1129 98 48 quam
345 1129 171 48 pertransit
479 1129 159 48 velocius,
601 1129 61 48 &
626 1129 98 48 quod

197 1167 169 51 velocitas,
330 1167 61 51 &
354 1167 157 51 tarditas,
475 1167 157 51 procedunt
596 1167 73 51 in
633 1167 85 51 in¬

193 1205 144 44 finitum,
301 1205 156 44 conclusit
421 1205 72 44 ex
458 1205 84 44 hoc
506 1205 96 44 quod
554 1205 144 44 diuisibili

190 1243 85 47 tas
239 1243 73 47 in
275 1243 195 47 magnitudine,
434 1243 61 47 &
458 1243 110 47 tpre,
531 1243 146 47 procedit
629 1243 61 47 per

191 1282 175 40 diuisione
325 1282 162 40 temporis
446 1282 67 40 a
473 1282 188 40 velociori,
621 1282 81 40 :&
648 1282 54 40 ma

189 1325 178 40 gnitudinis
329 1325 64 40 a
355 1325 153 40 tardiori
469 1325 76 40 in
507 1325 178 40 infinitum.
647 1325 76 40 &,

196 1356 83 46 cum
244 1356 131 46 diuisio
339 1356 83 46 est
386 1356 71 46 in
422 1356 83 46 eis
469 1356 131 46 semper:
564 1356 59 46 &
588 1356 83 46 hoc
624 1356 71 46 est,

195 1390 171 44 definitio
326 1390 171 44 continui.
458 1390 145 44 necesse
563 1390 92 44 est
616 1390 79 44 vt
642 1390 53 44 ma

193 1431 154 48 gnitudo,
309 1431 64 48 &
334 1431 116 48 tpers
411 1431 103 48 sint
476 1431 167 48 continua.
604 1431 77 48 Et
630 1431 64 48 de-

199 1467 155 52 clarauit
316 1467 104 52 hoc,
380 1467 142 52 ponendo
484 1467 104 52 quod
549 1467 142 52 tardius
639 1467 52 52 mo

197 1509 119 38 uetur
276 1509 92 38 per
329 1509 145 38 aliquam
434 1509 211 38 magnitudinem
592 1509 106 38 termi-

193 1546 113 45 natam
269 1546 76 45 in
307 1546 88 45 tpe
357 1546 176 45 terminato,
496 1546 63 45 &
521 1546 101 45 quod
571 1546 126 45 velocius

198 1578 125 51 mouetur
289 1578 80 51 per
334 1578 103 51 illam
403 1578 68 51 in
437 1578 103 51 tpere
505 1578 114 51 minori
585 1578 114 51 tpere,
653 1578 46 51 in

198 1620 84 47 quo
246 1620 132 47 mouetur
342 1620 144 47 tardius.
450 1620 108 47 veloc
521 1620 84 47 ius
569 1620 120 47 igitur
641 1620 60 47 di-

195 1660 108 45 uidit
267 1660 121 45 tpeos,
352 1660 72 45 in
388 1660 84 45 quo
436 1660 133 45 mouetur
532 1660 145 45 tasdius.
641 1660 72 45 &,

191 1692 90 46 cum
243 1692 181 46 posuerimus
385 1692 103 46 quod
449 1692 142 46 tardius
552 1692 142 46 mouetur
642 1692 52 46 in

190 1727 83 51 hoc
237 1727 118 51 tpere,
320 1727 71 51 in
355 1727 83 51 quo
402 1727 130 51 mouetur
497 1727 141 51 velocius
603 1727 83 51 per
638 1727 59 51 il-

191 1763 96 56 lam
246 1763 220 56 magnitudinem
425 1763 206 56 terminatam,
589 1763 96 56 non
630 1763 69 56 est

191 1805 127 53 dubium
280 1805 101 53 quod
343 1805 165 53 mouebitur
470 1805 89 53 per
508 1805 190 53 magnitudinem,

710 947 137 39 minorem
809 947 112 39 illa.
883 947 74 39 &,
921 947 74 39 si
958 947 99 39 non,
1020 947 99 39 tunc
1082 947 149 39 tardius,
1194 947 62 39 &

716 982 167 41 velocius
841 982 194 41 mouerentur
994 982 83 41 in
1036 982 125 41 eodem
1105 982 125 41 tempore

716 1021 97 48 per
772 1021 139 48 eandem
869 1021 236 48 magnitudinem.
1063 1021 83 48 &,
1105 1021 97 48 cum
1147 1021 83 48 tar-

711 1056 109 53 dius
780 1056 150 53 mouetur
889 1056 82 53 in
930 1056 123 53 tpre,
1012 1056 82 53 in
1053 1056 96 53 quo
1094 1056 137 53 velocius

717 1092 197 51 pertransit
872 1092 141 51 minore
970 1092 239 51 magnitudinem,
1153 1092 70 51 ne-

714 1132 173 38 cessario
844 1132 159 38 diuidet
959 1132 246 38 magnitudinem.
1147 1132 72 38 Cum

719 1173 123 44 gitur
801 1173 191 44 posuerimus
952 1173 109 44 quod
1020 1173 164 44 velocius
1129 1173 96 44 mouet

718 1207 87 50 per
767 1207 112 50 illam
842 1207 211 50 magnitudinem,
1016 1207 87 50 per
1065 1207 99 50 quam
1115 1207 112 50 tardius

713 1244 146 47 mouetur,
822 1244 134 47 pertram
919 1244 85 47 sit
968 1244 109 47 ipsam
1041 1244 109 47 etiam
1114 1244 73 47 in
1138 1244 85 47 mino-

717 1280 56 57 ri
745 1280 84 57 tpere
801 1280 66 57 qua
838 1280 84 57 minus
895 1280 75 57 tpes
941 1280 112 57 scilicet
1026 1280 75 57 quae
1073 1280 103 57 tempus,
1147 1280 56 57 in
1166 1280 47 57 quo

715 1316 140 42 mouetur
817 1316 89 42 per
868 1316 114 42 illam
944 1316 216 42 magnitudinem.
1121 1316 89 42 Et,
1160 1316 63 42 cum

716 1357 173 45 posuerimus
852 1357 111 45 etiam
926 1357 99 45 quod
987 1357 136 45 tardius
1086 1357 136 45 mouetur
1173 1357 49 45 in

718 1395 83 46 hoc
765 1395 94 46 tpre
824 1395 83 46 per
872 1395 106 46 illam
942 1395 201 46 magnitudinem,
1108 1395 83 46 per
1143 1395 71 46 quam

714 1428 150 38 mouetur
823 1428 177 38 velocius,
960 1428 191 38 necessario
1096 1428 123 38 mouetur

717 1469 103 44 per
776 1469 236 44 magnitudinem
968 1469 162 44 minorem
1085 1469 118 44 illa
1144 1469 74 44 mi-

711 1501 118 52 nore.
790 1501 66 52 &
816 1501 92 52 sic
868 1501 79 52 in
908 1501 170 52 infinitum
1039 1501 131 52 semper
1117 1501 92 52 velo-

713 1539 102 45 cius
777 1539 141 45 diuidit
879 1539 141 45 tpoeos,
982 1539 64 45 &
1007 1539 141 45 tardius
1097 1539 115 45 diuidit

712 1580 244 52 magnitudinem.
912 1580 143 52 Arist.
1012 1580 143 52 vtitur
1113 1580 86 52 in
1141 1580 72 52 hoc

712 1615 157 51 literis,
830 1615 79 51 vt
869 1615 92 51 sit
921 1615 92 51 hoc
974 1615 118 51 magis
1039 1615 157 51 manifestum

712 1651 68 43 &
740 1651 123 43 sermo
822 1651 109 43 eius
890 1651 82 43 in
931 1651 96 43 hoc
985 1651 96 43 est
1026 1651 178 43 manifestus.

711 1692 67 46 &
737 1692 161 46 intendit
858 1692 94 46 per
912 1692 201 46 ressexionem
1073 1692 107 46 hic,
1127 1692 81 46 quod

712 1732 171 49 velocius
840 1732 142 49 semper
940 1732 157 49 diuidit
1053 1732 157 49 tempus,
1167 1732 71 49 &

710 1767 164 52 tardius
829 1767 253 52 magnitudinem.
1038 1767 75 52 &
1068 1767 119 52 quod
1127 1767 75 52 hoc

704 1803 101 55 est
761 1803 129 55 quasi
847 1803 201 55 circulare,
1006 1803 72 55 &
1020 1803 187 55 reciprocum.
