1416 2066
174 180 91 46 rit,
231 180 91 46 erit
288 180 114 46 tpers.
368 180 69 46 &,
402 180 91 46 quia
459 180 149 46 proportio
574 180 91 46 esse
619 180 69 46 ali-

187 220 117 54 cuius
265 220 78 54 ad
304 220 117 54 rpeos
382 220 91 54 est
434 220 143 54 similis
526 220 169 54 proportioni

190 261 107 46 esse
257 261 107 46 eius
324 261 80 46 ad
364 261 134 46 locum,
457 261 67 46 &
484 261 94 46 est
524 261 161 46 manifestum

191 301 101 53 qores
258 301 79 53 non
303 301 168 53 attribuitur
438 301 101 53 loco,
505 301 90 53 ita.
561 301 90 53 quod
606 301 79 53 erit,

184 341 82 46 cum
231 341 118 46 fuerit
314 341 118 46 locus,
396 341 94 46 ideo
455 341 129 46 necesse
549 341 94 46 est,
608 341 71 46 vt
631 341 59 46 ita

194 379 169 51 attribuatur
329 379 135 51 tempori.
430 379 56 51 &
452 379 90 51 ideo
508 379 101 51 dixit
576 379 101 51 post,
632 379 45 51 ne

193 419 79 49 que
238 419 146 49 intentio,
350 419 79 49 &c.
395 419 79 49 Et,
440 419 79 49 cum
485 419 101 49 dedit
553 419 135 49 rationem
643 419 45 49 ad

192 456 191 51 destruendum
345 456 76 51 vt
383 456 140 51 aliquid
485 456 191 51 attribuatur
625 456 64 51 lo-

190 497 69 49 eo
225 497 196 49 attributiodoe
386 497 242 49 communiunctionis,
582 497 115 49 incoepit

188 534 197 45 confirmare
343 534 169 45 rationem
470 534 113 45 suam
526 534 155 45 inducendo

189 573 200 45 inopinabile
349 573 147 45 sequens
456 573 107 45 hanc
509 573 174 45 positionem,

195 616 61 48 in
225 616 81 48 loco
276 616 122 48 scilicet
367 616 101 48 dicere
438 616 81 48 quod
489 616 122 48 intentio
580 616 91 48 eius,
630 616 61 48 quid

191 660 78 47 est
236 660 123 47 aliquid
325 660 90 47 esse
381 660 67 47 in
415 660 101 47 loco,
482 660 78 47 est
527 660 101 47 quod,
594 660 78 47 cum
628 660 56 47 fue

192 693 85 54 rit
241 693 122 54 locus,
326 693 85 54 ent
375 693 85 54 res
424 693 61 54 &
448 693 122 54 dixit:
534 693 98 54 Qui,
595 693 73 54 si
631 693 73 54 in

191 732 111 52 tentio
268 732 100 52 eius,
335 732 89 52 quid
390 732 77 52 est
434 732 122 52 aliquid
523 732 89 52 esse
578 732 66 52 in
601 732 77 52 loco-

174 773 76 50 &c.
218 773 65 50 i.
250 773 120 50 quoniam
338 773 65 50 si
371 773 131 50 intentio
469 773 98 50 eius,
534 773 87 50 quid
589 773 76 50 est
622 773 65 50 ali-

192 807 86 53 quid
246 807 86 53 esse
300 807 65 53 in
333 807 86 53 loco
387 807 76 53 est
430 807 65 53 vt
462 807 86 53 sit,
516 807 97 53 quand
581 807 97 53 locus
635 807 54 53 fue

184 845 122 48 nttunc
269 845 146 48 intentio
379 845 97 48 eius
440 845 85 48 non
488 845 110 48 erit,
561 845 97 48 nisi
610 845 73 48 hoc,

192 886 83 49 quod
243 886 93 49 locus
306 886 73 49 rei
347 886 73 49 sit
389 886 93 49 omne,
451 886 93 49 quod,
513 886 73 49 cum
554 886 114 49 fuerit,
627 886 62 49 erit

193 924 68 46 res
232 924 117 46 secundum
320 924 204 46 communiunctionem,
495 924 68 46 non
533 924 117 46 secundum
611 924 78 46 essen-

192 966 118 44 tiam.
271 966 79 44 &,
310 966 92 44 cum
363 966 92 44 ita
415 966 105 44 sit,
481 966 66 44 &
494 966 197 44 coniunctiones

185 1005 100 53 sunt
248 1005 138 53 plures,
348 1005 100 53 tunc
411 1005 100 53 idem
474 1005 100 53 erit
537 1005 75 53 in
562 1005 125 53 pluiibus

195 1043 149 52 insimus.
307 1043 62 52 &
331 1043 112 52 magis
406 1043 187 52 inopinabile
556 1043 87 52 est
605 1043 100 52 quod

190 1083 69 50 si
225 1083 104 50 locus
294 1083 81 50 est
341 1083 115 50 illud,
421 1083 104 50 quid,
491 1083 81 50 cum
537 1083 127 50 fuerit,
618 1083 69 50 erit

194 1121 91 49 res,
250 1121 68 49 &,
285 1121 114 49 quando
364 1121 114 49 milium
444 1121 125 49 fuerit,
534 1121 91 49 erit
580 1121 102 49 coelum,

190 1158 103 42 tunc
255 1158 155 42 sequitur
371 1158 78 42 vt
410 1158 129 42 coelum
500 1158 90 42 sit
552 1158 78 42 in
578 1158 103 42 milio,

191 1197 91 45 D.d.
248 1197 80 45 sed
293 1197 80 45 hoc
339 1197 80 45 est
384 1197 80 45 per
430 1197 148 45 accidens,
543 1197 68 45 i.
578 1197 80 45 sed
612 1197 68 45 ista

192 1237 150 55 consecutio
310 1237 75 55 est
353 1237 75 55 per
396 1237 139 55 accidens,
503 1237 129 55 scilicet
589 1237 86 55 dicere

197 1275 99 53 quod,
263 1275 77 53 cum
307 1275 110 53 fuerit
383 1275 120 53 milium,
471 1275 88 53 erit
526 1275 120 53 coelum.
613 1275 55 53 &
624 1275 55 53 si-

193 1316 122 53 militer
281 1316 122 53 dicere,
370 1316 99 53 quod,
436 1316 77 53 cum
480 1316 110 53 fuerit
557 1316 110 53 rpeos,
624 1316 66 53 erit

171 1356 128 46 homo,
256 1356 85 46 &,
299 1356 99 46 cum
355 1356 142 46 fuerit
455 1356 128 46 homo,
540 1356 114 46 erit
597 1356 85 46 tem-

183 1398 103 46 pus.
248 1398 103 46 D.d.
312 1398 194 46 necessarium
467 1398 103 46 vero
532 1398 103 46 est,
597 1398 90 46 &c.
635 1398 52 46 i.

188 1429 173 51 consecutio
324 1429 111 51 autem
398 1429 173 51 necessaria
534 1429 99 51 est,
595 1429 74 51 vt
620 1429 62 51 sem

192 1476 81 49 per
239 1476 140 49 sequatur
344 1476 70 49 ex
379 1476 93 49 esse
437 1476 140 49 alicuius
541 1476 70 49 in
576 1476 81 49 tpe
611 1476 70 49 esse

194 1509 110 55 tperis
271 1509 121 55 proprii
358 1509 88 55 illi
413 1509 88 55 rei,
468 1509 77 55 non
512 1509 88 55 esse
567 1509 110 55 tperis
632 1509 55 55 sim

190 1549 143 48 pliciter:
300 1549 55 48 &
322 1549 143 48 similiter
432 1549 165 48 comnsecutio
553 1549 132 48 necessaria

183 1596 117 36 motus
261 1596 78 36 ex
300 1596 104 36 esse
364 1596 168 36 alicuius,
494 1596 104 36 quid
559 1596 91 36 est
610 1596 78 36 in
636 1596 52 36 mo

185 1628 62 51 tu,
220 1628 62 51 non
256 1628 62 51 est
291 1628 115 51 consecuno
379 1628 124 51 simpescier
476 1628 106 51 scilicet
556 1628 79 51 quod,
609 1628 62 51 cum
635 1628 53 51 ali-

188 1668 99 50 quid
250 1668 137 50 fuerit,
349 1668 99 50 erit
411 1668 112 50 motus
486 1668 187 50 simpecitur:
623 1668 62 50 sed

191 1704 158 55 consecutio
315 1704 158 55 necessaria
439 1704 68 55 in
473 1704 79 55 hoc
518 1704 90 55 est,
575 1704 102 55 quod,
631 1704 57 55 cum

185 1744 155 42 aliquid
297 1744 155 42 fuerit,
410 1744 112 42 erit
480 1744 127 42 motus
550 1744 141 42 proprius

178 1786 99 40 ei.
235 1786 85 40 Et
277 1786 198 40 intendebat
433 1786 99 40 per
490 1786 99 40 hoc
532 1786 156 40 declarare

186 1821 152 42 dturniam
300 1821 114 42 inter
377 1821 216 42 consecutionem
541 1821 140 42 essentia-

181 1863 106 43 lem,
247 1863 66 43 &
273 1863 224 43 accidentalem,
458 1863 132 43 dicere
550 1863 106 43 enim
603 1863 79 43 ali

707 181 106 55 quid
773 181 106 55 esse
839 181 79 55 in
879 181 145 55 tempore
984 181 145 55 proprio
1090 181 106 55 sibi
1143 181 79 55 esti

708 221 115 55 dicere,
791 221 94 55 quod,
854 221 73 55 cum
896 221 115 55 fuerit,
980 221 84 55 erit
1032 221 105 55 perper
1105 221 73 55 hoc
1137 221 73 55 illud

711 263 124 52 tempus
797 263 149 52 proprium
909 263 87 52 ei.
959 263 99 52 ista
1021 263 124 52 igitur
1108 263 87 52 est
1145 263 62 52 com

711 301 162 45 consecutio
839 301 174 45 necessaria.
978 301 58 45 &
1001 301 81 45 non
1047 301 81 45 est
1082 301 127 45 dicituria

699 340 109 54 inter
771 340 121 54 dicere
856 340 97 54 quod
917 340 133 54 aliquid
1013 340 85 54 est
1062 340 73 54 in
1086 340 121 54 tempore,

703 388 86 38 aut
752 388 123 38 dicere
838 388 111 38 quod,
912 388 86 38 cum
961 388 123 38 fuerit
1047 388 135 38 tempus,
1133 388 74 38 erit

699 420 140 47 illud,
797 420 112 47 quod
867 420 98 47 est
923 420 84 47 in
965 420 112 47 illo
1021 420 140 47 tempore.

736 484 115 61 Qam
801 484 148 61 autem
900 484 131 61 est,
982 484 98 61 vt
1031 484 98 61 in
1064 484 131 61 numero

701 533 122 50 esse
777 533 91 50 in
823 533 183 50 tempore,
960 533 213 50 accipietur
1112 533 91 50 ali-

705 573 125 53 quod
783 573 141 53 maius
877 573 156 53 tempus
986 573 125 53 omni
1064 573 109 53 eo,
1111 573 94 53 quid

700 621 113 37 est
764 621 97 37 in
813 621 193 37 tempore.
958 621 225 37 Quapropter
1119 621 81 37 ne-

700 661 138 50 cesse
792 661 107 50 est
853 661 138 50 omnia
945 661 107 50 ea,
1007 661 123 50 quae
1083 661 92 50 in
1114 661 92 50 tem-

703 700 112 56 pore
773 700 126 56 suut,
857 700 182 56 contineri
997 700 70 56 a
1025 700 168 56 tempore,
1137 700 70 56 si-

709 743 115 51 cut,
780 743 72 51 &
809 743 129 51 alia,
895 743 201 51 quaecunque
1053 743 86 51 in
1082 743 115 51 aliquo

708 785 130 58 sunt:
794 785 87 58 vt
837 785 101 58 ea,
895 785 115 58 quae
967 785 87 58 in
1010 785 115 58 loco
1083 785 130 58 sunt,
1155 785 43 58 a

698 827 130 56 loco.
784 827 87 56 Et
828 827 116 56 pari
900 827 145 56 itaque
1001 827 159 56 aliquid
1117 827 72 56 a
1132 827 72 56 tem

703 870 131 52 pore,
791 870 131 52 sicut
879 870 73 52 &
908 870 146 52 dicere
996 870 204 52 conmsueuimus

700 908 116 47 quod
773 908 189 47 tabefacit
919 908 160 47 tempus,
1035 908 73 47 &
1050 908 160 47 senescunt

700 956 144 44 omnia
796 956 192 44 tempore,
940 956 80 44 &
956 956 257 44 obliuiscuntur,

700 997 167 53 propter
821 997 167 53 tempus,
942 997 106 53 sed
1003 997 106 53 non
1048 997 152 53 didicit,

700 1042 98 51 nec
756 1042 126 51 nouum
840 1042 140 51 factum
938 1042 112 51 est,
1007 1042 98 51 nec
1049 1042 154 51 pulchrum.

701 1093 237 38 corruptionis
893 1093 118 38 enim
967 1093 133 38 causa
1056 1093 104 38 per
1115 1093 89 38 se
1145 1093 59 38 ma

702 1124 98 53 gis
758 1124 98 53 est
814 1124 154 53 tempus.
926 1124 154 53 numerus
1038 1124 112 53 enim
1094 1124 112 53 ipsius

703 1165 141 46 motus
798 1165 126 46 est:
876 1165 141 46 motus
970 1165 141 46 autem
1049 1165 157 46 expessit

704 1211 105 53 id,
764 1211 121 53 quod
840 1211 151 53 inest.
945 1211 136 53 Quare
1020 1211 181 53 manifestum

702 1256 98 55 est
758 1256 112 55 quod
828 1256 98 55 ea,
885 1256 112 55 quae
955 1256 141 55 semper
1053 1256 127 55 sunt,
1124 1256 70 55 qua

702 1299 128 39 tenus
787 1299 142 39 semper
887 1299 128 39 sunt,
972 1299 100 39 non
1029 1299 114 39 sunt
1100 1299 85 39 in
1129 1299 71 39 ten

703 1348 119 42 pore.
782 1348 93 42 non
835 1348 106 42 enim
902 1348 199 42 continentur
1061 1348 66 42 a
1074 1348 119 42 tempore

697 1387 126 39 neque
781 1387 196 39 mensuratur
935 1387 112 39 esse
1004 1387 154 39 ipsorum
1116 1387 70 39 a
1130 1387 70 39 tem

710 1422 114 59 pore.
786 1422 127 59 Signum
875 1422 114 59 autem
951 1422 114 59 huius
1027 1422 101 59 est,
1091 1422 101 59 quod
1142 1422 63 59 ne-

699 1466 112 48 que
763 1466 208 48 patiuntur
923 1466 192 48 quicquam
1067 1466 80 48 a
1083 1466 128 48 tempo-

700 1517 98 45 re,
756 1517 140 45 tanque
854 1517 98 45 non
910 1517 196 45 existentia
1065 1517 84 45 in
1093 1517 112 45 tpere.

745 1564 103 62 Et,
804 1564 88 62 si
848 1564 103 62 res
907 1564 103 62 non
965 1564 191 62 inuenitur
1112 1564 88 62 in
1142 1564 73 62 tem

693 1613 133 61 pore,
782 1613 119 61 nisi
856 1613 178 61 secundum
990 1613 119 61 quod
1064 1613 104 61 est
1123 1613 89 61 in
1153 1613 59 61 nu

704 1656 129 71 mero,
790 1656 187 71 possibile
933 1656 100 71 est
991 1656 172 71 inuenire
1106 1656 100 71 tepus

694 1709 141 61 maius
788 1709 172 61 tempore
913 1709 219 61 cuiuslibet
1069 1709 141 61 existen

704 1756 98 62 tis
760 1756 84 62 in
802 1756 169 62 tempore.
929 1756 112 62 Vnde
999 1756 155 62 necesse
1112 1756 98 62 est
1154 1756 56 62 vt

698 1805 138 61 omnia
790 1805 214 61 existentia
958 1805 92 61 in
1004 1805 168 61 tempore
1111 1805 92 61 con-

696 1853 177 61 tineatur
829 1853 74 61 a
859 1853 177 61 tempore,
992 1853 133 61 sicut
1080 1853 118 61 alia
1139 1853 74 61 ex
