1416 2066
183 157 87 37 est
232 157 162 37 mensurare
357 157 125 37 motum,
444 157 100 37 modo
507 157 112 37 supra
569 157 125 37 declara-

182 197 78 28 to.
226 197 78 28 sed
271 197 100 28 sermo
337 197 133 28 praesens
437 197 78 28 est
481 197 189 28 comparatiuus,
625 197 67 28 quia

179 223 85 35 dria
233 223 75 35 est
275 223 64 35 in
307 223 75 35 ter
350 223 117 35 tempus,
436 223 64 35 vt
468 223 150 35 comparatur
585 223 64 35 ad
607 223 85 35 motum,

178 255 56 35 &
200 255 67 35 vt
233 255 156 35 comparatur
356 255 67 35 ad
389 255 78 35 res
433 255 178 35 permanentes,
578 255 89 35 quae
622 255 67 35 sunt

183 287 77 32 sub
227 287 110 32 tpere.
304 287 77 32 res
347 287 88 32 enim
402 287 153 32 temporales
523 287 77 32 non
556 287 142 32 mensurantur

185 320 46 34 a
203 320 93 34 tpere,
268 320 74 34 nisi
315 320 112 34 secundum
399 320 84 34 esse,
454 320 56 34 i.
482 320 102 34 quantum
557 320 56 34 ad
575 320 121 34 durationem,

183 350 106 44 earum,
258 350 64 44 vt
290 350 96 44 patet
353 350 64 44 in
385 350 85 44 tex.
438 350 85 44 com.
491 350 74 44 r33
534 350 74 44 non
576 350 96 44 autem
629 350 64 44 men-

180 381 123 37 surantur
272 381 72 37 quo
313 381 62 37 ad
344 381 72 37 sui
385 381 164 37 quantitatem.
518 381 62 37 v.
549 381 62 37 g.
580 381 103 37 lapis,
642 381 51 37 quo

177 420 73 30 ad
213 420 98 30 suum
275 420 110 30 esse.
348 420 73 30 i,
385 420 86 30 quo
434 420 73 30 ad
471 420 171 30 durationem
605 420 61 30 &
618 420 73 30 per-

178 452 138 33 manentiam
285 452 74 33 sui
327 452 96 33 esse,
391 452 149 33 mensuratur
508 452 53 33 a
529 452 106 33 tpere,
604 452 74 33 sed
636 452 53 33 la-

176 476 107 40 pidis
247 476 154 40 quantitas
366 476 166 40 mensuratur
496 476 83 40 non
544 476 59 40 a
568 476 95 40 tpe,
627 476 83 40 sed
662 476 36 40 a

176 510 120 35 cubito
260 510 84 35 vel
308 510 120 35 aliquo
393 510 169 35 consimili.
525 510 84 35 sed
574 510 108 35 motus
634 510 60 35 cum

177 539 79 34 sit
222 539 79 34 res
267 539 169 34 successiua,
402 539 56 34 &
424 539 79 34 non
469 539 112 34 habeat
548 539 101 34 omnes
604 539 90 34 partes

178 572 119 30 simul,
261 572 166 30 mensuratur
392 572 59 30 a
416 572 95 30 tpe,
475 572 59 30 &
499 572 83 30 quo
546 572 71 30 ad
582 572 83 30 sui
618 572 71 30 quam

181 604 120 40 titatem,
271 604 80 40 quia
321 604 60 40 vt
351 604 90 40 dicit
411 604 80 40 Com.
461 604 60 40 in
491 604 80 40 com.
541 604 80 40 113.
591 604 70 40 cum
621 604 70 40 temps

174 637 136 29 fuerit
269 637 190 29 imaginatum
419 637 109 29 esse
486 637 163 29 mensuram
595 637 95 29 exten

184 665 90 33 sam
236 665 90 33 per
287 665 194 33 extensionem
443 665 129 33 motus,
533 665 90 33 sic
572 665 129 33 mensurat

182 698 95 43 motum
246 698 74 43 per
288 698 74 43 se,
331 698 53 43 &
352 698 148 43 adaequatur
468 698 74 43 ei,
511 698 64 43 vt
542 698 95 43 dicit
606 698 85 43 Com.
659 698 64 43 in

178 732 99 35 com.
239 732 86 35 S7.
289 732 62 35 &
313 732 148 35 mensurat
424 732 62 35 a
449 732 99 35 motu
511 732 99 35 illo
573 732 99 35 modo
634 732 86 35 per

185 764 167 30 accidens.
314 764 64 30 &
339 764 128 30 tempus
429 764 116 30 etiam
506 764 154 30 mensurat
609 764 90 30 motum

183 791 83 35 quo
231 791 71 35 ad
266 791 107 35 esse,
338 791 71 35 i.
374 791 83 35 quo
421 791 71 35 ad
457 791 167 35 durationem
588 791 107 35 eius,
659 791 60 35 &

183 821 125 34 fiuxum
270 821 100 34 suae
333 821 200 34 permanentae.
495 821 63 34 &
520 821 88 34 ita
570 821 113 34 motui
633 821 63 34 men

185 853 99 36 surari
254 853 69 36 quo
294 853 59 36 ad
323 853 128 36 vtrunque,
422 853 119 36 scilicet
511 853 69 36 quo
551 853 59 36 ad
571 853 128 36 quantitatem

184 885 56 34 &
206 885 100 34 esse,
273 885 122 34 accidit
362 885 67 34 ex
395 885 100 34 parte
462 885 78 34 qua
506 885 78 34 est
551 885 89 34 ens,
606 885 78 34 non
639 885 56 34 ha-

182 916 83 38 bens
233 916 93 38 omnes
296 916 72 38 sui
337 916 104 38 partes
409 916 62 38 in
441 916 93 38 actu,
503 916 93 38 sicut
565 916 72 38 est
596 916 93 38 spacium

190 951 44 36 &
208 951 149 36 vniversaliter
331 951 79 36 sicut
384 951 70 36 sunt
428 951 62 36 res
454 951 123 36 permanentes,

216 980 132 41 Vigesima
315 980 143 41 contradi.
425 980 77 41 est
470 980 66 41 in
503 980 88 41 tex.
558 980 77 41 n2.
591 980 99 41 Aristo,

184 1006 98 38 dicit
250 1006 87 38 quod
304 1006 77 38 cum
348 1006 109 38 tempus
425 1006 77 38 sit
468 1006 120 38 numerus
556 1006 120 38 quidam,
632 1006 66 38 esse

184 1045 56 37 in
212 1045 65 37 tpe
249 1045 103 37 dicitur
324 1045 149 37 dupieiciter,
445 1045 65 37 vel
482 1045 75 37 quod
529 1045 103 37 aliquid
604 1045 65 37 sit
632 1045 65 37 tunc,

180 1074 82 32 cum
227 1074 117 32 tempus
309 1074 93 32 est,
367 1074 82 32 vel
413 1074 128 32 tanquam
507 1074 70 32 in
542 1074 117 32 numero
611 1074 82 32 esse.

185 1105 64 33 In
217 1105 107 33 numero
292 1105 96 33 autem
357 1105 86 33 esse
410 1105 139 33 contingit
518 1105 171 33 dupecisitur,
646 1105 43 33 ve

189 1138 99 40 sicut
255 1138 121 40 partem,
343 1138 77 40 vel
387 1138 99 40 sicut
453 1138 154 40 passionem,
574 1138 66 40 vt
596 1138 99 40 vnitas,

179 1173 61 29 &
203 1173 86 29 par
252 1173 61 29 &
277 1173 122 29 impar,
362 1173 122 29 quorum
448 1173 122 29 vnitas
534 1173 86 29 est
583 1173 98 29 pars
632 1173 61 29 nu-

177 1204 110 30 meri,
250 1204 110 30 impar
324 1204 110 30 autem
397 1204 61 30 &
422 1204 171 30 superfsuum
556 1204 98 30 sunt
605 1204 86 30 nume-

183 1230 167 39 ripassiones.
318 1230 73 39 sic
360 1230 52 39 &
380 1230 104 39 inquit
453 1230 63 39 in
485 1230 94 39 tpere
547 1230 94 39 nunc,
610 1230 52 39 &
620 1230 73 39 prius

180 1263 52 35 &
200 1263 146 35 posterius.
315 1263 94 35 sicut
378 1263 84 35 enim
430 1263 84 35 illa
482 1263 104 35 numeri
555 1263 115 35 aliquid
628 1263 63 35 sunt

181 1295 74 36 ita
223 1295 84 36 haec
275 1295 84 36 sunt
328 1295 116 36 aliquid
412 1295 116 36 rperis.
496 1295 95 36 Vnde.
559 1295 63 36 4.
590 1295 84 36 phy.
632 1295 63 36 tex.

185 1333 85 29 com.
238 1333 85 29 102.
292 1333 106 29 vnitas
366 1333 74 29 ita
408 1333 64 29 se
440 1333 96 29 habet
504 1333 64 29 ad
536 1333 127 29 numerum,
621 1333 74 29 sicut

186 1362 114 30 instans
269 1362 62 30 ad
300 1362 114 30 tempus.
383 1362 94 30 sicut
446 1362 83 30 enim
497 1362 114 30 numerus
581 1362 73 30 est
612 1362 83 30 colle-

178 1396 84 37 ctus
230 1396 63 37 ex
261 1396 167 37 reiteratione
397 1396 104 37 vnira:
470 1396 73 37 is,
512 1396 73 37 sic
554 1396 104 37 tempus
627 1396 73 37 est
658 1396 42 37 nu

187 1423 101 42 merus
254 1423 112 42 quidam
332 1423 157 42 collectus,
455 1423 56 42 &
478 1423 145 42 conflatus
589 1423 67 42 ex
612 1423 78 42 insta

188 1459 100 31 tibus,
258 1459 60 31 vt
288 1459 90 31 dicit
348 1459 90 31 etiam
408 1459 100 31 Themi.
479 1459 80 31 ibi.
529 1459 70 31 par
569 1459 90 31 autem
629 1459 50 31 &
639 1459 50 31 im-

186 1493 86 31 par
235 1493 62 31 &
260 1493 173 31 superssuum
395 1493 99 31 sunt
457 1493 74 31 de
494 1493 185 31 passionibus
629 1493 62 31 nu-

187 1523 103 32 meri,
255 1523 103 32 sicut
323 1523 103 32 etiam
392 1523 103 32 prius
460 1523 57 32 &
483 1523 148 32 posterius
597 1523 91 32 sunt
642 1523 46 32 de

180 1556 175 34 passionibus
320 1556 117 34 tperis
402 1556 93 34 Vnde
461 1556 93 34 Tnem
519 1556 140 34 expresse
612 1556 82 34 dicit

179 1589 85 30 quod
232 1589 95 30 sicut
296 1589 85 30 illa
349 1589 85 30 sunt
402 1589 148 30 accidentia
518 1589 116 30 numeri,
603 1589 74 30 sic
635 1589 64 30 haec

184 1610 77 41 sunt
232 1610 135 41 accidentia
338 1610 106 41 tperis.
415 1610 86 41 patet
473 1610 86 41 autem
530 1610 77 41 quod
578 1610 67 41 hoc
617 1610 67 41 non
646 1610 38 41 in

183 1652 148 30 telligitur
300 1652 63 30 de
331 1652 127 30 vnitate,
427 1652 85 30 quia
480 1652 106 30 vnitas
554 1652 74 30 est
596 1652 85 30 pars
638 1652 53 30 nu-

178 1679 106 38 meri,
249 1679 83 38 sed
296 1679 71 38 de
332 1679 94 38 pari
391 1679 59 38 &
414 1679 118 38 impari
497 1679 59 38 &
521 1679 165 38 superfsuo.
639 1679 47 38 ig

180 1708 73 42 tur
221 1708 94 42 prius
284 1708 52 42 &
305 1708 136 42 posterius
409 1708 84 42 sunt
461 1708 136 42 passiones
566 1708 115 42 rperis.
639 1708 52 42 Sed

185 1741 53 37 ex
212 1741 97 37 aduerso
282 1741 105 37 vivetsal
361 1741 70 37 quod
405 1741 70 37 sint
449 1741 88 37 deriae
510 1741 149 37 subslantiales
625 1741 70 37 tpris,

186 1772 95 40 quia
246 1772 143 40 ponuntur
353 1772 71 40 in
388 1772 179 40 definitione
531 1772 107 40 eius.
591 1772 95 40 Soluit

181 1805 83 39 quod
232 1805 93 39 prius
294 1805 52 39 &
315 1805 145 39 posterius,
429 1805 83 39 quae
480 1805 124 39 ponuntur
573 1805 62 39 in
594 1805 93 39 defini-

182 1837 106 37 tione
253 1837 153 37 temporis,
371 1837 83 37 non
418 1837 94 37 sunt
477 1837 106 37 prius
548 1837 59 37 &
559 1837 130 37 posterius

180 1867 154 40 temporis:
298 1867 83 40 sed
346 1867 94 40 sunt
405 1867 106 40 prius
475 1867 59 40 &
499 1867 154 40 posterius
605 1867 83 40 motus

181 1906 131 40 primi,
272 1906 78 40 vt
312 1906 118 40 dicit
390 1906 105 40 Them
456 1906 78 40 Ad
495 1906 183 40 argumentum
626 1906 65 40 Ca

710 157 106 37 leni,
781 157 82 37 qui
828 157 118 37 contra
910 157 129 37 Aristo.
1004 157 141 37 inuectus
1099 157 129 37 asserebat

715 195 150 32 enumeratis
833 195 117 32 omnibus
918 195 171 32 significatis
1057 195 128 32 prioris,
1143 195 85 32 nullus

709 226 104 38 alius
779 226 104 38 modus
848 226 150 38 videbatur
963 226 150 38 congruere
1079 226 92 38 nisi
1125 226 104 38 priori-

716 257 64 33 tas
752 257 110 33 secundum
835 257 101 33 tempus,
908 257 46 33 &
927 257 64 33 ita
963 257 92 33 tempus
1027 257 147 33 definiebatur
1147 257 64 33 per
1174 257 55 33 ten-

714 286 100 33 pus.
777 286 113 33 Them.
852 286 125 33 autem,
940 286 63 33 &
965 286 113 33 diuus
1040 286 138 33 Thomas,
1140 286 63 33 &
1153 286 75 33 Com.

715 325 109 29 dicunt
791 325 87 29 quod
846 325 98 29 prius
911 325 54 29 &
933 325 141 29 postetius
1041 325 76 29 ibi
1085 325 87 29 sunt
1139 325 98 29 prius
1204 325 54 29 &

711 349 150 43 posterius
827 349 104 43 primi
896 349 115 43 motus.
977 349 69 43 Et
1012 349 69 43 ex
1046 349 81 43 hoc
1092 349 127 43 poteris
1173 349 58 43 vi-

715 383 93 43 dere
773 383 93 43 quod
831 383 104 43 prius
901 383 58 43 &
924 383 151 43 posterius
1040 383 81 43 non
1086 383 93 43 sunt
1144 383 70 43 de
1167 383 70 43 qui.

707 419 121 29 ditate
792 419 121 29 motus,
876 419 85 29 sed
925 419 97 29 sunt
985 419 169 29 accidentia
1118 419 121 29 motus,
1191 419 48 29 vt

715 446 89 37 dicit
775 446 99 37 Arist.
844 446 50 37 &
864 446 79 37 Com.
914 446 69 37 in.
953 446 60 37 4.
983 446 69 37 phy
1023 446 60 37 in
1052 446 69 37 te.
1092 446 79 37 com.
1142 446 69 37 79.
1171 446 60 37 sunt

715 475 79 38 enim
765 475 89 38 eadem
824 475 119 38 secundum
913 475 138 38 subiectum.
1021 475 79 38 quia
1071 475 99 38 quando
1130 475 99 38 consyde-

712 509 121 29 rantur,
800 509 66 29 vt
833 509 99 29 dicit
899 509 88 29 Com.
954 509 66 29 vt
986 509 88 29 sunt
1041 509 66 29 in
1074 509 143 29 subiecto,
1173 509 66 29 sunt

725 540 91 39 artes
785 540 101 39 motus,
856 540 71 39 sed
896 540 101 39 quando
967 540 171 39 consyderantur
1108 540 121 39 secundum
1189 540 50 39 de-

713 567 175 35 finitionem
851 567 63 35 &
876 567 188 35 quiditatem,
1027 567 100 35 sunt
1089 567 113 35 aliud
1164 567 63 35 a
1177 567 50 35 mo

717 601 79 34 tu.
762 601 90 34 quia
818 601 102 34 motus
886 601 79 34 est
932 601 68 34 in
966 601 170 34 quantitate,
1101 601 57 34 &
1124 601 113 34 prius,
1203 601 57 34 &

718 637 148 34 posterius
832 637 91 34 sunt
889 637 68 34 in
923 637 126 34 numero.
1014 637 91 34 Tunc
1071 637 91 34 sic,
1128 637 103 34 sicut
1185 637 46 34 mo

715 669 74 37 tus
758 669 74 37 est
800 669 64 37 in
832 669 159 37 quantitate,
959 669 64 37 vt
991 669 148 37 mensuratur
1107 669 53 37 a
1128 669 95 37 tpre,
1181 669 53 37 sic

722 697 95 33 etiam
786 697 116 33 tempus.
870 697 63 33 vt
902 697 127 33 mensurat
997 697 106 33 motum,
1071 697 74 33 est
1113 697 63 33 in
1134 697 95 33 quanti-

718 728 96 34 tate:
782 728 96 34 sicut
846 728 96 34 dicit
910 728 74 34 Com
952 728 64 34 in
984 728 85 34 com.
1038 728 85 34 133.
1091 728 74 34 vbi
1123 728 106 34 declarat

716 764 128 35 quomodo
809 764 104 35 motus
879 764 139 35 mensurat
983 764 116 35 tempus
1065 764 81 35 per
1099 764 128 35 accidens,

720 791 110 32 tempus
797 791 88 32 vero
852 791 99 32 motum
918 791 77 32 per
962 791 77 32 se.
1007 791 110 32 inquit
1084 791 88 32 enim
1139 791 77 32 hoc
1172 791 55 32 ac-

712 825 102 33 cidit
780 825 79 33 ei,
825 825 79 33 cum
870 825 113 33 fuerit
949 825 158 33 imaxinatum
1074 825 90 33 esse
1119 825 113 33 mensuram

713 853 152 37 extensam
828 853 89 37 per
878 853 191 37 extensionem
1031 853 127 37 motus.
1120 853 102 37 quod
1183 853 76 37 in

709 887 143 33 telligas
816 887 95 33 quom
876 887 72 33 ad
912 887 179 33 extensionem
1055 887 167 33 durationis
1174 887 60 33 mo-

719 919 77 35 tus
763 919 110 35 merito
840 919 121 35 illarum
929 919 133 35 partium,
1028 919 88 35 quae
1083 919 88 35 sunt
1128 919 110 35 successi

707 951 93 40 uae,
765 951 58 40 &
789 951 81 40 non
835 951 128 40 merito,
928 951 128 40 partium
1021 951 116 40 motus,
1102 951 93 40 quas
1149 951 81 40 habet

714 977 92 43 simul
775 977 61 43 ad
806 977 143 43 diuisionem
919 977 123 43 mobilis.
1011 977 92 43 habet
1072 977 82 43 enim
1124 977 61 43 me
1154 977 72 43 tus
1185 977 41 43 du

719 1014 100 37 plices
789 1014 110 37 partes.
869 1014 60 37 4.
899 1014 80 37 phy.
949 1014 80 37 com.
999 1014 90 37 1o02.
1059 1014 70 37 nam
1099 1014 100 37 partes
1159 1014 70 37 motus

719 1041 60 42 ex
749 1041 110 42 mobilis
829 1041 130 42 diuisione
929 1041 80 42 sunt
979 1041 120 42 secundum
1069 1041 130 42 triplicem
1159 1041 70 42 dimen

716 1074 126 32 sionem,
807 1074 57 32 &
830 1074 103 32 penes
898 1074 103 32 illas
967 1074 114 32 tempus
1046 1074 80 32 non
1092 1074 80 32 est
1126 1074 103 32 mensura

714 1105 114 33 motus,
793 1105 80 33 sed
839 1105 103 33 solum
908 1105 80 33 quo
953 1105 68 33 ad
987 1105 114 33 partes
1067 1105 183 33 successiuas:

716 1136 52 34 &
736 1136 73 34 ita
778 1136 105 34 tempus
852 1136 73 34 non
893 1136 73 34 est
935 1136 115 34 mensura
1019 1136 94 34 motus
1082 1136 84 34 nisi
1123 1136 105 34 secundum

708 1169 185 40 longitudinem
859 1169 162 40 durationis
986 1169 116 40 taquam
1067 1169 104 40 linea
1125 1169 104 40 succes-

710 1196 109 43 sionis.
789 1196 49 43 &
809 1196 89 43 etiam
868 1196 89 43 sicut
928 1196 89 43 prius
987 1196 49 43 &
1007 1196 129 43 posterius
1106 1196 119 43 secundum
1185 1196 49 43 qui

714 1230 125 36 ditatem
804 1230 147 36 differunt
917 1230 57 36 a
940 1230 102 36 motu,
1008 1230 79 36 sic
1053 1230 102 36 prius
1121 1230 57 36 &
1132 1230 91 36 poste-

712 1263 74 35 rius
758 1263 111 35 secundum
841 1263 129 35 quiditatem
943 1263 120 35 differunt
1035 1263 46 35 a
1054 1263 83 35 tpre.
1109 1263 74 35 sunt
1155 1263 74 35 enim
1192 1263 37 35 ac

719 1294 127 36 cidentia
815 1294 53 36 &
836 1294 137 36 passiones
941 1294 137 36 temporis,
1047 1294 95 36 sicut
1111 1294 74 36 par
1153 1294 53 36 &
1164 1294 63 36 ipar

708 1332 100 31 sunt
770 1332 162 31 passiones
895 1332 62 31 &
920 1332 175 31 accidentia
1057 1332 125 31 numeri
1145 1332 62 31 &
1157 1332 75 31 ista

715 1361 76 34 est
759 1361 76 34 vna
802 1361 98 34 solo.
868 1361 87 34 Quia
922 1361 98 34 autem
988 1361 98 34 Them.
1053 1361 142 34 substinet
1152 1361 76 34 etiam

711 1393 101 37 prius
778 1393 56 37 &
800 1393 145 37 posterius
912 1393 112 37 posita
990 1393 67 37 in
1024 1393 168 37 definitione
1147 1393 78 37 tempo

713 1423 65 46 ris
750 1423 84 46 posse
806 1423 102 46 recipi.
880 1423 84 46 prout
936 1423 74 46 sunt
982 1423 121 46 diciturae
1075 1423 121 46 temporis,
1168 1423 56 46 in
1187 1423 46 46 il-

714 1454 62 36 la
745 1454 103 36 sosone
817 1454 62 36 ad
848 1454 145 36 argumentum
962 1454 114 36 Galeni,
1044 1454 72 36 tuc
1085 1454 124 36 secundum
1168 1454 62 36 illa

706 1486 142 36 secundam
813 1486 130 36 solonem
908 1486 107 36 esset
979 1486 107 36 magis
1050 1486 154 36 difficile
1157 1486 71 36 argu

712 1519 129 35 mentum,
806 1519 59 35 &
829 1519 188 35 contradictio
982 1519 105 35 magis
1052 1519 129 35 valida.
1146 1519 59 35 &
1158 1519 70 35 tunt

709 1553 101 39 iuxta
776 1553 101 39 illam
843 1553 123 39 solonem
933 1553 123 39 oportet
1022 1553 112 39 dicere
1101 1553 90 39 quod
1157 1553 101 39 verae

716 1583 53 35 &
738 1583 179 35 substantiales
885 1583 126 35 temporis
980 1583 116 35 dierrae
1064 1583 84 35 sunt
1117 1583 95 35 nobis
1169 1583 53 35 oc-

713 1615 117 35 cultae,
799 1615 53 35 &
820 1615 192 35 circumloquimur
980 1615 75 35 eas
1023 1615 75 35 per
1066 1615 96 35 suas,
1119 1615 107 35 proprie-

710 1652 116 35 tates.
792 1652 93 35 Vnde
849 1652 104 35 diuus
919 1652 93 35 Aug.
977 1652 151 35 confessus
1093 1652 81 35 est
1139 1652 70 35 se
1162 1652 70 35 igno

714 1677 88 38 rare
769 1677 131 38 temporis
867 1677 164 38 quiditatem.
999 1677 88 38 Vnde
1054 1677 66 38 in
1087 1677 77 38 hoc
1130 1677 88 38 casu
1174 1677 55 38 li-

718 1709 81 37 cet
765 1709 69 37 ad
799 1709 220 37 circumloquendum
985 1709 116 37 dirias
1066 1709 139 37 occultas
1159 1709 69 37 pone

714 1742 70 36 re
749 1742 187 36 consequentia
901 1742 58 36 &
924 1742 140 36 propria,
1030 1742 105 36 sicut
1100 1742 105 36 dicit
1158 1742 70 36 Com.

709 1773 72 29 in
745 1773 120 29 simili
829 1773 72 29 de
865 1773 192 29 qualitatibus
1021 1773 180 29 elementorum
1153 1773 72 29 com-

715 1805 71 32 tra
755 1805 91 32 Alex.
816 1805 71 32 in.
857 1805 61 32 7.
887 1805 91 32 meta.
948 1805 81 32 com.
998 1805 61 32 3.
1029 1805 51 32 &
1049 1805 91 32 alibi
1099 1805 132 32 frequenter.

709 1837 55 29 &
731 1837 100 29 Auic.
798 1837 78 29 in.
842 1837 67 29 3.
875 1837 89 29 suae
931 1837 133 29 metaphy.
1031 1837 55 29 &
1053 1837 67 29 tu
1075 1837 100 29 cogita,

742 1867 202 44 Vigesimaprima
909 1867 155 44 contradi.
1028 1867 83 44 est
1075 1867 71 44 in
1111 1867 95 44 tex.
1159 1867 59 44 137

710 1901 122 30 Aristo.
798 1901 55 30 &
821 1901 89 30 Com.
876 1901 111 30 volunt
953 1901 111 30 tempus
1031 1901 89 30 esse
1086 1901 111 30 causam
1153 1901 66 30 cor
