1416 2066
214 181 125 54 tandem
302 181 113 54 autem
377 181 138 54 cessat,
477 181 88 54 cum
528 181 88 54 non
578 181 138 54 amplius
665 181 63 54 fe-

218 221 141 48 cerit
312 221 141 48 prius
407 221 173 48 mouens,
532 221 110 48 sed
595 221 141 48 motum
673 221 63 48 pa

229 261 109 45 tiens
301 261 121 45 solum,
386 261 97 45 haec
447 261 109 45 autem
519 261 133 45 necesse
616 261 85 45 est
652 261 85 45 simul

221 300 191 53 cessare,
364 300 112 53 hoc
428 300 159 53 quidem
540 300 175 53 mouere,
651 300 80 53 hoc

225 348 104 38 ant
284 348 163 38 moueri,
403 348 74 38 &
433 348 133 38 totam
522 348 193 38 motionem.
655 348 74 38 Hic

230 385 96 51 igitur
298 385 58 51 in
327 385 87 51 ijns,
384 385 77 51 quae
433 385 106 51 possunt
510 385 125 51 aliquando
606 385 96 51 quidem
664 385 67 51 moue-

229 428 83 46 ri,
277 428 142 46 aliquand
383 428 107 46 autem
454 428 154 46 quescere,
573 428 83 46 fit
620 428 119 46 motus,
703 428 59 46 &

221 473 88 33 non
272 473 176 33 continuus,
410 473 88 33 sed
461 473 139 33 vietur,
562 473 88 33 aut
612 473 101 33 enim
662 473 76 33 exi-

231 507 155 39 stentium
347 507 207 39 consequenter
515 507 103 39 est,
580 507 90 39 aut
632 507 78 39 se
657 507 78 39 tan-

228 548 141 46 gentium:
334 548 82 46 non
381 548 94 46 enim
440 548 94 46 vnum
499 548 118 46 mouens
581 548 94 46 est,
640 548 82 46 sed
675 548 59 46 com

233 589 129 49 tigua
318 589 186 49 adinuicem
461 589 129 49 sunt.
547 589 157 49 Quapper
662 589 86 49 et
690 589 43 49 i

233 637 120 43 aere,
313 637 67 43 &
339 637 80 43 in
379 637 107 43 aqua
446 637 93 43 fit
499 637 173 43 huiusmodi
619 637 107 43 motus,

227 669 105 56 quem
293 669 132 56 dicunt
385 669 132 56 quidem
464 669 263 56 circumobsistentiam

233 709 108 45 esse.
305 709 179 45 Impossibile
448 709 84 45 aut
496 709 84 45 est
544 709 120 45 aliter
615 709 120 45 dubitata

231 749 164 45 soluere,
354 749 109 45 nisi
422 749 123 45 dicto
504 749 123 45 modo.
572 749 150 45 Circunmob

232 790 150 44 sistentia
348 790 104 44 autem
417 790 115 44 fitulr
498 790 104 44 omnia
567 790 115 44 moueri
636 790 81 44 facit

232 833 77 40 &
262 833 169 40 mouere:
385 833 138 40 quare
478 833 92 40 et
524 833 185 40 cessanti
647 833 92 40 nunc

227 878 79 45 at
266 878 144 45 videtur
371 878 105 45 vnum
437 878 144 45 aliquid
541 878 157 45 continue
646 878 79 45 moue

224 918 87 44 ri:
273 918 75 44 ab
311 918 125 44 aliquo
398 918 137 44 igitur:
498 918 87 44 non
548 918 100 44 enim
610 918 75 44 ab
635 918 100 44 eodem.

282 956 79 61 De
321 956 92 61 his
374 956 105 61 aut,
439 956 105 61 quai
504 956 170 61 localiter
622 956 105 61 mouen-

224 1001 110 58 tur,
293 1001 124 58 bonus
376 1001 96 58 est
431 1001 124 58 prius
513 1001 165 58 inducere
623 1001 110 58 quadam

230 1051 240 47 dubitationem.
428 1051 85 47 Na
470 1051 85 47 si
512 1051 99 47 oe,
569 1051 113 47 quod
625 1051 99 47 moue.

229 1095 97 51 tur,
290 1095 73 51 ab
326 1095 121 51 aliquo
411 1095 134 51 mouetur
508 1095 146 51 scilicet
618 1095 85 51 dum
654 1095 85 51 illud

225 1144 68 50 &
253 1144 82 50 se
294 1144 82 50 no
335 1144 164 50 mouetur,
458 1144 96 50 quo
512 1144 137 50 quidam
594 1144 137 50 continue

227 1189 167 61 mouentur
352 1189 111 61 sine
422 1189 97 61 eo,
478 1189 111 61 quod
547 1189 181 61 contingat
672 1189 56 61 mo

229 1237 137 62 torem,
325 1237 109 62 v.g.
393 1237 109 62 quod
462 1237 191 62 proucitur,
612 1237 96 62 aut
653 1237 82 62 quod

235 1285 204 62 agittatur.
396 1285 102 62 Et,
454 1285 87 62 si
498 1285 131 62 motor
585 1285 146 62 moueat
673 1285 58 62 cu

234 1331 89 55 hoc
285 1331 101 55 etam
348 1331 127 55 aliud,
437 1331 76 55 vt
475 1331 127 55 aerem,
564 1331 89 55 et,
615 1331 76 55 cu
640 1331 89 55 moue-

228 1377 97 66 tur
284 1377 111 66 hoc,
353 1377 139 66 mouet,
450 1377 111 66 tame
520 1377 194 66 ipossibile
659 1377 69 66 est

232 1436 116 46 ipsu
304 1436 159 46 moueri,
419 1436 116 46 nisi
492 1436 130 46 primu
578 1436 144 46 tagat,
665 1436 72 46 aut

227 1469 175 62 moueatur:
361 1469 94 62 imo
415 1469 148 62 necesse
522 1469 94 62 est
576 1469 121 62 simul
643 1469 94 62 omnia

230 1516 147 60 moueri,
336 1516 80 60 et
376 1516 120 60 simul
456 1516 187 60 quiescere,
603 1516 93 60 cum
643 1516 80 60 pri-

232 1563 99 47 mus
289 1563 128 47 motor
374 1563 198 47 quieuerit.
530 1563 184 47 similiter
657 1563 71 47 est

232 1610 74 57 et,
275 1610 63 57 si
306 1610 95 57 etiam
370 1610 106 57 facit,
444 1610 95 57 sicut
507 1610 95 57 facit
571 1610 95 57 lapis
623 1610 106 57 scilicet

223 1658 189 57 magnetes,
369 1658 116 57 v.g.
442 1658 160 57 quoniam
558 1658 146 57 illud,
646 1658 87 57 quod

229 1700 117 67 mouet
307 1700 131 67 lapis,
399 1700 104 67 quod
464 1700 91 67 est
516 1700 131 67 serru,
608 1700 131 67 mouet,
686 1700 39 67 i

229 1752 173 58 attrabit
359 1752 145 58 ferru,
460 1752 72 58 a
489 1752 101 58 quo
547 1752 173 58 mouetur,
677 1752 72 58 &

221 1796 105 62 sic
281 1796 151 62 mouet.
387 1796 105 62 Hoc
447 1796 120 62 aute
522 1796 136 62 debet
597 1796 136 62 concedi

748 172 75 65 de
786 172 201 65 necessitate,
949 172 150 65 scilicet
1062 172 100 65 quod
1125 172 125 65 primus
1200 172 75 65 mo-

748 225 98 62 tor
804 225 84 62 e,
846 225 98 62 qui
902 225 98 62 hoc
958 225 140 62 facit.
1056 225 112 62 v.g.
1126 225 98 62 qui
1168 225 98 62 mouet

755 269 111 61 aere,
829 269 74 61 cu
865 269 123 61 fuerit
952 269 172 61 huiusmodi,
1087 269 86 61 aut
1136 269 111 61 aqua,
1198 269 62 61 aut

750 317 149 61 aliud,
854 317 119 61 quod
929 317 149 61 innatu
1033 317 104 61 est
1093 317 164 61 mouere,
1212 317 75 61 &

751 364 155 62 moueri,
863 364 98 62 sed
920 364 98 62 non
976 364 127 62 debet
1060 364 155 62 insimul
1159 364 98 62 quie-

748 413 136 54 scere
838 413 91 54 ab
884 413 121 54 hoc,
959 413 121 54 quod
1035 413 166 54 moueat,
1155 413 91 54 et
1186 413 75 54 mo-

750 458 169 56 ueatur,
873 458 123 56 immo
950 458 154 56 cessat
1057 458 92 56 ab
1103 458 108 56 hoc
1149 458 108 56 moue-

750 516 103 49 ri,
809 516 118 49 quod
883 516 191 49 moueatur,
1030 516 162 49 cessate
1147 516 118 49 eius
1206 516 59 49 mo

751 561 120 33 tore
826 561 75 33 a
856 561 166 33 mouere,
977 561 90 33 et
1022 561 90 33 ad
1067 561 120 33 haec
1127 561 136 33 remanet

749 596 182 57 mouendo.
885 596 121 57 vnde
961 596 121 57 vnum
1037 596 137 57 mouet
1128 596 137 57 aliud
1204 596 61 57 si

746 645 83 62 bi
788 645 179 62 succedes.
925 645 83 62 et
967 645 165 62 procedit
1091 645 124 62 istud
1160 645 96 62 aliud

753 692 82 59 et
794 692 96 59 hoc
849 692 123 59 eodem
931 692 178 59 processu.
1068 692 123 59 Motus
1150 692 96 59 aut
1191 692 68 59 il-

748 736 106 50 lius
814 736 173 50 quiescit,
947 736 93 50 cum
1000 736 133 50 virtus
1093 736 146 50 mouendi
1187 736 66 50 di-

750 785 182 57 minuitur
886 785 91 57 in
931 785 212 57 suecessioe
1083 785 166 57 paulatim.

750 829 85 61 et
792 829 127 61 vltio
877 829 156 61 cessat,
990 829 127 61 quado
1075 829 127 61 motor
1146 829 113 61 penul-

751 872 134 66 timus
840 872 208 66 peruenerit
1004 872 89 66 ad
1048 872 119 66 hoc,
1122 872 119 66 quod
1182 872 74 66 ni-

747 925 104 59 hil
807 925 134 59 agat,
896 925 104 59 sed
955 925 149 59 solumo
1060 925 179 59 mouetur.
1179 925 74 59 hoc

751 972 83 47 aut
798 972 165 47 necessario
928 972 94 47 fuit
987 972 106 47 simul
1058 972 142 47 scilicet
1153 972 106 47 motorem

744 1018 197 64 quiescere
895 1018 76 64 a
926 1018 167 64 mouere,
1047 1018 91 64 et
1092 1018 136 64 motum
1183 1018 76 64 a
1198 1018 61 64 mo

750 1065 127 57 ueri,
834 1065 70 57 &
863 1065 113 57 ipse
933 1065 127 57 motus
1018 1065 155 57 omnimo.
1130 1065 99 57 Hic
1172 1065 85 57 qui-

746 1109 95 61 dem
801 1109 136 61 motus,
896 1109 95 61 est
951 1109 136 61 motus,
1046 1109 95 61 qui
1101 1109 95 61 fit
1156 1109 82 61 in
1183 1109 68 61 eis

748 1156 97 62 qua
804 1156 152 62 possunt
914 1156 180 62 aliquando
1053 1156 152 62 moueri,
1150 1156 111 62 aliqua

748 1204 84 62 do
790 1204 196 62 quiescere,
944 1204 84 62 et
986 1204 84 62 no
1027 1204 182 62 cotinuus,
1167 1204 98 62 sed
1209 1204 56 62 vi

749 1252 123 54 detur.
835 1252 111 54 motor
909 1252 98 54 enim
970 1252 86 54 non
1019 1252 86 54 est
1069 1252 111 54 vnus,
1142 1252 86 54 sed
1179 1252 74 54 sunt

749 1297 95 58 qua
803 1297 176 58 succedunt
938 1297 108 58 sibi
1005 1297 162 58 inuicem.
1127 1297 108 58 Vnde
1181 1297 95 58 talis

751 1345 119 59 motus
830 1345 93 59 non
883 1345 106 59 fit,
949 1345 119 59 nisii
1029 1345 119 59 aere,
1108 1345 106 59 auti
1161 1345 93 59 aqua,

753 1389 98 62 qui
809 1389 70 62 a
837 1389 182 62 quibusdam
977 1389 224 62 attribuitur,
1160 1389 84 62 et
1188 1389 70 62 suc

756 1436 168 66 cessoni,
882 1436 84 66 et
924 1436 84 66 ab
966 1436 84 66 ea
1008 1436 224 66 denominatur.
1189 1436 98 66 Sed

754 1485 146 68 pdictae
860 1485 146 68 quodnes
966 1485 146 68 aliter,
1073 1485 106 68 quam
1126 1485 133 68 narraui-

747 1532 111 62 mus,
816 1532 83 62 no
858 1532 152 62 possunt
968 1532 138 62 solui.
1065 1532 180 62 Successio
1190 1532 69 62 aut

745 1582 147 52 facit
843 1582 147 52 omnia
941 1582 98 52 ea
990 1582 180 52 mouere,
1120 1582 82 52 &
1137 1582 114 52 moue-

751 1629 106 55 ri,
811 1629 121 55 vnde
887 1629 166 55 oportet
1008 1629 121 55 quod
1069 1629 182 55 quiescant:

749 1677 115 44 sed
814 1677 115 44 nos
880 1677 180 44 videmus
1011 1677 131 44 vnum
1093 1677 131 44 idem
1159 1677 98 44 con-

750 1721 131 53 tinue
837 1721 160 53 moueri:
953 1721 131 53 quare
1040 1721 160 53 necesse
1156 1721 102 53 est
1199 1721 58 53 ip

745 1767 121 59 sum
814 1767 172 59 moueri
934 1767 103 59 ab
986 1767 190 59 aliquo:
1107 1767 155 59 mouetur

741 1812 137 55 enim
826 1812 103 55 ab
878 1812 120 55 vno
929 1812 137 55 eodem.
