1416 2066
177 173 85 46 enm
225 173 85 46 &c.
274 173 73 46 i.
310 173 61 46 &
335 173 121 46 signum
420 173 109 46 eius,
493 173 97 46 quid
553 173 109 46 inter
614 173 73 46 eii-

189 213 133 46 ciens,
282 213 66 46 &
308 213 146 46 eiectum
414 213 93 46 non
467 213 93 46 est
520 213 146 46 medium,
613 213 80 46 est,

189 253 119 43 quoniam
275 253 129 43 eiectio,
372 253 86 43 siue
426 253 97 43 dicas
491 253 86 43 quod
545 253 75 43 est
588 253 97 43 motus
642 253 43 43 ab

182 292 128 45 aliquo.
276 292 70 45 i.
311 292 70 45 ab
345 292 163 45 eiiciente,
474 292 82 45 aut
520 292 105 45 dicas
590 292 93 45 quod
637 292 58 45 est

183 330 125 41 motus
266 330 83 41 ab
308 330 139 41 aliquo
405 330 83 41 in
447 330 167 41 aliquid,
572 330 69 41 i
600 330 83 41 ab
628 330 69 41 eis

190 365 125 46 ciente
277 365 75 46 in
314 365 150 46 aliquid,
427 365 75 46 in
464 365 100 46 quod
527 365 87 46 est
564 365 125 46 eiectio,

181 401 91 50 aut
233 401 183 50 quoocumque
377 401 144 50 dixeris
481 401 78 50 in
507 401 183 50 descriptione

184 438 186 51 eiectionis,
332 438 174 51 manifestum
469 438 87 51 est
518 438 99 51 quod
568 438 124 51 eiiciens

187 476 87 48 in
230 476 87 48 eo
273 476 101 48 est
331 476 72 48 a
360 476 188 48 principio
504 476 101 48 cum
547 476 130 48 eiecto.

200 517 68 48 ed
234 517 147 48 quaeritur
347 517 124 48 quomodo
437 517 136 48 eiiciens
539 517 147 48 separatur
641 517 45 48 ab

190 545 155 49 ciecto,
303 545 70 49 &
331 545 155 49 eiectum
443 545 155 49 remanet
556 545 141 49 motum,
641 545 56 49 ex

191 588 84 50 quo
239 588 120 50 vietur
323 588 96 50 quod
383 588 144 50 eiiciens
491 588 84 50 non
539 588 84 50 est
587 588 96 50 tunc
635 588 60 50 mo-

193 630 105 37 tor,
259 630 92 37 sed
311 630 105 37 aer,
377 630 92 37 qui
430 630 197 37 naturaliter
575 630 118 37 mouetur

193 664 81 42 ex
233 664 94 42 se,
287 664 94 42 cum
341 664 148 42 mouetur
449 664 81 42 ex
489 664 121 42 alio,
570 664 81 42 vt
597 664 94 42 dicet

188 702 87 36 in
231 702 145 36 Coelo,
333 702 73 36 &
362 702 116 36 Mun.
434 702 116 36 D.d.
507 702 87 36 Et
536 702 160 36 Attractio

194 741 89 45 est
245 741 89 45 vna
296 741 166 45 intentio,
424 741 64 45 &
450 741 89 45 est
501 741 153 45 Tiratio.
615 741 64 45 a
628 741 64 45 for

193 776 75 51 te
230 776 149 51 intendit
342 776 162 51 declarare
466 776 87 51 per
516 776 99 51 hoc,
578 776 99 51 quod
628 776 62 51 at-

189 815 141 48 trahens
292 815 90 48 est
343 815 90 48 cum
395 815 167 48 attracto.
523 815 154 48 quoniam,
626 815 64 48 cum

187 860 163 38 attractio
313 860 88 38 sit
363 860 150 38 tiratio,
475 860 63 38 &
500 860 125 38 tirans
588 860 88 38 sit
625 860 63 38 cum

187 887 135 44 tirato,
285 887 135 44 necesse
383 887 86 44 est
432 887 74 44 vt
469 887 159 44 attrahens
591 887 86 44 sit
628 887 61 44 cum

181 925 174 46 attracto.
314 925 80 46 Et
355 925 120 46 forte
435 925 161 46 intendit
542 925 147 46 declarare

194 965 96 49 quod
254 965 133 49 tiratio
351 965 84 49 est
399 965 169 49 attractio,
531 965 60 49 &
543 965 145 49 declaratum

191 1004 92 39 est
243 1004 105 39 quod
309 1004 184 39 attrahens,
454 1004 66 39 &
480 1004 171 39 attractum
599 1004 92 39 insil

184 1045 132 37 sunt,
272 1045 117 37 ergo
345 1045 73 37 &
375 1045 146 37 tirans
477 1045 103 37 cum
536 1045 161 37 tirato.
638 1045 59 37 Et

182 1077 127 48 prima
267 1077 170 48 intentio
394 1077 99 48 est
451 1077 226 48 manifestior.
620 1077 71 48 nam

195 1117 125 37 tirans
282 1117 100 37 esse
344 1117 87 37 cum
394 1117 137 37 tirato,
494 1117 187 37 manifestius
631 1117 62 37 est

185 1151 95 49 qua
240 1151 177 49 attrahens
376 1151 109 49 esse
443 1151 95 49 cum
498 1151 177 49 attracto:
620 1151 68 49 cum

190 1191 108 50 multa
262 1191 108 50 vinit
335 1191 157 50 attrahere
455 1191 120 50 absque
539 1191 84 50 eo,
588 1191 96 50 quod
636 1191 60 50 tan

183 1236 120 43 gant,
263 1236 80 43 vt
303 1236 174 43 magnetes.
436 1236 67 43 &
463 1236 200 43 existimatur
610 1236 80 43 quod

194 1268 122 37 virtus
279 1268 171 37 attractiua
413 1268 73 37 in
450 1268 146 37 plantis,
560 1268 61 37 &
572 1268 122 37 animali-

191 1305 90 41 bus
243 1305 90 41 est
294 1305 129 41 talis.
385 1305 78 41 Ex
424 1305 142 41 diximus
527 1305 103 41 quod
579 1305 116 41 Secunda

191 1343 129 48 intentio
288 1343 86 48 pont
342 1343 97 48 esse,
406 1343 118 48 quoniam
492 1343 64 48 in
524 1343 75 48 hoc
567 1343 86 48 quod
610 1343 86 48 attra-

189 1380 104 39 ctio
254 1380 169 39 reducatur
384 1380 78 39 ad
423 1380 182 39 tirationem
567 1380 91 39 est
606 1380 91 39 laten

187 1415 102 44 tia.
251 1415 63 44 &
276 1415 114 44 quasi
352 1415 152 44 secundum
467 1415 102 44 hanc
517 1415 178 44 expositionem

190 1452 123 53 voluit
276 1452 172 53 notificare
410 1452 98 53 quod
472 1452 135 53 tiratio
570 1452 86 53 est
619 1452 74 53 de
643 1452 49 53 at

192 1500 195 39 tractione.
345 1500 84 39 Ad
387 1500 98 39 hoc
443 1500 139 39 autem,
541 1500 112 39 quod
610 1500 112 39 quae

191 1528 107 42 ritur,
266 1528 117 42 quoniam
351 1528 96 42 plura
415 1528 160 42 attrahentia
544 1528 117 42 vinuitr
618 1528 75 42 attra

191 1567 108 44 here
258 1567 108 44 sine
325 1567 135 44 tactu,
420 1567 67 44 &
447 1567 108 44 sinc
514 1567 121 44 motu,
581 1567 108 44 dicen-

191 1607 80 48 dum
236 1607 80 48 est
282 1607 91 48 quod
338 1607 91 48 haec
395 1607 125 48 dicitur
486 1607 148 48 attractio
589 1607 102 48 aequiuo

194 1653 78 33 ce.
238 1653 144 33 attractio
349 1653 89 33 enim
405 1653 67 33 in
438 1653 78 33 rei
483 1653 133 33 veritate
583 1653 78 33 est
616 1653 78 33 illa,

187 1682 92 39 in
233 1682 108 39 qua
294 1682 200 39 attrahens
449 1682 169 39 mouetur
572 1682 108 39 cum
618 1682 77 39 at-

191 1717 136 49 tracto.
289 1717 62 49 &
314 1717 99 49 hoc,
376 1717 124 49 quando
462 1717 161 49 attractum
586 1717 74 49 ad
611 1717 86 49 ipsum

189 1756 91 39 non
241 1756 130 39 fuerit
332 1756 182 39 quiescens.
474 1756 143 39 necesse
578 1756 91 39 est
617 1756 78 39 enim

196 1793 78 49 vt
235 1793 117 49 motus
313 1793 195 49 attrahentis
470 1793 91 49 sit
522 1793 156 49 velocior
626 1793 78 49 quai

708 179 129 39 motus
793 179 186 39 attracti.
936 179 71 39 &
965 179 100 39 hoc
1022 179 186 39 inuenitur
1165 179 100 39 in

710 213 193 38 virtutibus
862 213 221 38 voluntarijs,
1042 213 69 38 &
1069 213 83 38 in
1111 213 97 38 non
1152 213 69 38 vo-

708 252 203 49 luntarijs.
867 252 72 49 &
896 252 188 49 inuenitur
1040 252 87 49 in
1069 252 145 49 pluribus

718 292 171 38 virtutibus
852 292 195 38 naturalibus,
1011 292 61 38 &
1035 292 183 38 Tvitalibus.
1181 292 61 38 &

707 325 93 51 ideo
765 325 116 51 posita
847 325 93 51 sunt
905 325 93 51 fila
963 325 70 51 in
998 325 128 51 menbris
1079 325 139 51 animalium.

712 364 170 38 Attractio
843 364 131 38 autem,
935 364 79 38 in
974 364 92 38 qua
1026 364 183 38 attraliens
1157 364 66 38 est

704 400 211 50 quiescens,
870 400 75 50 &
900 400 196 50 attractum
1051 400 151 50 motum,
1142 400 75 50 non

710 438 87 43 est
759 438 162 43 attractio
884 438 75 43 in
921 438 87 43 rei
971 438 162 43 veritate.
1096 438 87 43 sed
1133 438 87 43 attra

703 477 116 44 ctum
776 477 160 44 mouetur
892 477 87 44 ex
936 477 87 44 se
979 477 87 44 ad
1023 477 203 44 attrahens,
1168 477 58 44 vt

719 515 161 37 perficiat
843 515 87 37 se.
892 515 74 37 vt
930 515 112 37 lapis
1004 515 137 37 mouetur
1103 515 74 37 ad
1128 515 87 37 infe-

714 552 100 52 rius.
780 552 55 52 &
802 552 100 52 ignis
869 552 66 52 ad
902 552 144 52 superius.
1013 552 66 52 Et
1046 552 144 52 similiter
1146 552 77 52 opor-

708 589 97 53 tet
764 589 97 53 hoc
819 589 209 53 intelligere
986 589 84 53 de
1028 589 111 53 motu
1098 589 125 53 ferri
1167 589 56 53 ad

705 629 223 49 magnetem,
876 629 86 49 &
911 629 240 49 nutrimenti
1099 629 103 49 ad
1133 629 86 49 mem

706 664 112 42 bra.
776 664 84 42 v.
818 664 84 42 g.
860 664 84 42 de
902 664 112 42 motu
972 664 182 42 sanguinis
1111 664 84 42 ad
1139 664 84 42 supe

710 704 100 38 riora
777 704 145 38 corporis,
888 704 56 38 &
911 704 190 38 vniversaliter
1067 704 156 38 nutrimenti
1178 704 45 38 ar

717 741 126 45 porum
801 741 84 45 ad
843 741 182 45 superiora
984 741 140 45 eorum.
1082 741 98 45 Sed
1138 741 98 45 est
1180 741 56 45 in

711 777 103 41 dria
776 777 116 41 inter
853 777 116 41 ista,
931 777 65 41 &
957 777 116 41 illa,
1034 777 103 41 quae
1086 777 129 41 mouentur

712 815 79 43 ad
751 815 118 43 locum
830 815 171 43 proprium.
961 815 144 43 quoniam
1067 815 105 43 illa
1119 815 92 43 mouen

710 853 96 45 tur
765 853 83 45 ad
807 853 124 45 locum
889 853 110 45 siue
958 853 138 45 fuerit
1040 853 179 45 propinquus,

707 897 106 34 aut
768 897 183 34 remotus:
905 897 213 34 nutrimenta
1072 897 122 34 vero
1148 897 106 34 non

707 928 186 42 mouentur
846 928 93 42 ad
892 928 232 42 iutriendum,
1078 928 124 42 nisi
1140 928 77 42 cum

708 965 153 51 fuerint
819 965 84 51 in
861 965 139 51 aliqua
959 965 223 51 dispositione
1140 965 84 51 de
1167 965 56 51 nu

709 1012 147 30 trito.
812 1012 74 30 &
842 1012 191 30 similiter
989 1012 147 30 ferrum
1092 1012 103 30 non
1136 1012 88 30 moue

708 1042 99 41 tur
764 1042 85 41 ad
807 1042 183 41 magnetem,
948 1042 113 41 nisi
1018 1042 99 41 cum
1075 1042 141 41 fuerit
1160 1042 56 41 in

711 1078 142 44 aliqua
810 1078 185 44 qualitate
953 1078 85 44 de
995 1078 171 44 magnete.
1123 1078 71 44 &
1138 1078 85 44 ideo

705 1116 150 46 quando
810 1116 150 46 magnes
915 1116 180 46 fricatur
1050 1116 105 46 cum
1095 1116 120 46 alleo,

703 1153 168 41 amittit
825 1153 199 41 virtutem.
978 1153 107 41 nam
1039 1153 153 41 ferrum
1131 1153 92 41 tunc

713 1189 96 53 non
768 1189 165 53 acquirit
892 1189 83 53 de
934 1189 138 53 lapide
1030 1189 83 53 in
1071 1189 110 53 illa
1127 1189 96 53 dispo

708 1229 161 45 sitione
826 1229 220 45 qualitatem,
1001 1229 103 45 per
1060 1229 117 45 quam
1118 1229 103 45 inna-

708 1265 96 50 tum
763 1265 96 50 est
818 1265 138 50 moueri
915 1265 96 50 per
970 1265 83 50 se
1011 1265 83 50 ad
1053 1265 165 50 lapidem.
1177 1265 69 50 &

711 1301 103 51 hoc
770 1301 205 51 manifestum
931 1301 103 51 est
990 1301 88 51 in
1034 1301 146 51 ambra,
1136 1301 117 51 quod

715 1341 164 49 attrahit
838 1341 150 49 paleam,
948 1341 137 49 quando
1043 1341 164 49 calefit.
1153 1341 68 49 Er-

708 1381 86 45 go
751 1381 115 45 iste
822 1381 129 45 modus
908 1381 186 45 motionis,
1052 1381 86 45 si
1081 1381 143 45 dicatur,

710 1425 197 33 attractio,
865 1425 99 33 non
921 1425 225 33 intendebatur
1104 1425 85 33 ab
1132 1425 85 33 Ari-

711 1456 140 35 stote.
809 1456 84 35 in
851 1456 98 35 hoc
907 1456 140 35 nomine
1005 1456 196 35 attractio,
1145 1456 70 35 cum

714 1501 198 33 collocetur
869 1501 85 33 in
912 1501 113 33 his,
983 1501 113 33 quae
1053 1501 170 33 mouentur
1166 1501 57 33 ex

711 1530 100 48 se.
768 1530 129 48 Dein.
854 1530 144 48 dicit:
955 1530 100 48 BEt
1012 1530 187 48 proiectio
1141 1530 72 48 est

712 1566 107 44 &c.
773 1566 138 44 idest
865 1566 153 44 quando
972 1566 230 44 transferens
1140 1566 77 44 mo-

708 1605 106 51 uet
768 1605 211 51 translatum
934 1605 91 51 ad
980 1605 166 51 partem,
1100 1605 91 51 ad
1130 1605 91 51 quam

712 1652 172 29 mouetur
838 1652 251 29 naturaliter,
1042 1652 141 29 mouet
1120 1652 94 29 motu

715 1682 190 40 velociori
861 1682 102 40 suo
920 1682 117 40 motu
993 1682 190 40 naturali,
1124 1682 102 40 verbi

719 1717 134 52 gratia
812 1717 174 52 proiectio
946 1717 147 52 lapidi:
1053 1717 80 52 ad
1080 1717 134 52 inferius

711 1754 136 41 Deinde
806 1754 136 41 dicit:
901 1754 81 41 Et
942 1754 149 41 necesse
1050 1754 95 41 est
1105 1754 81 41 vt
1132 1754 81 41 tran

709 1803 142 32 slatum
808 1803 100 32 non
865 1803 157 32 cesset,
979 1803 100 32 &c.
1036 1803 128 32 idest
1121 1803 100 32 don
1164 1803 57 32 es
