1433 2075
170 133 137 49 formae.
269 133 62 49 &
294 133 124 49 dicunt
381 133 99 49 hanc
443 133 161 49 potentiam
567 133 99 49 esse
617 133 74 49 pro-

171 172 105 46 priam
241 172 140 46 materiae
346 172 209 46 naturalitatem.
520 172 105 46 Aliam
590 172 93 46 vero
637 172 58 46 di-

174 203 98 40 cunt
235 203 159 40 potentiam
357 203 98 40 esse
418 203 196 40 respectiuam,
577 203 98 40 quae
626 203 61 40 non

172 235 71 39 vna
212 235 111 39 ratione
293 235 71 39 est
333 235 81 39 sed,
384 235 60 39 si
414 235 60 39 ad
444 235 101 39 formam
515 235 141 39 genericam,
615 235 71 39 gene-

178 269 88 36 ralis
237 269 78 36 est:
286 269 59 36 si
315 269 59 36 ad
344 269 137 36 specificam
451 269 137 36 specihica:
559 269 59 36 si
588 269 59 36 ad
607 269 88 36 indiui-

171 308 87 35 dua
220 308 212 35 indiuidualis.
395 308 112 35 primo
470 308 125 35 igitur
558 308 100 35 modo
608 308 87 35 poten

177 329 69 42 tia
217 329 69 42 est
256 329 119 42 dicitura
345 329 178 42 substantialis,
493 329 69 42 vel
533 329 79 42 loco
582 329 99 42 diriae
642 329 49 42 po-

175 361 106 40 sita:
246 361 129 40 secundo
340 361 94 40 modo
399 361 82 40 est
446 361 141 40 relatio.
552 361 59 40 &
575 361 118 40 dicunt
646 361 47 40 po

177 403 153 32 tentiam
289 403 153 32 secundo
400 403 112 32 modo
470 403 139 32 dictam
568 403 112 32 esse
623 403 70 32 ge-

169 429 165 37 nerabilem
297 429 64 37 &
322 429 216 37 corruptibilem
500 429 140 37 omnino.
602 429 64 37 &
615 429 76 37 ideo

177 460 120 39 dicunt
261 460 108 39 istam
334 460 145 39 secundam
442 460 157 39 potentiam
562 460 145 39 differre
659 460 36 39 a

175 491 133 35 materia.
275 491 89 35 Ista
330 491 89 35 sunt
385 491 100 35 dicta
452 491 111 35 omnium
529 491 100 35 ferem
584 491 111 35 Auerroi-

171 524 109 38 starum
247 524 98 38 vsque
313 524 65 38 ad
346 524 109 38 nostra
422 524 131 38 tempora.
520 524 65 38 Et
553 524 98 38 licet
619 524 76 38 nos
651 524 44 38 fe

174 557 123 36 cerimus
264 557 135 36 prolixam
365 557 101 36 satis
432 557 123 36 quodnem
522 557 79 36 hoc
567 557 90 36 anno
611 557 79 36 super

166 589 93 37 isto
225 589 105 37 loco,
295 589 82 37 vbi
341 589 128 37 diffuse
435 589 105 37 satis
504 589 140 37 materiam
598 589 93 37 istanm

170 621 224 41 pertractauimus:
359 621 94 41 tunc
418 621 106 41 tamen
489 621 130 41 quaedam
571 621 118 41 breuiter

175 645 89 44 volo
230 645 144 44 colligere
341 645 77 44 pro
385 645 144 44 vtilitate
496 645 122 44 vestra,
584 645 55 44 &
607 645 77 44 pro
640 645 44 44 in

177 679 144 37 quisitione
290 679 144 37 veritatis.
403 679 72 37 Et,
445 679 82 37 quia
496 679 93 37 omnis
548 679 144 37 contradictor

177 711 102 43 super
245 711 181 43 inquisitione
392 711 147 43 veritatis
505 711 68 43 in
539 711 113 43 primis
607 711 79 43 excu-

176 742 110 37 sandus
253 742 88 37 est,
308 742 88 37 dico
363 742 99 37 salua
429 742 154 37 reuerentia
550 742 110 37 omnium
616 742 77 37 tali-

177 779 84 31 ter
225 779 168 31 opinantium
357 779 96 31 quod
417 779 96 31 ipsi
476 779 84 31 non
524 779 120 31 habent
596 779 96 31 mentem

178 806 106 37 Auerr.
253 806 74 37 nec
295 806 95 37 recte
358 806 116 37 glosant
443 806 85 37 eius
496 806 106 37 verba.
570 806 95 37 omnes
623 806 74 37 istae

176 840 97 38 tres
236 840 194 38 responsiones
394 840 169 38 concordant
527 840 109 38 super
599 840 85 38 hoc
636 840 60 38 pum

183 872 81 34 sto,
233 872 81 34 quod
284 872 61 34 in
314 872 111 34 materia
395 872 71 34 est
436 872 101 34 duplex
507 872 132 34 potentia,
608 872 71 34 vna
638 872 51 34 que

180 900 73 38 est
221 900 125 38 relatio,
315 900 83 38 alia
367 900 83 38 quae
419 900 73 38 est
460 900 135 38 distincta
564 900 52 38 a
575 900 114 38 telatione

179 936 55 34 &
201 936 77 34 per
245 936 155 34 consequens
367 936 88 34 illa
422 936 77 34 est
466 936 144 34 absoluta.
577 936 88 34 omne
632 936 88 34 enim

178 968 81 34 ens
225 968 161 34 distinctum
351 968 115 34 contra
432 968 161 34 relationem
559 968 81 34 est
605 968 81 34 ens
640 968 46 34 ab

176 996 140 38 solutum.
281 996 81 38 Sed
328 996 105 38 istud
397 996 81 38 est
444 996 105 38 purus
514 996 116 38 error,
595 996 58 38 &
607 996 81 38 cotra

177 1033 105 31 omnes
248 1033 211 31 Peripateticos.
423 1033 82 31 Nam
470 1033 117 31 quaero
552 1033 70 31 de
576 1033 117 31 potentia

177 1061 87 37 illa
231 1061 130 37 absoluta
329 1061 87 37 quid
384 1061 87 37 sit,
438 1061 87 37 vtru
492 1061 76 37 sit
536 1061 130 37 potentia
623 1061 65 37 acti

178 1097 74 34 ua,
221 1097 63 34 an
252 1097 126 34 potentia
347 1097 126 34 passiua:
441 1097 74 34 an,
484 1097 63 34 vt
515 1097 84 34 alii
568 1097 116 34 dicunt,
641 1097 53 34 sit

183 1124 113 37 aliqua
262 1124 136 37 potentia
364 1124 159 37 obiectiua.
489 1124 68 37 &,
523 1124 68 37 si
557 1124 136 37 fingendi
648 1124 45 37 da

175 1156 100 38 retur
241 1156 144 38 licentia,
352 1156 78 38 non
397 1156 111 38 posset
474 1156 67 38 in
508 1156 89 38 casu
552 1156 144 38 verificari,

183 1188 93 42 nisi
242 1188 128 42 alterum
335 1188 140 42 istorum.
439 1188 81 42 Non
486 1188 81 42 est
532 1188 140 42 dicendum
625 1188 70 42 quod

182 1219 74 39 sit
225 1219 127 39 potentia
320 1219 117 39 actiua:
405 1219 85 39 quia
458 1219 96 39 omnes
522 1219 106 39 dicunt
596 1219 85 39 quod
639 1219 53 39 per

177 1251 117 39 istam
255 1251 170 39 potentiam
386 1251 144 39 materia
490 1251 144 39 recipit
582 1251 104 39 formam

182 1284 74 38 Nec
225 1284 149 38 obiectiua.
342 1284 96 38 quia,
406 1284 64 38 si
438 1284 149 38 obiectiua,
555 1284 85 38 ista
608 1284 74 38 est
640 1284 53 38 res

179 1316 149 41 relatiua
290 1316 75 41 ad
328 1316 112 41 actum
402 1316 199 41 entitatiuum,
564 1316 62 41 &
589 1316 87 41 per
626 1316 62 41 con

175 1347 119 33 sequens
262 1347 76 33 non
305 1347 76 33 est
348 1347 141 33 absoluta.
456 1347 65 33 Si
489 1347 130 33 passiua,
586 1347 65 33 vt
608 1347 86 33 dicere

175 1379 150 34 videntur
288 1379 125 34 omnes.
376 1379 100 34 tunc
439 1379 150 34 arguatur
551 1379 100 34 sic.
601 1379 88 34 Poten

184 1413 81 37 tia
231 1413 128 37 passiua
324 1413 81 37 non
370 1413 81 37 est
416 1413 128 37 aliquid
509 1413 162 37 absolutum:
625 1413 70 37 quia

179 1442 98 42 suum
240 1442 98 42 esse
301 1442 86 42 est
350 1442 74 42 ad
387 1442 110 42 aliud
461 1442 74 42 se
498 1442 135 42 habere.
596 1442 86 42 nam
633 1442 61 42 po-

183 1474 119 40 tentia
266 1474 131 40 passiua
362 1474 83 40 est
409 1474 167 40 principium
528 1474 167 40 transmutandi

178 1509 74 36 ab
215 1509 123 36 altero
300 1509 159 36 inquantum
423 1509 147 36 alterum.
534 1509 110 36 patet
595 1509 98 36 autem,

178 1539 96 36 quod
238 1539 84 36 hoc
286 1539 144 36 importat
394 1539 156 36 respectum
513 1539 72 36 ad
549 1539 108 36 actum
609 1539 84 36 rece-

182 1573 93 32 ptui
241 1573 70 32 ab
276 1573 117 32 agente
357 1573 70 32 vt
392 1573 70 32 ab
427 1573 128 32 agente:
520 1573 105 32 sicut
578 1573 117 32 potentia

175 1603 123 39 actiua
261 1603 148 39 importat
371 1603 160 39 respectum
494 1603 74 39 ad
531 1603 123 39 actum,
617 1603 74 39 vt
642 1603 49 39 im

182 1635 143 41 primitur
289 1635 71 41 in
325 1635 119 41 passum
408 1635 71 41 vt
443 1635 71 41 in
479 1635 131 41 passum.
562 1635 131 41 quaelibet

179 1665 115 42 ligitur
262 1665 126 42 potentia
356 1665 146 42 tespectiua
471 1665 84 42 est.
524 1665 84 42 ergo
576 1665 73 42 vti
607 1665 84 42 distin

182 1701 126 37 ctione,
273 1701 80 37 vbi
319 1701 80 37 non
365 1701 92 37 opus
423 1701 92 37 est,
480 1701 80 37 est
526 1701 172 37 distinguere
652 1701 46 37 de

178 1726 89 36 lana
233 1726 133 36 caprina.
333 1726 144 36 Praeterea
444 1726 166 36 specialiter
576 1726 111 36 contra
643 1726 55 36 ter

175 1763 91 42 tiam
232 1763 103 42 viam,
300 1763 114 42 falsum
380 1763 80 42 est
426 1763 91 42 quod
483 1763 137 42 potentia
575 1763 114 42 respecti

181 1797 77 38 ua
220 1797 90 38 sit
271 1797 218 38 corruptibilis
450 1797 141 38 omnino.
552 1797 90 38 Nam
591 1797 102 38 poten-

177 1828 76 30 tia
221 1828 152 30 respectiua
340 1828 152 30 specifica,
460 1828 54 30 &
482 1828 131 30 generica
580 1828 87 30 sunt
624 1828 65 30 eter

182 1860 83 39 nae
230 1860 189 39 simpliciter,
383 1860 59 39 &
407 1860 59 39 a
431 1860 107 39 parte
502 1860 107 39 ante,
573 1860 59 39 &
596 1860 59 39 a
608 1860 83 39 parte

172 1890 98 33 post
233 1890 147 33 respectu
343 1890 110 33 primi
417 1890 147 33 termini,
527 1890 73 33 ad
563 1890 98 33 quem
612 1890 86 33 primo

704 141 152 33 referuntur,
825 141 71 33 cum
866 141 111 33 species
947 141 81 33 sint
997 141 121 33 aeternae
1088 141 121 33 secundum
1169 141 71 33 Philo

704 173 114 44 sophos.
787 173 83 44 bene
839 173 94 44 verum
901 173 73 44 est
943 173 83 44 quod
995 173 135 44 potentiae
1099 173 94 44 istae
1151 173 83 44 respe-

707 204 79 39 ctu
752 204 113 39 formae
831 204 192 39 indiuidualis,
989 204 90 39 quam
1045 204 79 39 per
1090 204 79 39 acc
1135 204 102 39 idens
1203 204 56 39 &

708 234 158 47 secundario
832 234 169 47 respiciunt,
967 234 90 47 sunt
1024 234 192 47 corruptibiles
1171 234 56 47 per

707 267 141 39 accidens
813 267 59 39 a
837 267 106 39 parte
907 267 94 39 post
966 267 130 39 tantum,
1060 267 106 39 sicut
1131 267 106 39 recte
1190 267 47 39 de

713 303 98 35 clarat
782 303 78 35 Com.
830 303 59 35 i.
860 303 98 35 coeli.
928 303 78 35 com.
977 303 78 35 120.
1026 303 59 35 &.
1055 303 59 35 4.
1084 303 78 35 phy.
1133 303 78 35 com.
1172 303 59 35 120.

705 332 70 39 Et
740 332 129 39 propter
834 332 82 39 hoc
881 332 117 39 aliter
962 332 105 39 nobis
1032 332 105 39 visum
1103 332 82 39 est
1138 332 93 39 dicere

707 364 87 35 quod
761 364 141 35 quaelibet
870 364 130 35 potentia
968 364 65 35 in
1001 364 120 35 materia
1088 364 130 35 existens
1175 364 54 35 re-

707 397 126 33 spectus
798 397 92 33 est.
856 397 69 33 Et
890 397 138 33 vlterius
993 397 92 33 dico
1051 397 149 33 potentiam
1154 397 69 33 ista

711 430 84 32 vno
759 430 95 32 modo
818 430 95 32 esse
878 430 72 32 de
914 430 143 32 essentia
1021 430 155 32 materiae,
1141 430 60 32 &
1152 430 72 32 alio

708 460 112 39 modo
778 460 155 39 minime.
891 460 112 39 vnde
961 460 225 39 indubitanter
1130 460 98 39 credo

708 491 128 36 Auerr.
798 491 154 36 imitatum
913 491 128 36 fuisse
1003 491 180 36 Themistium
1144 491 77 36 in
1170 491 64 36 sua

705 523 187 33 disgressione
857 523 140 33 speciali
962 523 58 33 &
986 523 117 33 aurea,
1067 523 93 33 quam
1126 523 105 33 facit
1184 523 47 33 su

715 556 88 31 per
766 556 113 31 primo
841 556 101 31 phy.
904 556 113 31 cuius
980 556 138 31 opinio,
1080 556 75 31 vt
1105 556 126 31 summatim

705 588 115 32 dicam,
785 588 149 32 consistit
899 588 69 32 in
934 588 80 32 hoc
980 588 138 32 piincto.
1083 588 126 32 Materia
1163 588 69 32 du

715 617 140 33 pliciter
820 617 117 33 potest
902 617 187 33 consyderari.
1053 617 82 33 Vno
1100 617 93 33 modo
1158 617 70 33 in
1182 617 58 33 se,

712 649 57 33 &
734 649 80 33 quo
780 649 69 33 ad
814 649 80 33 sua
860 649 171 33 praedicata,
997 649 91 33 quae
1054 649 69 33 in
1089 649 80 33 suo
1134 649 91 33 esse
1180 649 57 33 qui

715 676 143 37 ditatiuo
822 676 95 37 sibi
882 676 202 37 attribuuntur,
1048 676 60 37 &
1072 676 95 37 sic,
1132 676 83 37 cum
1168 676 71 37 mate

712 716 90 30 ria
764 716 90 30 sit
815 716 142 30 quoddam
918 716 90 30 ens
970 716 180 30 absolutum,
1111 716 90 30 cum
1150 716 77 30 sub-

711 740 120 39 stantia
798 740 87 39 sit,
853 740 76 39 sic
897 740 76 39 non
940 740 131 39 includit
1039 740 175 39 quiditatiue,
1180 740 55 39 &
1191 740 44 39 es

712 772 182 39 sentialiter
858 772 134 39 aliquem
955 772 109 39 modum
1028 772 170 39 petentiae,
1149 772 85 39 neque

715 806 144 33 remotam,
823 806 108 33 neque
895 806 180 33 propinquam,
1039 806 108 33 neque
1099 806 132 33 passiuam,

716 836 107 38 neque
787 836 142 38 actiuam,
894 836 107 38 neque
965 836 178 38 obiectiuam.
1107 836 83 38 Nam
1154 836 71 38 vt
1178 836 59 38 di-

717 868 77 38 xit
761 868 121 38 Auicem.
849 868 66 38 3.
882 868 88 38 suae
937 868 99 38 meta.
1002 868 143 38 Equinitas
1112 868 77 38 est
1145 868 88 38 tantum

714 901 161 30 equinitas,
841 901 81 30 nec
887 901 92 30 vna,
945 901 81 30 nec
991 901 127 30 plures,
1083 901 81 30 nec
1118 901 115 30 singula-

717 933 86 30 ris,
771 933 75 30 nec
814 933 171 30 vniuersalis,
952 933 75 30 nec
995 933 96 30 actu,
1059 933 75 30 nec
1102 933 139 30 potentia.
1198 933 43 30 Et

717 962 111 32 stam
787 962 139 32 primam
884 962 264 32 consyderationem
1092 962 139 32 subtiles

708 994 190 32 nominauere
858 994 136 32 primum
953 994 136 32 signum
1048 994 163 32 naturae.
1157 994 81 32 Alia

711 1028 85 30 est
760 1028 195 30 consideratio
918 1028 158 30 materiae,
1040 1028 73 30 vt
1077 1028 110 30 habet
1137 1028 98 30 compa-

710 1060 150 36 rationem
822 1060 75 36 ad
859 1060 112 36 alia,
934 1060 62 36 &
959 1060 75 36 ad
997 1060 112 36 ipsam
1072 1060 137 36 formam,
1159 1060 75 36 quam

711 1089 139 33 recipit,
816 1089 58 33 &
839 1089 70 33 ad
874 1089 116 33 agens,
955 1089 58 33 a
979 1089 81 33 quo
1025 1089 105 33 ipsam
1095 1089 116 33 formam
1164 1089 70 33 reci

718 1118 92 42 pit.
776 1118 58 42 &
799 1118 69 42 in
834 1118 92 42 tali
891 1118 219 42 consyderatione,
1076 1118 92 42 quae
1122 1118 115 42 consyde-

711 1157 110 35 ratio
784 1157 73 35 in
821 1157 196 35 comparatione
980 1157 171 35 consistit,
1115 1157 98 35 ipsa
1164 1157 73 35 mate

710 1184 78 39 ria
754 1184 134 39 includit
855 1184 167 39 quiditatiue
988 1184 100 39 ipsam
1055 1184 156 39 potentiam,
1166 1184 67 39 quae

714 1219 137 40 potentia
816 1219 80 40 est
862 1219 137 40 potentia
965 1219 137 40 passiua,
1067 1219 91 40 quae
1113 1219 114 40 potentia

721 1253 117 30 assiua
803 1253 82 30 non
850 1253 82 30 est
896 1253 82 30 res
943 1253 152 30 absoluta,
1060 1253 93 30 immo
1118 1253 82 30 est
1153 1253 82 30 rela-

715 1285 70 30 tio
755 1285 120 30 quaedam,
845 1285 80 30 quae
896 1285 171 30 identificatur
1036 1285 120 30 realiter
1127 1285 70 30 cum
1157 1285 80 30 essen-

713 1309 76 36 tia
756 1309 140 36 materiae:
864 1309 54 36 &
886 1309 76 36 est
929 1309 119 36 diitura
1015 1309 183 36 substantialis
1155 1309 76 36 mate-

713 1346 87 32 riae
767 1346 65 32 eo
800 1346 97 32 modo,
865 1346 76 32 quo
908 1346 97 32 Auer.
973 1346 130 32 loquitur
1070 1346 65 32 de
1092 1346 130 32 dicituris,

717 1370 84 39 dum
765 1370 120 39 dixit.
849 1370 108 39 Actus
922 1370 60 39 &
946 1370 145 39 potentia
1054 1370 96 39 sunt
1102 1370 133 39 differen-

719 1409 83 33 iae
767 1409 107 33 valde
838 1409 155 33 oppositae
957 1409 119 33 entis,
1041 1409 60 33 &
1064 1409 143 33 circuunt
1160 1409 71 33 omne

718 1437 109 41 genus.
794 1437 142 41 Declaraui
903 1437 87 41 enim
958 1437 98 41 alias
1023 1437 65 41 de
1056 1437 152 41 intentione
1165 1437 65 41 Com.

712 1465 116 41 duplex
793 1465 93 41 esse
851 1465 116 41 genus,
932 1465 58 41 &
955 1465 139 41 duplices
1059 1465 93 41 esse
1106 1465 127 41 differen-

722 1497 82 49 lias
773 1497 122 49 scilicet
865 1497 71 49 per
905 1497 143 49 analogiam,
1018 1497 51 49 &
1038 1497 71 49 per
1069 1497 163 49 vniuocationem,

718 1529 84 41 vnde
770 1529 94 41 sicut
833 1529 84 41 ens,
885 1529 126 41 secundum
979 1529 105 41 ipsum,
1052 1529 94 41 genus
1115 1529 73 41 est
1146 1529 84 41 analo-

718 1562 94 46 gum,
777 1562 82 46 ita
824 1562 105 46 actus
894 1562 59 46 &
917 1562 140 46 potentia
1023 1562 94 46 sunt
1069 1562 176 46 differentiae.

715 1592 177 44 analogicae
855 1592 127 44 entis:
943 1592 101 44 quas
1007 1592 190 44 Moderniores
1146 1592 89 44 moda-

713 1628 79 46 les
758 1628 181 46 differentias
905 1628 181 46 nuncupauere.
1052 1628 79 46 ens
1097 1628 113 46 igitur
1176 1628 79 46 per

711 1661 164 45 potentiam
838 1661 177 45 constituit
977 1661 164 45 materiam,
1104 1661 114 45 sicut
1167 1661 63 45 ens

709 1688 89 46 per
760 1688 115 46 actum
837 1688 179 46 constituit
978 1688 141 46 formam.
1080 1688 102 46 Vnde
1131 1688 102 46 Philo-

713 1719 126 43 sophus.
804 1719 80 43 12.
850 1719 103 43 meta.
919 1719 80 43 tex
964 1719 92 43 com.
1022 1719 69 43 s.
1056 1719 114 43 volens
1125 1719 114 43 declara-

716 1748 68 46 re
750 1748 91 46 quod
806 1748 79 46 sit
852 1748 91 46 esse
909 1748 148 46 materiae,
1022 1748 125 46 diuidit
1113 1748 102 46 prius
1170 1748 68 46 esse

712 1788 91 43 per
764 1788 168 43 potentiam
893 1788 65 43 &
919 1788 129 43 actum,
1010 1788 65 43 &
1036 1788 168 43 concludit
1152 1788 78 43 mate

712 1821 88 37 riam
767 1821 88 37 esse
822 1821 77 37 ens
866 1821 66 37 in
899 1821 143 37 potentia.
1010 1821 77 37 Et,
1054 1821 66 37 si
1076 1821 154 37 consyderetur

711 1852 151 44 probatio
824 1852 176 44 Philosophi
963 1852 63 44 &
988 1852 163 44 processus
1113 1852 113 44 eius,
1176 1852 63 44 lo-

709 1884 123 46 quitur
795 1884 74 46 de
832 1884 147 46 potentia
942 1884 135 46 passiua
1040 1884 61 46 &
1065 1884 160 46 receptiua
1176 1884 61 46 ma
