1416 2066
215 157 162 37 spiritualem,
346 157 71 37 cui
387 157 162 37 sustentatur:
518 157 71 37 cum
558 157 182 37 intellecundum,
700 157 40 37 vt

216 191 164 36 declaratum
345 191 94 36 est,
404 191 82 36 non
450 191 82 36 sit
497 191 176 36 indiuiduum.
638 191 105 36 Vnde,
696 191 47 36 si

219 226 81 38 tur
265 226 81 38 mea
311 226 92 38 fert
368 226 127 38 opinio,
460 226 150 38 sententia
564 226 173 38 Peripatetico-

217 254 76 36 rum
260 254 86 36 fuit
314 254 86 36 quod
369 254 162 36 intellectio
498 254 151 36 singularis
606 254 130 36 materialis

218 285 117 37 repugnat
306 285 156 37 intellectui,
433 285 59 37 vt
462 285 146 37 intellectus
579 285 78 37 est,
628 285 68 37 non
657 285 78 37 quate-

218 319 85 31 nus
266 319 170 31 singulare,
400 319 85 31 sed
449 319 146 31 quatenus
558 319 158 31 materiale
667 319 73 31 est.

219 347 94 31 Vnde
278 347 94 31 Com.
336 347 70 31 in
372 347 94 31 com.
430 347 105 31 super
501 347 105 31 libro
571 347 70 31 de
594 347 141 31 diuinatio-

220 382 67 31 ne
253 382 122 31 inquit,
342 382 89 31 quod
398 382 156 31 declaratum
520 382 78 31 est
564 382 67 31 in
598 382 100 31 prima
653 382 78 31 philo

215 408 118 41 sophia,
301 408 86 41 quod
355 408 193 41 intelligentiae
516 408 75 41 non
559 408 161 41 intelligunt
677 408 64 41 nisi

214 444 131 34 naturas
310 444 191 34 vniuersales,
465 444 60 34 &
489 444 84 34 non
537 444 96 34 dant
597 444 96 34 nisi
644 444 96 34 simile

224 474 96 32 eius,
288 474 85 32 quod
341 474 117 32 habent.
426 474 160 32 impossibile
554 474 74 32 est
597 474 85 32 enim
650 474 64 32 vt
671 474 64 32 dent

215 503 213 35 intentionem
385 503 227 35 indiuidualem
569 503 156 35 omnino,
668 503 71 35 cum

216 535 101 35 non
273 535 159 35 habeant
389 535 159 35 naturam
490 535 246 35 comprehendentem

221 572 206 33 particularem
388 572 206 33 intentionem,
555 572 64 33 &
581 572 116 33 illae
645 572 90 33 forma

219 597 85 37 non
268 597 207 37 indiuiduantur
438 597 98 37 nisi
499 597 85 37 per
548 597 158 37 materiam.
670 597 73 37 &,
694 597 49 37 si

213 627 225 40 intelligentiae
401 627 175 40 abstractae
526 627 213 40 comprehenderent

216 660 190 32 indiuiduum,
368 660 101 32 tunc
431 660 177 32 necessario
571 660 127 32 essent
646 660 89 32 mate-

221 693 112 30 riales.
302 693 81 30 Haec
353 693 81 30 Com.
404 693 91 30 vnde,
465 693 61 30 si
495 693 102 30 alicui
566 693 152 30 intellectui
678 693 61 30 com-

218 722 104 40 perit
288 722 162 40 cognoscere
415 722 162 40 singulare,
543 722 81 40 hoc
589 722 81 40 non
636 722 81 40 est
682 722 81 40 in¬

226 753 85 40 quantu
286 753 128 40 intellectus
388 753 68 40 est:
431 753 68 40 quia
473 753 51 40 vt
499 753 60 40 sic
533 753 145 40 vniversaliter
652 753 77 40 habet
694 753 43 40 co-

219 788 139 38 gnoscete.
327 788 75 38 sic
369 788 86 38 enim
423 788 118 38 ponitur
509 788 86 38 dria
562 788 97 38 inter
616 788 118 38 receptio-

218 818 82 32 nem
265 818 140 32 materiae
370 818 58 32 &
394 818 105 32 inter
464 818 175 32 receptionem
593 818 140 32 intellectu

219 849 100 34 sicut
286 849 100 34 patet
352 849 111 34 tertio
430 849 67 34 de
463 849 100 34 anima
530 849 89 34 com.
585 849 67 34 3.
619 849 67 34 &.
652 849 78 34 36.
685 849 56 34 nam

220 880 124 34 materia
310 880 79 34 est
355 880 101 34 causa
422 880 169 34 receptionis
557 880 146 34 signatae,
658 880 79 34 intel

226 909 102 38 lectus
297 909 92 38 autem
359 909 72 38 est
400 909 92 38 causa
461 909 154 38 receptionis
584 909 154 38 abstractae.
697 909 41 38 si

223 941 97 37 ergo
284 941 85 37 hoc
332 941 122 37 alicui
418 941 183 37 intellectui
564 941 158 37 competer,
673 941 61 37 hoc

223 973 98 37 erit
284 973 160 37 inquantum
407 973 184 37 materialis.
555 973 74 37 i.
591 973 160 37 inquantum
702 973 37 37 a

224 1005 145 30 materia
329 1005 79 30 in
369 1005 159 30 operando
488 1005 132 30 aliquo
580 1005 106 30 modo
633 1005 106 30 depen-

225 1033 83 32 det.
277 1033 62 32 Et
308 1033 73 32 sic
349 1033 73 32 est
391 1033 62 32 de
422 1033 145 32 intellectu
536 1033 104 32 nostro
609 1033 114 32 possib:
681 1033 52 32 li-

227 1068 92 38 qui,
284 1068 80 38 cum
330 1068 80 38 sit
376 1068 126 38 insimus
467 1068 69 38 in
502 1068 115 38 genere
570 1068 161 38 abstractorum

220 1100 70 34 9.
255 1100 70 34 de
290 1100 116 34 anima.
371 1100 93 34 com.
429 1100 81 34 19.
475 1100 128 34 accidit
568 1100 93 34 sibi
615 1100 128 34 inquantum

219 1132 175 31 intellectus
359 1132 93 31 est,
418 1132 105 31 ipsum
488 1132 105 31 talem
558 1132 117 31 habere
628 1132 105 31 habitu,

222 1161 104 33 dinem
292 1161 69 33 ad
327 1161 139 33 hominem,
431 1161 93 33 quod
489 1161 69 33 vt
524 1161 81 33 sic
570 1161 93 33 sine
616 1161 116 33 phantas-

221 1196 97 30 mate
282 1196 85 30 non
330 1196 121 30 possit
415 1196 194 30 intelligere,
573 1196 85 30 aut
622 1196 97 30 homo
682 1196 85 30 per

220 1223 116 35 ipsum.
301 1223 93 35 Nisi
359 1223 116 35 igitur
440 1223 174 35 intellectus
579 1223 116 35 noster
648 1223 93 35 coniun

227 1258 76 32 cta
271 1258 76 32 est
314 1258 152 32 phantasiae
434 1258 54 32 &
456 1258 131 32 continuo
554 1258 54 32 &
576 1258 131 32 tempori,
663 1258 76 32 nullo

226 1285 107 37 pacta
297 1285 118 37 posset
380 1285 154 37 singulare
498 1285 178 37 cognoscere.
640 1285 71 37 Et
664 1285 71 37 ideo

221 1322 98 31 fuit
282 1322 123 31 maxima
368 1322 160 31 discordia
491 1322 111 31 inter
565 1322 160 31 Antiquos,
676 1322 61 31 qua

224 1349 95 30 liter
288 1349 53 30 &
309 1349 116 30 quomodo
394 1349 159 30 intellectus
521 1349 85 30 iste
574 1349 138 30 singulare
669 1349 74 30 cogno

223 1378 100 32 scat.
289 1378 111 32 nullus
367 1378 100 32 autem
433 1378 66 32 ex
466 1378 133 32 Antiquis
566 1378 100 32 dixit
621 1378 122 32 fingulare

221 1410 100 42 esse
284 1410 113 42 primo
360 1410 163 42 cognitum,
485 1410 88 42 cum
535 1410 126 42 dubium
623 1410 88 42 sit
661 1410 75 42 apud

228 1444 104 38 ipsos
298 1444 69 38 an
333 1444 139 38 cognosci
437 1444 104 38 queat
506 1444 69 38 ab
541 1444 174 38 intellectu.
680 1444 58 38 &
692 1444 46 38 de

222 1477 97 36 modo
282 1477 181 36 cognitionis
427 1477 109 36 eius.
500 1477 72 36 Et
536 1477 97 36 ideo
596 1477 121 36 opinio
669 1477 72 36 ista

221 1502 80 36 non
266 1502 125 36 videtur
357 1502 194 36 Aristotelica,
517 1502 80 36 nec
563 1502 137 36 rationes
654 1502 91 36 istius

224 1537 165 42 opinionis
339 1537 102 42 cogunt

258 1565 77 43 Ad
297 1565 128 43 primum
386 1565 115 43 dico,
462 1565 179 43 admittendo
590 1565 153 43 suppositum

230 1600 52 34 ad
256 1600 78 34 istum
309 1600 139 34 intellectum,
421 1600 113 34 videlicet
508 1600 70 34 quod
552 1600 148 34 vniversaliter
673 1600 61 34 non
700 1600 43 34 est

221 1629 140 34 aliquid
323 1629 115 34 extra
399 1629 127 34 animam
489 1629 178 34 distinctum
628 1629 64 34 a
641 1629 102 34 singu-

225 1661 102 37 lari.
293 1661 79 37 sed
338 1661 79 37 est
383 1661 125 37 aliquid
474 1661 136 37 causatum
576 1661 68 37 ab
599 1661 136 37 intellectu

226 1693 119 33 agente
310 1693 95 33 vnam
369 1693 84 33 cum
417 1693 191 33 phantasmate.
572 1693 72 33 Et
608 1693 95 33 tunc
656 1693 84 33 dico-

230 1729 94 36 quod,
292 1729 73 36 cum
334 1729 157 36 intellectus
460 1729 94 36 agens
522 1729 84 36 sit,
575 1729 73 36 qui
617 1729 105 36 faciat
679 1729 63 36 vni-

228 1757 152 29 uersalitatem
351 1757 57 29 in
379 1757 95 29 rebus.
446 1757 47 29 .
465 1757 57 29 de
493 1757 95 29 anima.
560 1757 76 29 com.
607 1757 57 29 S.
636 1757 66 29 vbi
664 1757 76 29 dicitu

224 1791 86 34 quod
278 1791 161 34 intellectus
407 1791 86 34 est,
460 1791 75 34 qui
503 1791 97 34 facit
557 1791 182 34 vniuersalitarem

223 1817 65 42 in
256 1817 108 42 rebus.
331 1817 87 42 iste
386 1817 97 42 autem
451 1817 65 42 in
483 1817 141 42 ellectus,
591 1817 119 42 faciens
678 1817 87 42 apud

222 1851 110 31 ipsum,
299 1851 99 31 agens
365 1851 165 31 intellectus
497 1851 88 31 est.
552 1851 88 31 nam,
607 1851 66 31 si
640 1851 99 31 licet
695 1851 44 31 no

218 1881 74 42 be
255 1881 111 42 Auer.
329 1881 149 42 exponere
440 1881 87 42 per
490 1881 99 42 Aue.
552 1881 111 42 inuen
626 1881 99 42 emus
676 1881 74 42 hoc,

761 157 85 42 quod
814 157 127 42 diximus.
909 157 85 42 ipse
962 157 85 42 enim
1015 157 63 42 3.
1047 157 63 42 de
1078 157 106 42 anima.
1152 157 85 42 com.
1205 157 63 42 3.
1226 157 53 42 ha-

765 197 73 29 pet
806 197 84 29 quod
859 197 157 29 intellectus
984 197 94 29 agens
1047 197 84 29 est,
1099 197 73 29 qui
1141 197 136 29 transfert
1235 197 52 29 res

758 223 70 40 de
793 223 117 40 ordine
875 223 70 40 in
910 223 128 40 ordine,
1003 223 58 40 &
1027 223 105 40 facit
1096 223 70 40 de
1131 223 140 40 potentia
1225 223 58 40 in-

764 254 126 38 tellectis
861 254 77 38 actu
910 254 145 38 intellecta.
1026 254 68 38 sed
1064 254 77 38 iste
1113 254 145 38 intellectus
1229 254 58 38 in
1248 254 39 38 ab

758 287 157 43 strahendo
879 287 85 43 non
927 287 157 43 cognoscit
1048 287 181 43 singularia,
1193 287 60 43 a
1205 287 73 43 qui-

763 316 72 38 bus
804 316 144 38 abstrahit.
917 316 93 38 sicut
979 316 82 38 enim
1030 316 113 38 scribit
1112 316 82 38 Com.
1164 316 62 38 3.
1195 316 62 38 de
1215 316 62 38 ani-

757 357 73 30 ma
793 357 98 30 com.
855 357 86 30 19.
904 357 61 30 &
928 357 98 30 ante
989 357 110 30 ipsum
1063 357 184 30 Themistius.
1210 357 73 30 3.
1234 357 49 30 de

759 383 98 33 anima
824 383 98 33 super
890 383 163 33 expositione
1020 383 87 33 tex.
1074 383 87 33 com.
1129 383 76 33 36.
1172 383 98 33 Talis
1238 383 65 33 in

762 413 154 39 tellectus
881 413 83 39 non
928 413 154 39 cognoscit
1047 413 131 39 aliquid
1142 413 119 39 eorum,
1214 413 71 39 quae

761 444 75 30 sunt
808 444 75 30 hic:
855 444 75 30 tale
902 444 85 30 autem
958 444 160 30 vniversaliter
1090 444 132 30 abstractum
1193 444 56 30 ab
1212 444 66 30 intel

758 474 113 32 lectu
834 474 126 32 agente
922 474 88 32 est
972 474 126 32 illud,
1060 474 101 32 quod
1123 474 164 32 immediate
1237 474 50 32 mo

756 504 85 34 uet
804 504 182 34 intellectum
950 504 182 34 possibilem:
1096 504 97 34 quia
1144 504 134 34 materiale

759 535 162 34 immediate
883 535 112 34 agere
958 535 87 34 non
1007 535 124 34 potest
1094 535 62 34 i
1107 535 174 34 immateriale.

761 566 92 35 Vnde
818 566 126 35 Commen.
909 566 69 35 3.
944 566 69 35 de
978 566 115 35 anima.
1058 566 92 35 com.
1116 566 69 35 3.
1150 566 69 35 &.
1184 566 80 35 1S.
1219 566 57 35 ha-

758 596 84 39 bet
806 596 96 39 quod
866 596 179 39 intentiones
1009 596 167 39 imaginatae
1141 596 84 39 non
1176 596 108 39 possunt

761 636 120 32 mouere
845 636 96 32 actu
905 636 180 32 intellectu,
1049 636 96 32 nisi
1109 636 144 32 postquam
1205 636 72 32 fue-

761 662 86 32 rint
815 662 86 32 actu
869 662 172 32 intellectae,
1009 662 75 32 non
1052 662 97 32 fiunt
1117 662 97 32 autem
1181 662 86 32 actu
1224 662 54 32 in-

757 693 163 39 tellectae,
885 693 93 39 nisi
943 693 81 39 per
990 693 174 39 intellectum
1129 693 139 39 agentem,
1222 693 58 39 qui

761 722 146 33 operatur
870 722 73 33 in
907 722 97 33 hoc,
967 722 109 33 sicut
1040 722 109 33 agens
1113 722 158 33 naturale.
1222 722 61 33 Ab-

758 756 102 31 strabit
832 756 74 31 enim
878 756 157 31 vniversaliter
1008 756 46 31 a
1026 756 130 31 singniari,
1128 756 46 31 &
1146 756 65 31 non
1174 756 102 31 cognoscit

760 785 154 34 singulare
879 785 166 34 materiale,
1009 785 59 34 a
1033 785 83 34 quo
1080 785 166 34 abstrahit.
1199 785 83 34 sicut

759 816 115 40 ignis
836 816 153 40 comburit
950 816 127 40 ignum,
1039 816 64 40 &
1065 816 127 40 nescit
1154 816 76 40 se
1179 816 102 40 combu-

760 852 92 30 rere
818 852 115 30 illud.
899 852 81 30 Et,
945 852 92 30 quia
1002 852 150 30 Gregorius
1118 852 138 30 credidit
1210 852 69 30 tale

766 878 117 41 iviersale
856 878 81 41 ficri
909 878 54 41 ab
936 878 99 41 intellu
1008 878 126 41 possibili,
1107 878 72 41 hinc
1152 878 63 41 est
1187 878 72 41 quod
1223 878 54 41 gra-

762 909 95 38 uiter
826 909 147 38 decipitur,
941 909 63 38 ni
973 909 116 38 fallor.
1057 909 63 38 Et
1089 909 74 38 sic
1131 909 147 38 formaliter
1236 909 42 38 ad

763 946 165 35 argumentum
893 946 106 35 dico,
963 946 94 35 quod
1022 946 94 35 stat
1081 946 177 35 intellectum
1210 946 71 35 pof-

766 971 98 39 sibilem
837 971 80 39 primo
890 971 124 39 cognoscere
988 971 142 39 vniversalie,
1103 971 71 39 quod
1148 971 124 39 vniversale
1237 971 44 39 est

754 1005 74 37 ab
791 1005 173 37 intellectu
927 1005 136 37 agente,
1026 1005 186 37 abstrahente
1162 1005 112 37 naturam

759 1036 69 32 am
793 1036 194 32 singularitate
953 1036 91 32 sine
1010 1036 171 32 cognitione,
1147 1036 80 32 sed
1193 1036 91 32 mere
1238 1036 46 32 na

757 1067 175 41 turaliter.
895 1067 75 41 Et
933 1067 113 41 ideo,
1008 1067 75 41 si
1045 1067 175 41 argumentum
1170 1067 113 41 aliquid

763 1093 163 37 probaret,
889 1093 126 37 maxime
977 1093 151 37 probaret
1090 1093 163 37 singulare
1204 1093 75 37 esse

766 1129 99 32 rimo
828 1129 149 32 cognitum
939 1129 74 32 ab
976 1129 174 32 intellectu
1113 1129 136 32 agente:
1200 1129 74 32 quia

764 1159 76 36 lle
808 1159 76 36 est
851 1159 76 36 qui
895 1159 152 36 abstrabit.
1014 1159 109 36 nullus
1090 1159 98 36 autem
1155 1159 98 36 dixit
1210 1159 65 36 hoc.

761 1195 85 32 nam
809 1195 145 32 iudicium
918 1195 85 32 est
966 1195 72 32 in
1002 1195 145 32 capitulo
1099 1195 181 32 perfectionis,

757 1221 114 37 iudicis
840 1221 125 37 secundum
934 1221 94 37 Auer.
996 1221 62 37 3.
1027 1221 62 37 de
1058 1221 94 37 anima
1121 1221 83 37 com.
1173 1221 73 37 19.
1204 1221 73 37 talis

760 1253 116 38 autem
838 1253 116 38 iudex
915 1253 181 38 cognoscens
1057 1253 65 38 &
1083 1253 181 38 discernens
1212 1253 65 38 est

753 1284 166 40 intellectus
886 1284 166 40 possibilis,
1019 1284 55 40 &
1041 1284 77 40 non
1085 1284 166 40 intellectus
1207 1284 66 40 agen

760 1315 74 39 in
797 1315 173 39 cognitione
933 1315 112 39 ista,
1007 1315 99 39 quae
1069 1315 173 39 communiter
1193 1315 87 39 nobis

760 1347 112 32 solet
834 1347 186 32 contingere.
983 1347 74 32 Ad
1020 1347 198 32 authoritatem
1168 1347 112 32 Commen.

762 1379 62 41 in
793 1379 73 41 12.
834 1379 104 41 nieta.
907 1379 114 41 commen.
990 1379 62 41 4.
1021 1379 156 41 respondetur
1146 1379 83 41 quod
1197 1379 73 41 ibi
1229 1379 42 41 lo

771 1413 93 36 uitur
832 1413 62 36 de
863 1413 144 36 vniversali
976 1413 72 36 pro
1018 1413 123 36 formali,
1110 1413 82 36 quod
1162 1413 72 36 est
1192 1413 93 36 secunde

757 1440 169 33 intentio:
887 1440 65 33 &
913 1440 104 33 ideo
978 1440 91 33 non
1029 1440 91 33 est
1081 1440 78 33 ad
1107 1440 169 33 propositum.

760 1472 82 44 Pro
807 1472 82 44 quo
854 1472 106 44 debes
925 1472 106 44 scire
996 1472 94 44 quod
1054 1472 165 44 vniuersale
1184 1472 82 44 duo
1219 1472 59 44 im-

762 1503 133 36 portat,
858 1503 157 36 materiale
979 1503 60 36 &
1003 1503 145 36 formale:
1111 1503 157 36 materiale
1220 1503 60 36 est

763 1536 90 34 esse
819 1536 67 34 in
853 1536 124 34 multis,
943 1536 124 34 formale
1033 1536 101 34 autem
1100 1536 79 34 est
1145 1536 90 34 dici
1201 1536 67 34 de
1224 1536 56 34 mul

764 1567 90 33 tis.
820 1567 56 33 &
842 1567 79 33 quo
887 1567 67 33 ad
921 1567 112 33 istud,
1000 1567 101 33 sicut
1067 1567 90 33 mihi
1124 1567 135 33 videtur,
1214 1567 67 33 cau-

763 1597 103 39 satur
831 1597 69 39 ab
866 1597 161 39 intellectu
992 1597 149 39 possibili
1107 1597 126 39 taliter
1187 1597 92 39 compa-

757 1628 125 38 rante
840 1628 111 38 vnum
909 1628 166 38 obiectum
1034 1628 166 38 cognitum
1158 1628 83 38 ad
1186 1628 97 38 aliud

762 1661 149 37 obiectum
874 1661 174 37 cogitatum.
1010 1661 100 37 vnde
1073 1661 75 37 ex
1097 1661 187 37 similitudine,

760 1698 84 32 quam
812 1698 115 32 accipit
896 1698 157 32 intellectus
1022 1698 94 32 inter
1085 1698 157 32 singularia,
1200 1698 84 32 cansat

760 1723 151 39 vniversaler
881 1723 81 39 quod
932 1723 71 39 est
972 1723 111 39 secunda
1053 1723 131 39 intentio,
1154 1723 50 39 &
1174 1723 71 39 est
1214 1723 71 39 quo
1245 1723 40 39 ad

761 1757 81 30 id,
808 1757 92 30 quod
865 1757 81 30 est
912 1757 92 30 dici
969 1757 69 30 de
1004 1757 150 30 pluribus.
1119 1757 115 30 Dicant
1189 1757 92 30 lohan.

758 1789 74 29 de
795 1789 160 29 Candatio,
918 1789 62 29 &
943 1789 99 29 alii
1004 1789 148 29 Moderni,
1116 1789 148 29 quidquid
1214 1789 62 29 ve-

760 1817 87 33 lint,
819 1817 78 33 dico
867 1817 155 33 vniversalite
993 1817 68 33 pro
1032 1817 107 33 formali
1110 1817 68 33 suo
1149 1817 58 33 ab
1168 1817 117 33 intellectu

761 1852 134 37 possibili
864 1852 124 37 causari,
957 1852 62 37 et
987 1852 72 37 non
1029 1852 62 37 ab
1060 1852 113 37 intellu
1142 1852 113 37 agente.
1214 1852 62 37 quia

761 1879 176 35 intellectus
902 1879 105 35 agens
972 1879 82 35 non
1019 1879 152 35 cognoscit
1125 1879 152 35 singularia,
