1416 2066
186 164 123 38 ligitur,
278 164 113 38 propter
360 164 82 38 quam
411 164 133 38 continuum
513 164 72 38 est
554 164 143 38 diuisibile
667 164 61 38 in

191 201 153 40 infinitum,
312 201 110 40 ignota
388 201 88 40 est,
443 201 55 40 &
465 201 77 40 est
509 201 99 40 ista,
575 201 88 40 quia
618 201 88 40 magni-

187 236 89 30 tudo
242 236 89 30 ipsa
298 236 77 30 non
342 236 77 30 est
386 236 144 30 composita
497 236 66 30 ex
519 236 177 30 indiuisibilbus

192 261 55 37 &
214 261 88 37 ista
269 261 142 37 demtratur
378 261 66 37 in
411 261 88 37 scia
466 261 142 37 Narurali.
576 261 55 37 &
597 261 77 37 sic
630 261 77 37 dixit

194 296 83 34 Com.
246 296 52 34 i
266 296 83 34 com.
318 296 73 34 32.
360 296 93 34 istud
422 296 145 34 principium
536 296 125 34 indigere
619 296 83 34 demra-

197 326 95 31 tione,
264 326 114 31 scilicet
350 326 143 31 demeratione
465 326 95 31 causae
531 326 95 31 tameu,
598 326 67 31 non
627 326 76 31 demra-

193 358 107 37 tione
264 358 107 37 dante
335 358 118 37 causam
418 358 59 37 &
442 358 107 37 esse,
513 358 95 37 quia
572 358 130 37 quantum
655 358 47 37 ad

195 389 82 37 esse
246 389 92 37 istud
307 389 71 37 est
348 389 71 37 per
389 389 61 37 se
419 389 102 37 notum,
491 389 51 37 &
511 389 51 37 i
532 389 92 37 nulla
593 389 82 37 scia
634 389 71 37 demon

190 418 112 36 stratur,
274 418 47 36 &
293 418 66 36 sic
330 418 84 36 patet
386 418 75 36 quod
433 418 66 36 non
471 418 84 36 dedit
527 418 75 36 Com.
574 418 75 36 duas
611 418 94 36 ramensio

189 449 77 34 nes,
238 449 67 34 sed
276 449 67 34 est
315 449 67 34 vna
353 449 106 34 rfisio.
430 449 96 34 aniter
498 449 58 34 nm
527 449 77 34 Com.
565 449 145 34 contradiceret

194 483 84 32 sibi
247 483 63 32 in
279 483 127 32 commento
374 483 95 32 illo,
437 483 53 32 &
458 483 63 32 in
490 483 84 32 com.
542 483 74 32 7o.
585 483 53 32 &
606 483 74 32 ita
648 483 63 32 in
669 483 42 32 mo

194 513 90 33 dico
250 513 112 33 spatio
329 513 79 33 sui
374 513 124 33 oblitus
464 513 146 33 contraria
576 513 135 33 diceret.
666 513 45 33 Me

199 544 85 40 lius
252 544 74 40 est
295 544 106 40 igitur
369 544 127 40 exponere
465 544 96 40 ipsum
529 544 96 40 Auer.
592 544 74 40 per
624 544 85 40 ipsum-

195 575 80 35 met,
245 575 60 35 et
275 575 110 35 dicere,
354 575 90 35 sicut
414 575 120 35 diximus,
504 575 80 35 quod
554 575 129 35 continuum
643 575 70 35 diui-

194 605 61 37 di
224 605 61 37 in
255 605 133 37 infinitum
357 605 71 37 est
398 605 71 37 per
439 605 61 37 se
469 605 102 37 notum,
541 605 51 37 &
561 605 61 37 in
592 605 92 37 nulla
643 605 61 37 scia

192 638 135 36 domratur,
296 638 73 36 sed
337 638 94 36 causa
400 638 83 36 eius
452 638 73 36 est
494 638 115 36 ignota,
577 638 52 36 &
598 638 73 36 quo
640 638 63 36 ad
660 638 42 36 il

193 668 76 38 lud
236 668 119 38 indiget
323 668 184 38 deimtratione.
475 668 65 38 Et
507 668 65 38 ex
540 668 76 38 hoc
583 668 97 38 patet
637 668 65 38 quod

188 707 123 30 solutio
277 707 156 30 Modernorum
400 707 78 30 non
445 707 101 30 poest
512 707 112 30 stare,
590 707 78 30 qui
624 707 89 30 volunt

190 733 199 30 Mathematicam
352 733 199 30 subalternari
514 733 199 30 Phiiosophiae
663 733 50 30 Na

196 761 118 40 turali,
282 761 75 40 quo
325 761 64 40 ad
357 761 97 40 islud
421 761 161 40 principium,
550 761 86 40 quod
593 761 118 40 continuum

192 793 71 33 sit
232 793 142 33 diuisibile
344 793 61 33 in
374 793 132 33 ifinitum.
476 793 91 33 patet
537 793 71 33 hoc
577 793 81 33 esse
618 793 91 33 falsum,

199 825 88 40 quia
254 825 131 40 demrario
352 825 131 40 erigitur
451 825 99 40 super
517 825 66 40 re
550 825 121 40 ignota:
626 825 77 40 istud

194 855 88 46 autem
253 855 137 46 principium
361 855 69 46 est
400 855 88 46 notum
458 855 69 46 per
498 855 69 46 se,
537 855 88 46 sicut
596 855 98 46 inquit
654 855 59 46 Com.

200 889 62 33 in
231 889 113 33 vtraque
313 889 92 33 scia:
374 889 82 33 ergo
426 889 72 33 est
467 889 154 33 indemrabile
590 889 62 33 in
611 889 92 33 vtraque

200 920 114 33 Similiter
288 920 79 33 patet
341 920 70 33 quod
384 920 167 33 frustraquaerunt
525 920 88 33 super.
586 920 53 33 6.
613 920 70 33 phy.
648 920 61 33 vtrum

199 950 146 37 demratio,
311 950 79 37 qua
356 950 135 37 demtatur
458 950 146 37 continuum
570 950 90 37 esse
615 950 90 37 diuisi

202 980 85 38 bile
256 980 64 38 in
288 980 149 38 infinitum,
405 980 75 38 sit
447 980 128 38 demiatio
543 980 149 38 naturalis,
650 980 53 38 vel

194 1020 200 30 mathematica.
356 1020 63 30 &
381 1020 138 30 faciunt
481 1020 213 30 quinterniones
644 1020 63 30 sa-

200 1046 69 37 tis
240 1046 119 37 diffusos
329 1046 89 37 super
388 1046 79 37 hoc.
438 1046 89 37 patet
497 1046 79 37 quod
547 1046 89 37 omnia
606 1046 79 37 ista
646 1046 59 37 sunt

199 1077 85 34 sine
253 1077 150 34 proposito,
370 1077 85 34 quia
424 1077 75 34 in.
466 1077 64 34 6.
498 1077 85 34 phy.
552 1077 75 34 non
595 1077 85 34 fuit
637 1077 75 34 demon

198 1106 112 33 stratum
279 1106 61 33 an
310 1106 132 33 continuum
411 1106 71 33 sit
452 1106 142 33 diuisibile
564 1106 61 33 in
584 1106 122 33 infinitum:

197 1141 69 40 sed
237 1141 99 40 causa,
306 1141 89 40 prper
365 1141 79 40 quam
414 1141 69 40 est
454 1141 148 40 diuisibile,
573 1141 79 40 fuit
612 1141 89 40 demtra-

194 1172 80 33 ta.
239 1172 92 33 Nota
297 1172 115 33 igitur
377 1172 69 33 mi
412 1172 138 33 Mecoenas
515 1172 126 33 solonem
607 1172 103 33 ista,
676 1172 57 33 &

194 1202 119 40 manda
273 1202 172 40 memoriae:
406 1202 106 40 quia
472 1202 172 40 virimagni
605 1202 66 40 &
618 1202 93 40 illu-

192 1233 110 33 stres,
269 1233 110 33 nostri
345 1233 121 33 tempois
433 1233 99 33 super
499 1233 88 33 isto
554 1233 99 33 passu
619 1233 88 33 sunt
663 1233 44 33 de

198 1262 103 44 cepti
266 1262 115 44 errore
335 1262 138 44 manifesto,

225 1298 107 32 octaua
300 1298 139 32 contradi.
407 1298 75 32 est
450 1298 64 32 in
482 1298 86 32 com.
536 1298 54 32 4
557 1298 64 32 o.
589 1298 86 32 Quia
632 1298 75 32 dicit

200 1330 69 42 pne
240 1330 99 42 corpus
309 1330 79 42 esse
358 1330 138 42 figuratum.
467 1330 128 42 Instantia
566 1330 79 42 est.
615 1330 59 42 3.
635 1330 69 42 coeli

195 1359 64 35 67.
231 1359 55 35 de
259 1359 101 35 eintis,
332 1359 73 35 quae
378 1359 82 35 nulla
433 1359 101 35 figuram
506 1359 101 35 habent.
579 1359 110 35 Rndetur,
652 1359 55 35 omne

193 1390 99 36 corpus
262 1390 79 36 esse
312 1390 138 36 figuratum,
420 1390 69 36 vel
460 1390 109 36 ratione
539 1390 79 36 suae
588 1390 109 36 formae,
658 1390 49 36 vel

192 1424 102 33 ratone
263 1424 163 33 continentis.
396 1424 61 33 Et
426 1424 71 33 sic
467 1424 102 33 elnta,
539 1424 82 33 quia
590 1424 82 33 sunt
631 1424 71 33 indis

190 1452 129 33 ferenter
287 1452 107 33 omnium
362 1452 139 33 figurarum
469 1452 150 33 receptiua,
587 1452 86 33 ideo
641 1452 64 33 de
662 1452 43 33 se

195 1487 91 28 dtunt
256 1487 142 28 infigurata
367 1487 91 28 esse:
428 1487 142 28 terminatur
540 1487 91 28 autem
601 1487 81 28 ipsa
641 1487 61 28 meri

192 1517 61 30 to
222 1517 164 30 continentis,
355 1517 51 30 &
376 1517 82 30 ideo
427 1517 102 30 merito
499 1517 153 30 continentis
611 1517 92 30 hiabunt

199 1545 111 35 figuram,
282 1545 46 35 &
300 1545 111 35 secundum
383 1545 74 35 eius
429 1545 157 35 dispositiones
558 1545 148 35 disponuntur,
678 1545 46 35 &

199 1577 97 41 ipsa.
264 1577 54 41 &
285 1577 75 41 sic
329 1577 97 41 patet
393 1577 129 41 qualiter
490 1577 86 41 omne
544 1577 108 41 corpus
609 1577 97 41 dicitur

190 1617 100 26 esse
253 1617 100 26 actu
316 1617 176 26 figuratum.
454 1617 63 26 &
479 1617 88 26 hoc
529 1617 88 26 non
567 1617 138 26 contradi-

195 1639 84 35 eit,
248 1639 84 35 quod
301 1639 126 35 elementa
396 1639 63 35 de
427 1639 63 35 se
459 1639 126 35 dicantur
543 1639 137 35 infigurata.

223 1673 79 33 Nona
273 1673 129 33 contradi.
372 1673 79 33 est.
421 1673 59 33 3.
451 1673 79 33 phy.
500 1673 79 33 com.
550 1673 69 33 34.
589 1673 79 33 vbit
629 1673 69 33 habet

196 1709 103 29 mundum
268 1709 83 29 esse
319 1709 62 29 in
350 1709 83 29 loco
402 1709 72 29 per
443 1709 113 29 partes.
526 1709 93 29 Huius
588 1709 93 29 tamen
639 1709 62 29 oppo

193 1734 78 36 situm
245 1734 95 36 videtua
315 1734 104 36 sentire.
393 1734 52 36 4.
419 1734 69 36 phy.
462 1734 43 36 4
480 1734 52 36 3.
506 1734 113 36 Rfidetur,
592 1734 69 36 quod
636 1734 61 36 hic
662 1734 43 36 sum

199 1767 91 35 psit
256 1767 114 35 mundum
336 1767 80 35 pro
381 1767 91 35 toto
438 1767 148 35 vniuerso:
553 1767 57 35 &
575 1767 69 35 de
610 1767 80 35 hoc
644 1767 57 35 est

198 1801 105 33 verum
268 1801 105 33 ipsum
339 1801 94 33 esse
397 1801 70 33 in
432 1801 105 33 loco,
502 1801 94 33 quia
561 1801 117 33 partes
631 1801 70 33 eius

194 1829 82 35 sunt
245 1829 61 35 in
275 1829 92 35 loco,
336 1829 92 35 sicut
398 1829 112 35 ipsemet
479 1829 102 35 dicit.
550 1829 61 35 4.
581 1829 71 35 ph.
622 1829 61 35 c.
652 1829 51 35 4
662 1829 31 35 A

189 1862 69 36 sed
229 1862 98 36 quondo
297 1862 108 36 dicicit
376 1862 79 36 quod
425 1862 98 36 mundus
494 1862 69 36 non
534 1862 108 36 mouetur
612 1862 69 36 per
642 1862 59 36 par-

192 1894 77 37 tes
236 1894 111 37 contra
314 1894 100 37 Them.
380 1894 89 37 ibi.
435 1894 122 37 sumpsit
524 1894 111 37 mundum
601 1894 77 37 pro
635 1894 66 37 cor

728 165 82 37 pore
779 165 133 37 coelesti,
881 165 82 37 quid
933 165 164 37 circulariter
1066 165 113 37 monetur
1148 165 82 37 quia
1189 165 51 37 ta-

731 200 54 34 le
758 200 108 34 secundum
839 200 81 34 ipsum
893 200 99 34 mouetur
965 200 108 34 secundum
1046 200 90 34 torum,
1109 200 99 34 quantum
1181 200 54 34 ad
1199 200 45 34 for

731 232 81 34 mam,
781 232 121 34 secundum
873 232 101 34 partes
943 232 91 34 vero,
1004 232 111 34 quantum
1085 232 61 34 ad
1115 232 101 34 formam
1186 232 51 34 &
1196 232 51 34 ma-

724 263 98 35 teriam
793 263 98 35 simul:
862 263 88 35 sicut
921 263 79 35 ipse
970 263 88 35 dicit
1029 263 79 35 ibi.
1078 263 59 35 &.
1107 263 59 35 6.
1137 263 98 35 physi.
1196 263 49 35 S1.

756 296 113 34 Decima
835 296 147 34 contradi.
948 296 79 34 est
993 296 68 34 in
1027 296 90 34 com.
1083 296 79 34 6o.
1128 296 79 34 vbi
1162 296 79 34 tener

720 324 192 41 magnitudinem
876 324 84 41 tam
924 324 180 41 mathematice
1069 324 96 41 quae
1117 324 120 41 naturali

724 358 166 30 consyderatam
858 358 83 30 esse
910 358 155 30 diuisibilem
1034 358 62 30 in
1065 358 145 30 infinitum.
1169 358 72 30 Huius

733 386 82 35 tamen
788 386 118 35 oppositum
879 386 118 35 reperitur
970 386 55 35 in
997 386 91 35 dictis
1061 386 82 35 eius.
1115 386 55 35 4.
1143 386 64 35 ph.
1179 386 55 35 c.
1197 386 46 35 72.

730 417 60 33 vbi
765 417 86 33 dicit,
825 417 69 33 quod
868 417 77 33 licet
919 417 86 33 linea,
979 417 103 33 secundum
1056 417 69 33 quod
1099 417 86 33 linea,
1151 417 94 33 diuisibi-

732 452 55 31 lis
763 452 55 31 sit
795 452 39 31 i
810 452 109 31 infinitum,
896 452 55 31 non
928 452 70 31 tamen
974 452 94 31 secundum
1045 452 63 31 quod
1084 452 55 31 est
1115 452 117 31 terrestris,
1201 452 39 31 aut

728 482 107 38 ignea.
803 482 128 38 Soluitur
900 482 96 38 Linea
964 482 86 38 pont
1017 482 161 38 consyderari
1146 482 64 38 vt
1167 482 75 38 linea

732 518 147 30 praecise,
844 518 56 30 &
867 518 79 30 sic
912 518 169 30 consyderari
1047 518 101 30 habet
1115 518 56 30 a
1126 518 113 30 Mathema-

724 549 110 30 tico,
797 549 110 30 prout
870 549 158 30 videlicet
992 549 158 30 abstrabit
1113 549 61 30 a
1125 549 122 30 matheria

728 576 153 34 sensibili,
848 576 55 34 &
870 576 77 34 sic
914 576 164 34 diuisibilis
1045 576 77 34 est
1089 576 66 34 in
1111 576 131 34 infinitum.

728 607 86 35 Alio
782 607 86 35 modo
836 607 129 35 pososunt
932 607 172 35 consyderari,
1071 607 64 35 vt
1104 607 75 35 est
1146 607 64 35 in
1168 607 75 35 mate-

726 636 82 37 ria
773 636 105 37 prima
843 636 152 37 absolute,
961 636 59 37 &
984 636 70 37 vt
1019 636 82 37 sic
1066 636 188 37 consyderatur
1207 636 35 37 a

726 669 138 37 Naturali.
832 669 53 37 &
853 669 64 37 vt
885 669 74 37 sic
928 669 159 37 diuisibilis
1055 669 74 37 est
1097 669 64 37 in
1118 669 127 37 infinitum:

727 702 84 37 quia
780 702 137 37 infinitas
886 702 74 37 est
928 702 63 37 ex
959 702 95 37 parte
1023 702 137 37 materiae,
1128 702 116 37 finitas
1202 702 42 37 ve

723 736 61 35 ro
753 736 71 35 est
794 736 61 35 ex
825 736 92 35 parte
886 736 112 35 formae.
967 736 61 35 3.
998 736 81 35 phy.
1049 736 81 35 com.
1099 736 71 35 6x.
1130 736 112 35 infinitas

725 768 108 37 accidit
804 768 127 37 materiae.
901 768 117 37 secundum
990 768 78 37 quod
1038 768 69 37 est
1078 768 117 37 materia.
1166 768 78 37 Alio
1205 768 39 37 mo

728 798 59 29 do
758 798 69 29 pot
797 798 148 29 considerari
916 798 89 29 linea
975 798 118 29 secundum
1063 798 79 29 quod
1113 798 69 29 est
1152 798 59 29 in
1172 798 69 29 mate-

723 826 79 33 ria
768 826 113 33 quali.
847 826 56 33 &
869 826 79 33 sic
915 826 56 33 a
937 826 135 33 Naturali
1039 826 181 33 consyderatur
1186 826 56 33 &
1197 826 45 33 vt

728 856 71 35 sic
768 856 71 35 non
809 856 71 35 est
850 856 152 35 diuisibilis
972 856 61 35 in
1002 856 142 35 infinitum.
1114 856 81 35 quia
1165 856 61 35 vt
1185 856 51 35 sic

724 888 159 35 concernit
846 888 134 35 formam,
943 888 61 35 a
968 888 85 35 qua
1016 888 85 35 est
1065 888 183 35 terminatio,
1199 888 37 35 &

732 920 88 34 acto.
791 920 59 34 Et
820 920 68 34 sic
859 920 147 34 verificatur
977 920 98 34 dictum
1045 920 78 34 com.
1094 920 68 34 hic
1133 920 59 34 de
1153 920 78 34 line:a

731 952 150 33 naturali,
847 952 69 33 vt
881 952 81 33 est
928 952 69 33 in
962 952 127 33 materia
1054 952 104 33 prima
1112 952 127 33 absolute.

724 982 72 36 sed
765 982 62 36 4.
796 982 83 36 phy.
848 982 72 36 72.
889 982 155 36 verificatur
1014 982 72 36 sua
1055 982 83 36 snia
1107 982 62 36 de
1138 982 93 36 linea
1190 982 41 36 na

732 1012 118 43 turali,
818 1012 64 43 vt
850 1012 75 43 est
893 1012 64 43 in
926 1012 118 43 materia
1011 1012 107 43 quali,
1087 1012 97 43 sicut
1140 1012 97 43 manife-

729 1045 93 36 stant
791 1045 93 36 verba
853 1045 83 36 eis.
904 1045 93 36 Vtrum
966 1045 93 36 autem
1028 1045 62 36 in
1059 1045 103 36 aliquo
1131 1045 83 36 casu
1173 1045 72 36 etiam

734 1078 96 36 inea,
798 1078 64 36 vt
830 1078 64 36 in
862 1078 117 36 materia
947 1078 96 36 quali
1011 1078 74 36 sit
1054 1078 160 36 diuisibilis
1181 1078 53 36 i
1202 1078 64 36 in

729 1107 135 44 finitum,
830 1107 135 44 pertinet
931 1107 67 44 ad
965 1107 168 44 quaestionem
1099 1107 67 44 de
1122 1107 112 44 minimis.

726 1141 95 39 quia
786 1141 71 39 in
821 1141 83 39 via
869 1141 190 39 corruptionis
1024 1141 83 39 non
1071 1141 167 39 inconuenit
1190 1141 48 39 in

727 1169 114 34 multis
806 1169 126 34 casibus
898 1169 114 34 negari
978 1169 114 34 minima
1057 1169 137 34 secundum
1149 1169 91 34 multos

725 1202 132 33 solennes
824 1202 176 33 Auerroistas.
968 1202 77 33 sed
1012 1202 66 33 de
1045 1202 77 33 his
1078 1202 88 33 alias.

691 1253 577 46 SOLVTIONE
1090 1253 133 46 S

775 1296 306 43 Contradictionum
1032 1296 96 43 in
1064 1296 129 43 dictis

838 1337 149 49 Arist,
943 1337 75 49 &
958 1337 164 49 Auerrois,

789 1389 133 53 Super
878 1389 148 53 Quarto
966 1389 192 53 Physicorum.

877 1452 92 38 Nima
934 1452 126 38 contra.
1026 1452 80 38 est
1072 1452 69 38 in
1106 1452 92 38 com.
1164 1452 80 38 10.
1198 1452 46 38 Di

884 1482 60 43 cit
919 1482 68 43 Com.
961 1482 68 43 quod
1004 1482 86 43 illud,
1064 1482 68 43 quod
1107 1482 60 43 est
1141 1482 60 43 per
1167 1482 77 43 aecuns,

888 1511 90 39 aliud
948 1511 70 39 est
988 1511 100 39 rarum,
1058 1511 50 39 &
1079 1511 90 39 aliud
1139 1511 70 39 est
1169 1511 60 39 sem-

888 1549 83 37 per.
939 1549 93 37 Huius
1001 1549 93 37 tamen
1063 1549 134 37 oppositum
1156 1549 72 37 inue.

854 1578 56 41 dtr
886 1578 80 41 nitur.
942 1578 48 41 3.
967 1578 64 41 phy.
1007 1578 64 41 com.
1047 1578 56 41 36.
1079 1578 56 41 vbi
1111 1578 72 41 habet
1160 1578 64 41 quod
1192 1578 40 41 il-

718 1609 83 38 lud,
769 1609 83 38 quid
821 1609 72 38 est
862 1609 72 38 per
904 1609 124 38 accides,
997 1609 72 38 non
1038 1609 72 38 est
1079 1609 114 38 semper,
1152 1609 72 38 neque

720 1643 165 31 necessarium.
854 1643 165 31 Respondetur,
987 1643 82 31 quod
1039 1643 82 31 Vper
1090 1643 134 31 accidens.
1183 1643 41 31 S.

729 1672 77 44 phy.
778 1672 106 44 sumitur
855 1672 58 44 vt
884 1672 145 44 distiguitur
999 1672 96 44 contra
1067 1672 96 44 primo,
1135 1672 48 44 &
1154 1672 68 44 per
1183 1672 48 44 se.

728 1703 65 35 on
761 1703 75 35 sic
804 1703 97 35 autem
868 1703 65 35 in
901 1703 86 35 isto
955 1703 97 35 loco,
1019 1703 75 35 sed
1062 1703 119 35 sumitur
1138 1703 97 35 absolu-

720 1735 72 35 te.
761 1735 82 35 vnde
812 1735 92 35 dicit
874 1735 82 35 quod
925 1735 82 35 tale
976 1735 72 35 aut
1018 1735 72 35 est
1059 1735 103 35 semper
1131 1735 72 35 vel
1161 1735 62 35 fre-

720 1772 138 41 quenter.
824 1772 58 41 &
847 1772 69 41 de
882 1772 92 41 tali
940 1772 104 41 fiunt
1009 1772 185 41 demtrationes
1147 1772 81 41 iuxta

721 1799 95 36 sniam
785 1799 147 36 Philosophi
901 1799 74 36 in.
943 1799 63 36 I.
974 1799 95 36 post.
1037 1799 105 36 Eorum,
1111 1799 84 36 quae
1153 1799 74 36 saepe

721 1829 105 37 fiunt,
795 1829 84 37 quae
848 1829 158 37 demrationes
974 1829 147 37 appelantur
1079 1829 147 37 dialecticae,

722 1866 62 40 vt
753 1866 103 40 inquit
824 1866 82 40 Com.
876 1866 82 40 ibi.
927 1866 62 40 de
958 1866 72 40 his
999 1866 103 40 autem,
1070 1866 82 40 quae
1122 1866 92 40 raro,
1173 1866 51 40 nen

713 1893 85 38 fit
749 1893 182 38 demonstratio.
