1416 2066
158 172 120 46 hoc,
233 172 120 46 quod
307 172 149 46 dixit,
412 172 209 46 manifestum
576 172 105 46 est
621 172 60 46 in

175 220 190 38 substantia,
327 220 63 38 &
352 220 126 38 aliis.
441 220 164 38 generatum
567 220 101 38 enim
618 220 63 38 est

167 256 153 48 gnatum
274 256 107 48 per
335 256 153 48 motum,
442 256 122 48 quem
518 256 137 48 habet
594 256 92 48 apud

176 289 223 52 gnenationem.
357 289 112 52 D.d.
427 289 70 52 &
455 289 139 52 istud,
553 289 126 52 licet
622 289 70 52 sit

175 328 116 52 vnum,
252 328 90 52 &c.
304 328 77 52 i.
342 328 64 52 &
368 328 128 52 istud,
458 328 103 52 quod
522 328 90 52 est
560 328 116 52 genera-

180 367 100 43 tum
237 367 86 43 in
280 367 128 43 actu,
365 367 128 43 licet
451 367 100 43 sit
508 367 114 43 vnum
579 367 71 43 a
593 367 86 43 nume

180 409 69 41 ro,
219 409 59 41 i.
249 409 127 41 subiecto,
347 409 88 41 tamen
406 409 69 41 non
445 409 69 41 est
484 409 78 41 vnum
533 409 118 41 secundum
612 409 78 41 ratio-

178 453 95 37 nem,
237 453 71 37 i.
273 453 142 37 secundum
379 453 189 37 definitionem
533 453 130 37 apparet
616 453 71 37 enim

172 485 87 50 in
216 485 87 50 eo
260 485 116 50 duo,
333 485 146 50 quorum
435 485 116 50 vnum
507 485 102 50 est
551 485 131 50 opposi-

182 520 96 53 tum
237 520 110 53 rei,
306 520 110 53 quod
374 520 96 53 est
429 520 192 53 principium
566 520 110 53 gnatio

184 560 101 49 nis,
247 560 63 49 &
272 560 113 49 aliud
348 560 163 49 recipiens
473 560 113 49 illam
549 560 101 49 rem.
612 560 75 49 B&
637 560 50 49 Op

176 604 156 44 positum
289 604 227 44 aequiuocatur
473 604 85 44 in
516 604 156 44 Arabico
615 604 71 44 cum

178 636 81 52 eo,
225 636 92 52 quod
282 636 81 52 est
328 636 104 52 finis
398 636 196 52 generationis.
559 636 104 52 rdtio
617 636 69 52 enim

174 674 154 52 hominis,
290 674 90 52 qui
341 674 90 52 fit
393 674 154 52 musicus,
508 674 90 52 non
560 674 90 52 est
598 674 90 52 ratio

177 711 104 43 non
237 711 164 43 musici,
356 711 104 43 qui
416 711 104 43 fit
475 711 179 43 musicus:
595 711 89 43 homo

177 751 121 43 enim
252 751 197 43 permanet,
404 751 151 43 musica
510 751 181 43 generata
631 751 60 43 in

174 791 140 47 ipso,
268 791 109 47 non
330 791 155 47 musica
439 791 124 47 vero
516 791 109 47 non
563 791 124 47 perma-

181 829 95 51 net,
241 829 83 51 sed
288 829 179 51 destruitur,
432 829 107 51 quodo
503 829 119 51 musica
575 829 107 51 genera-

185 863 71 52 tur
225 863 61 52 in
256 863 131 52 subiecto.
357 863 61 52 Et
387 863 172 52 vniversaliter
528 863 101 52 illud,
599 863 81 52 quod
640 863 40 52 ca

178 900 102 46 ret
237 900 175 46 opposito
368 900 87 46 ex
411 900 131 46 istis
499 900 146 46 duobus
586 900 102 46 perma

176 941 112 45 net,
246 941 84 45 vt
288 941 126 45 homo,
372 941 84 45 si
414 941 98 45 fit
470 941 168 45 musicus:
582 941 112 45 mufica

180 980 116 51 enim
252 980 101 51 non
310 980 101 51 est
368 980 174 51 opposita
498 980 130 51 homi,
585 980 101 51 non
628 980 58 51 mu

174 1021 105 47 sica
239 1021 105 47 vero
305 1021 157 47 existens
422 1021 78 47 in
462 1021 131 47 homine
553 1021 92 47 est
592 1021 92 47 oppo-

173 1055 99 51 sita
234 1055 148 51 musicae,
346 1055 74 51 vt
383 1055 87 51 non
432 1055 99 51 esse
494 1055 74 51 ad
531 1055 111 51 esse,
605 1055 62 51 &
618 1055 74 51 ideo

178 1094 136 44 deficit
277 1094 124 44 quando
363 1094 87 44 fit
413 1094 136 44 musica.
512 1094 87 44 cEt
561 1094 99 44 hoc,
611 1094 74 44 quod

177 1140 115 38 dixit,
258 1140 196 38 intelligendum
419 1140 81 38 est
465 1140 161 38 communiter
592 1140 69 38 in
615 1140 69 38 omni

178 1176 96 49 bus
233 1176 262 49 praedicamentis,
454 1176 69 49 &
481 1176 83 49 in
509 1176 179 49 praedicamen

182 1213 78 45 to
221 1213 209 45 substantiae.
391 1213 78 45 in
430 1213 157 45 spermate
547 1213 104 45 enim
613 1213 104 45 quod

180 1247 94 50 fit
233 1247 121 50 homo,
314 1247 148 50 necesse
422 1247 94 50 est
476 1247 81 50 vt
516 1247 94 50 sit
556 1247 135 50 aliquid,

185 1285 51 45 &
205 1285 72 45 est
246 1285 103 45 illud,
319 1285 72 45 per
360 1285 82 45 quod
411 1285 113 45 dicitur
493 1285 113 45 sperma:
576 1285 93 45 ratio
627 1285 62 45 enim

178 1327 108 51 hois,
250 1327 84 51 qui
298 1327 96 51 fit,
358 1327 84 51 est
406 1327 144 51 opposita
515 1327 132 51 rationi
599 1327 84 51 sper-

175 1368 127 42 matis:
264 1368 63 42 &
289 1368 114 42 etiam
365 1368 76 42 vt
403 1368 76 42 in
441 1368 76 42 eo
479 1368 89 42 sit
530 1368 139 42 aliquid
619 1368 63 42 re-

181 1405 150 46 cipiens
291 1405 137 46 formam
386 1405 137 46 homns,
482 1405 68 46 d
509 1405 68 46 &
537 1405 96 46 est
591 1405 82 46 in
619 1405 68 46 rei

186 1449 118 49 veritate
275 1449 99 49 illud,
344 1449 79 49 quod
393 1449 108 49 dicitur
472 1449 118 49 generar,
561 1449 118 49 scilicet
640 1449 49 49 il-

182 1485 103 49 lud,
246 1485 77 49 in
285 1485 90 49 quo
336 1485 167 49 inuenitur
465 1485 103 49 iste
529 1485 128 49 motus.
619 1485 90 49 mo

179 1527 83 38 tus
226 1527 94 38 enim
285 1527 106 38 debet
356 1527 94 38 esse
415 1527 71 38 in
451 1527 154 38 subiecto,
569 1527 106 38 sicut
628 1527 59 38 di-

177 1565 129 45 ximus,
267 1565 64 45 &
293 1565 193 45 impossibile
448 1565 90 45 est
499 1565 77 45 vt
538 1565 90 45 sit
590 1565 77 45 in
616 1565 64 45 il-

178 1599 88 43 lo,
228 1599 113 43 cuius
303 1599 125 43 partes
390 1599 188 43 successiuem
528 1599 163 43 destruuntur

183 1639 94 52 per
236 1639 201 52 gnenationem
397 1639 147 52 partium
504 1639 147 52 illius,
612 1639 67 52 &
625 1639 67 52 est

174 1677 144 54 illud,
274 1677 115 54 quod
346 1677 100 54 est
403 1677 187 54 oppositum
532 1677 144 54 generato

172 1702 96 61 sed
227 1702 110 61 iste
296 1702 124 61 motus
379 1702 96 61 est
434 1702 83 61 in
475 1702 179 61 subiecto.
612 1702 83 61 &,
640 1702 55 61 si

173 1759 90 40 non
225 1759 116 40 esset
302 1759 181 40 subiectum,
444 1759 90 40 non
496 1759 116 40 esset
574 1759 90 40 hic
612 1759 78 40 ali-

183 1797 101 49 quid
247 1797 152 49 deferens
361 1797 114 49 istum
437 1797 127 49 motum,
525 1797 89 49 nec
563 1797 127 49 aliquid,

187 1836 79 54 uod
232 1836 147 54 diceretur
345 1836 125 54 moueri,
436 1836 102 54 neque
504 1836 136 54 aliquid,
605 1836 91 54 quid
651 1836 45 54 es

706 172 86 46 set
755 172 74 46 in
792 172 148 46 potentia
903 172 148 46 aliquid,
1014 172 62 46 &
1038 172 173 46 auferretur
1162 172 49 46 na

701 213 108 53 tura
769 213 257 53 possibilitatis.
986 213 95 53 Sed
1040 213 95 53 hoc
1081 213 135 53 ignorant

705 253 157 52 Moderni
819 253 142 52 perper
918 253 256 52 consuetudinem.
1132 253 71 52 e
1146 253 71 52 Com

703 292 136 38 suetudo
801 292 99 38 enim
863 292 111 38 sicut
937 292 111 38 dixit
1011 292 148 38 TAristo.
1122 292 86 38 in.
1159 292 49 38 a.

700 329 245 41 metaphysicae,
901 329 101 41 est
959 329 144 41 maxima
1060 329 130 41 causa
1132 329 72 41 im-

707 365 155 52 pediens
819 365 70 52 a
848 365 169 52 pluribus
974 365 127 52 rebus
1044 365 169 52 manifestis

709 412 118 38 per
777 412 118 38 se.
844 412 253 38 quemadmodum
1046 412 152 38 enim,
1131 412 84 38 cum

710 441 102 50 homo
774 441 128 50 fuerit
864 441 153 50 assuetus
979 441 77 50 ad
1017 441 141 50 aliquas
1107 441 102 50 actio-

707 485 96 45 nes,
767 485 108 45 licet
839 485 132 45 noceant
935 485 108 45 illi,
1007 485 108 45 erunt
1079 485 132 45 faciles
1163 485 48 45 il

712 518 77 51 li,
756 518 55 51 &
778 518 110 51 credit
855 518 88 51 quod
910 518 88 51 sint
965 518 121 51 vtiles,
1052 518 154 51 similiter,
1162 518 55 51 cum

703 557 139 45 fuerit
800 557 167 45 assuetus
925 557 153 45 credere
1036 557 167 45 sermones
1148 557 69 45 fal

704 597 97 49 sos
760 597 69 49 a
787 597 180 49 pueritia,
926 597 111 49 erit
995 597 111 49 illa
1051 597 166 49 consuetudo

711 632 95 53 cam
766 632 82 53 ad
807 632 163 53 negandum
929 632 122 53 verum
1010 632 204 53 manifestum:
1160 632 54 53 si

710 681 105 41 cut
770 681 149 41 quidam
874 681 105 41 cum
934 681 164 41 vsitati
1054 681 120 41 sunt
1113 681 90 41 come

714 709 88 53 dere
769 709 121 53 venenum
857 709 66 53 in
890 709 132 53 tantdum,
989 709 88 53 quod
1044 709 88 53 erat
1099 709 77 53 eis
1132 709 77 53 cibus

706 755 86 49 sic
755 755 136 49 accidit
854 755 148 49 Modernis
965 755 173 49 dicentibus
1100 755 99 49 quod
1149 755 62 49 gen

705 789 138 37 neratio
806 789 101 37 fuit
869 789 76 37 ex
907 789 88 37 non
957 789 113 37 ente,
1033 789 63 37 &
1058 789 113 37 causa
1121 789 88 37 isti-

702 826 267 40 existimationis
925 826 119 40 fuit
999 826 222 40 consuetudo.
1162 826 59 40 Et

705 867 81 49 tu
745 867 121 49 potes
826 867 121 49 scire
906 867 94 49 hoc
960 867 81 49 ex
1001 867 108 49 hoc,
1068 867 108 49 quod
1122 867 94 49 dixit

699 901 149 53 EArist.
808 901 108 53 quod
875 901 122 53 omnes
957 901 149 53 Antiqui
1052 901 162 53 conueniunt

705 940 78 53 in
744 940 103 53 hoc,
808 940 103 53 quod
873 940 116 53 nihil
951 940 168 53 generatur
1080 940 78 53 ex
1106 940 116 53 nihilo.

707 981 69 38 &
735 981 97 38 iam
790 981 111 38 vidi
860 981 153 38 quosdam
971 981 139 38 focios
1054 981 167 38 dubitantes

702 1020 78 38 in
741 1020 90 38 hac
793 1020 142 38 quodne,
896 1020 116 38 tamen
973 1020 142 38 obuiaui
1077 1020 103 38 huic
1128 1020 78 38 ali-

710 1059 194 47 quantulum
859 1059 90 47 in
904 1059 179 47 tractatu
1039 1059 90 47 de
1069 1059 134 47 substan

703 1095 102 44 tia
762 1095 146 44 orbis.
864 1095 87 44 Et
907 1095 116 44 ista
980 1095 116 44 mala
1038 1095 175 44 consuetudo

705 1135 154 40 auferri
817 1135 140 40 potest
915 1135 98 40 per
970 1135 140 40 habere
1054 1135 154 40 consuetu-

708 1174 131 52 dinem
795 1174 174 52 audiendi
925 1174 189 52 contraria
1070 1174 116 52 sua.
1128 1174 87 52 quem

704 1213 171 36 admodum
828 1213 124 36 enim
905 1213 186 36 malitiae
1029 1213 186 36 acquisitae

700 1253 116 44 per
767 1253 149 44 malam
866 1253 281 44 consuetudinem
1081 1253 132 44 obuia-

703 1288 115 51 mus
768 1288 115 51 per
834 1288 278 51 consuetudinem
1046 1288 164 51 habituum

706 1327 135 42 bonorum
804 1327 184 42 oppositorum
951 1327 123 42 illis,
1037 1327 160 42 similiter
1148 1327 61 42 ere

709 1363 113 54 dere
780 1363 99 54 res
836 1363 142 54 falsas
936 1363 99 54 per
992 1363 128 54 malam
1063 1363 156 54 consuetu-

704 1405 128 42 dinem
789 1405 199 42 destruitur
945 1405 99 42 per
1002 1405 142 42 habere
1087 1405 128 42 consue-

703 1445 160 38 tudinem
820 1445 131 38 rerum
907 1445 175 38 verarum,
1038 1445 73 38 &
1067 1445 116 38 ista
1126 1445 87 38 con-

699 1485 165 37 suetudo
819 1485 105 37 est
879 1485 195 37 impediens
1028 1485 150 37 multos
1118 1485 90 37 inte

705 1525 138 38 lectus
802 1525 179 38 perfectos
939 1525 165 38 recipere
1050 1525 165 38 veritatem.

704 1565 93 43 Et
750 1565 124 43 ideo
828 1565 171 43 videmus
952 1565 186 43 Modernos
1076 1565 140 43 loquen-

702 1606 89 48 tes
753 1606 127 48 dicere
842 1606 101 48 quod
905 1606 89 48 qui
955 1606 76 48 in
993 1606 164 48 principio
1107 1606 114 48 adiscit

708 1639 239 52 philosophiam,
905 1639 99 52 non
961 1639 127 52 poest
1046 1639 141 52 postea
1130 1639 85 52 adi-

703 1678 113 58 scere
779 1678 125 58 leges,
866 1678 63 58 &
891 1678 100 58 quod
954 1678 113 58 primo
1029 1678 138 58 adiscit
1117 1678 100 58 leges,

711 1725 75 37 ci
748 1725 175 37 abscondent
885 1725 100 37 post
948 1725 112 37 aliae
1022 1725 137 37 seniae.
1122 1725 62 37 &
1135 1725 87 37 benen

705 1758 163 44 dixerunt.
831 1758 75 44 in
869 1758 88 44 quo
919 1758 100 44 enim
982 1758 188 44 congregatur
1120 1758 100 44 comsue

708 1796 119 45 tudo,
787 1796 66 45 &
814 1796 291 45 comprehensibilitas
1052 1796 159 45 veritatis,

702 1837 104 53 ille
767 1837 91 53 non
819 1837 117 53 habet
897 1837 208 53 impedimentum
1067 1837 65 53 a
1080 1837 143 53 veritate.
