1416 2066
202 175 74 59 vt
239 175 74 59 in
276 175 74 59 eo
313 175 86 59 sit
362 175 123 59 quies,
448 175 86 59 non
498 175 123 59 motus,
584 175 148 59 quoniam,
683 175 49 59 si

223 229 205 46 posuerimus
385 229 132 46 ipsum
473 229 147 46 habere
561 229 161 46 potentiam

217 261 176 53 attiactiuam,
360 261 132 53 sequitur
459 261 66 53 vt
492 261 77 53 sit
536 261 132 53 secundum
624 261 99 53 aequali

216 303 138 43 tatem,
313 303 83 43 ex
354 303 96 43 quo
409 303 165 43 sequitur
533 303 83 43 vt
574 303 124 43 motum
643 303 83 43 quie

215 341 107 40 scat
282 341 175 40 vbicunque
416 341 148 40 ponatur
524 341 121 40 sicut
591 341 134 40 dixerunt

220 382 153 54 fingentes
338 382 94 54 quod
396 382 106 54 causa
467 382 70 54 in
502 382 117 54 quiete
584 382 117 54 terrae
655 382 70 54 est,

216 419 121 43 quia
291 419 272 43 circunferentia
518 419 136 43 orbis
593 419 136 43 atuabit

221 466 91 45 eam
273 466 78 45 ex
312 466 143 45 omnibus
416 466 156 45 partibus
534 466 195 45 aequaliter.
690 466 65 45 &

215 497 103 41 non
274 497 205 41 intendebat
435 497 205 41 verificare
582 497 146 41 sermonen

217 536 143 50 istorum
321 536 78 50 de
360 536 130 50 terra,
451 536 91 50 sed
504 536 182 50 intendebat
634 536 78 50 quod

222 575 90 51 cum
273 575 128 51 fuerit
363 575 141 51 positum
465 575 77 51 in
504 575 179 51 continente
631 575 90 51 poten

220 616 88 50 tia
271 616 189 50 attractiua,
422 616 164 50 continoet
548 616 76 50 vt
586 616 88 50 res
624 616 101 50 posita

218 646 163 56 quiescat
341 646 82 56 in
382 646 136 56 medio.
477 646 82 56 Et
518 646 123 56 forte
586 646 136 56 intendit

221 693 99 53 quod
283 693 161 53 contingit
407 693 112 53 istis
481 693 74 53 de
518 693 186 53 inopinabili
655 693 62 53 fi-

223 732 92 52 mile
280 732 80 52 ei,
326 732 92 52 quod
383 732 149 52 contingit
498 732 115 52 illis.
579 732 126 52 quoniam
659 732 69 52 quem

222 768 142 54 admodum
325 768 168 54 contingit
454 768 116 54 illis
532 768 103 54 quod
596 768 103 54 omne
648 768 77 54 cor-

220 810 99 55 pus
276 810 155 55 positum
389 810 85 55 in
432 810 127 55 medio
516 810 127 55 debet
587 810 127 55 quiesce

222 860 72 38 re
258 860 72 38 in
294 860 84 38 eo,
342 860 108 38 adeo,
414 860 96 38 quod
474 860 108 38 ignis
547 860 120 38 etiam,
631 860 84 38 ita
667 860 60 38 con

218 890 125 51 tingit
305 890 125 51 istis,
392 890 75 51 vt
429 890 150 51 corpora,
542 890 162 51 vbicunque
654 890 62 51 po-

222 932 123 47 nantur
308 932 74 47 in
345 932 123 47 vacuo,
431 932 172 47 quiescant.
566 932 98 47 D.d.
615 932 111 47 quoniam

223 967 80 55 non
268 967 80 55 est
314 967 91 55 vbi,
371 967 80 55 &c.
416 967 68 55 i.
451 967 137 55 quoniam,
553 967 91 55 quia
610 967 80 55 est
644 967 80 55 consi

220 1007 137 51 milis,
316 1007 96 51 non
371 1007 96 51 ent
426 1007 110 51 vbi,
494 1007 82 51 ad
535 1007 110 51 quod
604 1007 96 51 est
659 1007 96 51 mo¬

224 1048 108 51 tus,
291 1048 148 51 dignius
399 1048 216 51 attractione,
574 1048 67 51 &
587 1048 135 51 remotius

219 1085 164 53 simpieriter
350 1085 87 53 quae
405 1085 109 53 illud,
481 1085 66 53 ex
514 1085 77 53 quo
558 1085 77 53 est
602 1085 109 53 motus,
667 1085 55 53 cum

224 1124 59 46 T
248 1124 70 46 in
283 1124 105 46 vacuo
353 1124 82 46 non
400 1124 94 46 sint
458 1124 164 46 diciturae,
587 1124 117 46 quibus
657 1124 59 46 di-

224 1165 139 50 uidatur
325 1165 76 50 in
363 1165 164 50 superius,
489 1165 63 50 &
514 1165 164 50 inferius,
640 1165 63 50 &
653 1165 63 50 duo

222 1205 137 54 extrema
321 1205 162 54 distantia
446 1205 199 54 simpeircitur
608 1205 87 54 non
645 1205 75 54 inue

218 1245 151 50 niuntur,
332 1245 101 50 nisi
395 1245 76 50 in
433 1245 164 50 superiori
559 1245 63 50 &
572 1245 151 50 inferiori-

216 1285 82 51 ex
257 1285 95 51 quo
312 1285 164 51 sequitur
435 1285 82 51 vt
476 1285 177 51 omnemotum
598 1285 123 51 positum

214 1324 84 55 in
256 1324 84 55 eo
298 1324 182 55 quiescat,
438 1324 182 55 vbicunque
564 1324 140 55 ponatur.

256 1365 173 53 Primum
377 1365 190 53 igitur,
515 1365 190 53 quoniam
636 1365 87 53 om-

218 1408 90 50 nis
269 1408 128 50 motus,
359 1408 90 50 aut
410 1408 179 50 violentia,
551 1408 90 50 aut
589 1408 128 50 secundum

201 1453 142 55 naturam
305 1453 104 55 fit,
369 1453 142 55 necesse
473 1453 117 55 autem
551 1453 104 55 est,
615 1453 78 55 si
641 1453 78 55 qui-

224 1492 101 46 dem
281 1492 101 46 sit
339 1492 201 46 violentus,
497 1492 115 46 esse
569 1492 72 46 &
598 1492 115 46 eum,
655 1492 72 46 qui

217 1537 160 49 secundum
337 1537 160 49 naturam.
457 1537 174 49 violentus
590 1537 107 49 enim
644 1537 80 49 prae

224 1576 103 42 ter
283 1576 162 42 naturam
401 1576 118 42 est:
475 1576 103 42 qui
534 1576 118 42 vero
592 1576 133 42 praeter

223 1620 159 49 naturam
338 1620 115 49 est,
410 1620 187 49 posterior
554 1620 101 49 est
612 1620 101 49 eo,
655 1620 72 49 qui

213 1660 90 46 est
265 1660 154 46 secundum
380 1660 154 46 naturam,
496 1660 128 46 quare,
586 1660 77 46 si
624 1660 90 46 non
663 1660 64 46 est

214 1708 227 38 secundum
384 1708 208 38 naturam
517 1708 208 38 vnicuique

211 1757 272 45 naturalium
424 1757 233 45 corporum
579 1757 136 45 motus

217 1789 137 45 neque
308 1789 167 45 aliorum
429 1789 122 45 erit
505 1789 152 45 motuum
597 1789 122 45 vllus,

217 1828 105 54 At
269 1828 140 54 vero
356 1828 175 54 natura
479 1828 175 54 quidem
583 1828 140 54 quomo-

212 1877 87 37 do
256 1877 131 37 erit,
343 1877 102 37 cum
401 1877 131 37 nulla
489 1877 102 37 sit
532 1877 189 37 differentia

740 188 184 51 secundum
877 188 168 51 vacuum,
1000 188 77 51 &
1015 188 245 51 infinitumaqua-

749 227 144 47 tenus
845 227 128 47 enim
925 227 208 47 infinitum
1084 227 128 47 est,
1148 227 112 47 nihil

742 277 119 40 erit
816 277 163 40 sursum,
935 277 104 40 aut
995 277 178 40 deorsum,
1128 277 104 40 aut
1173 277 74 40 me-

741 313 150 48 dium:
841 313 200 48 quatenus
991 313 133 48 vero
1075 313 183 48 vacuum,
1191 313 67 48 ni

744 353 102 54 hil
803 353 189 54 differens
948 353 116 54 erit
1021 353 174 54 deorsum,
1151 353 73 54 a
1166 353 87 54 sur-

743 395 118 47 sum.
817 395 88 47 vt
861 395 118 47 enim
934 395 147 47 nihili
1037 395 132 47 nulla
1126 395 103 47 est
1170 395 88 47 dif-

745 437 174 56 ferentia,
878 437 94 56 sic
932 437 67 56 &
959 437 147 56 illius,
1066 437 107 56 quod
1133 437 94 56 non
1173 437 80 56 est.

742 485 164 48 vacuum
857 485 148 48 autem
955 485 115 48 non
1021 485 115 48 ens
1070 485 181 48 quippiam,

742 525 79 45 &
774 525 189 45 priuatio
916 525 174 45 videtur
1042 525 142 45 esse.
1121 525 126 45 natura

741 564 141 46 autem
835 564 141 46 latio
929 564 203 46 differens
1085 564 125 46 est,
1148 564 109 46 quare

740 602 127 51 erunt
825 602 113 51 quae
895 602 113 51 sunt
966 602 141 51 natura
1050 602 198 51 differentia.

738 656 99 42 Aut
794 656 141 42 igitur
893 656 99 42 non
950 656 99 42 est
1006 656 141 42 natura
1105 656 141 42 vsquam
1190 656 56 42 vl

743 693 70 46 li
778 693 117 46 latio,
860 693 94 46 aut,
919 693 70 46 si
954 693 82 46 hoc
1001 693 94 46 est,
1059 693 82 46 non
1106 693 82 46 est
1141 693 105 46 vacuum.

781 748 92 62 Et
827 748 153 62 postea
933 748 137 62 omnis
1025 748 153 62 motus,
1132 748 107 62 aut
1178 748 76 62 est

742 796 210 62 violentus,
907 796 105 62 aut
967 796 210 62 naturalis,
1131 796 75 62 &
1146 796 105 62 sequi

742 845 102 67 tur
801 845 218 67 necessario,
975 845 87 67 si
1019 845 131 67 motus
1091 845 160 67 violentus

737 895 102 59 sit,
801 895 77 59 ut
840 895 115 59 etiam
916 895 166 59 naturalis
1044 895 102 59 sit.
1108 895 115 59 motus
1172 895 77 59 enim

744 944 195 50 violentus
894 944 105 50 est
954 944 135 50 extra
1043 944 210 50 naturalem,
1193 944 60 50 et

735 997 157 57 motus,
845 997 110 57 qui
908 997 110 57 est
971 997 142 57 extra
1050 997 189 57 naturalem,

738 1041 116 65 est
805 1041 132 65 post
887 1041 215 65 naturalem
1053 1041 165 65 motum.
1152 1041 99 65 ergo

733 1098 191 57 sequitur,
880 1098 88 57 si
924 1098 235 57 vnumquodque,
1101 1098 147 57 corporum

731 1141 232 46 naturalium
914 1141 116 46 non
980 1141 199 46 habuerit
1113 1141 133 46 natura

732 1185 110 65 lem
795 1185 157 65 motum,
905 1185 94 65 vt
952 1185 110 65 non
1015 1185 157 65 habeat
1109 1185 141 65 aliquem

734 1236 186 63 aliorum
870 1236 169 63 motuum
988 1236 186 63 Quomodo
1107 1236 135 63 igitur

744 1284 102 64 est
802 1284 203 64 possibile,
961 1284 87 64 vt
1005 1284 131 64 motus
1092 1284 102 64 sit
1135 1284 116 64 natura

740 1333 119 53 lis,
814 1333 74 53 &
844 1333 89 53 in
889 1333 134 53 vacuo
978 1333 104 53 non
1037 1333 104 53 est
1082 1333 163 53 superius,

747 1380 120 65 neque,
831 1380 156 65 inferius,
951 1380 192 65 differentia,
1108 1380 72 65 et
1144 1380 84 65 est
1192 1380 72 65 in

744 1429 153 62 finitum.
859 1429 153 62 secundus
974 1429 102 62 enim
1038 1429 102 62 quod
1102 1429 89 62 est
1140 1429 102 62 infini

742 1477 101 62 tum,
806 1477 89 62 non
856 1477 89 62 est
907 1477 76 62 in
945 1477 76 62 eo
983 1477 165 62 superius,
1110 1477 127 62 neque,
1198 1477 76 62 in

739 1525 160 61 ferius,
856 1525 146 61 neque,
958 1525 146 61 medium
1060 1525 160 61 omnino:
1176 1525 73 61 &
1191 1525 58 61 se

737 1572 158 69 cundum
848 1572 126 69 quod
927 1572 111 69 est
990 1572 174 69 vacuum,
1117 1572 111 69 non
1164 1572 79 69 dil

737 1622 104 66 fert
802 1622 78 66 in
841 1622 78 66 eo
880 1622 156 66 superius
998 1622 78 66 ab
1037 1622 182 66 inferiori,
1167 1622 78 66 quae

743 1669 150 64 admodu
848 1669 150 64 igitur
953 1669 90 64 in
998 1669 150 64 nihilo
1103 1669 90 64 no
1148 1669 105 64 est
1193 1669 60 64 om

740 1719 110 51 nino
809 1719 207 51 diuersitas,
975 1719 179 51 similiter
1113 1719 110 51 etia
1168 1719 83 51 inil

739 1769 92 51 lo,
791 1769 105 51 quod
857 1769 79 51 no
896 1769 92 51 est
949 1769 105 51 ens.
1015 1769 79 51 et
1054 1769 118 51 vacuu
1133 1769 92 51 est
1172 1769 79 51 ali-

740 1817 106 57 quod
806 1817 93 57 non
859 1817 106 57 ens,
925 1817 66 57 &
952 1817 172 57 priuatio.
1085 1817 93 57 hoc
1138 1817 106 57 enim
1191 1817 66 57 exi

742 1864 163 59 stimatur
865 1864 82 59 de
906 1864 122 59 illo.
987 1864 95 59 sed
1041 1864 177 59 trastatio
1164 1864 95 59 natu
