1416 2066
221 173 218 54 lunctionem
393 173 312 54 superpositionem,
658 173 78 54 &
673 173 78 54 men

242 216 194 47 furationem,
397 216 104 47 ita,
462 216 104 47 quod
527 216 117 47 omnes
605 216 117 47 motus
669 216 78 47 pos-

237 254 101 48 sunt
300 254 163 48 diuersari
426 254 151 48 secundum
539 254 126 48 magis,
627 254 63 48 &
639 254 101 48 minus.

237 293 118 35 D.d.
311 293 177 35 Quoniam,
444 293 89 35 si
489 293 133 35 omnes
577 293 148 35 motus,
666 293 74 35 &c.

240 326 86 38 si.
289 326 147 38 quoniam,
399 326 73 38 si
435 326 110 38 omnes
509 326 110 38 motus
582 326 159 38 mensurent
692 326 49 38 se

236 365 207 37 adinuicem,
399 365 104 37 aut
458 365 252 37 superponuntur
651 365 89 37 sibi

235 405 202 40 adinuicem,
393 405 173 40 sequitur
523 405 87 40 vt
567 405 130 40 motus
639 405 101 40 circu

242 435 106 50 aris
308 435 92 50 sit
361 435 158 50 aequalis
479 435 132 50 recto.
572 435 119 50 Qnam,
651 435 79 50 si
677 435 66 50 duo

241 469 130 45 motus
327 469 159 45 fuerint
442 469 231 45 superpositi,
630 469 101 45 aut
673 469 72 45 men

241 510 163 44 surantes
364 510 82 44 se
405 510 191 44 adinuicem,
554 510 109 44 tunc
623 510 95 44 duo
663 510 82 44 spa-

239 544 103 44 tia,
303 544 90 44 per
355 544 103 44 quae
419 544 90 44 est
470 544 128 44 motus,
560 544 116 44 erunt
624 544 103 44 talia.

238 580 83 41 Et
280 580 97 41 hoc
335 580 208 41 intendebat,
502 580 97 41 cum
557 580 139 41 dixit:
655 580 69 41 &
669 580 69 41 com

244 628 177 30 uenientia
380 628 82 30 in
421 628 204 30 veloertate.
584 628 95 30 &c.
638 628 95 30 Et,
679 628 68 30 cum

238 656 168 39 induxit
360 656 107 39 hoc
421 656 245 39 improbabile,
604 656 138 39 induxit

237 693 119 46 aliud
316 693 132 46 maius,
408 693 66 46 &
435 693 132 46 dixit:
527 693 79 46 Et
567 693 185 46 alteratio,
698 693 40 46 &

241 729 176 42 translatio
380 729 113 42 erunt
455 729 164 42 aequales,
581 729 88 42 &c.
632 729 76 42 i.
669 729 76 42 &,
695 729 50 42 si

235 772 184 41 quilibet
373 772 138 41 motus
465 772 169 41 mesuret
572 772 169 41 quemlibet

241 805 144 47 motum,
341 805 172 47 sequitur
470 805 129 47 aliud
542 805 201 47 inopinabili-

236 838 72 48 us
272 838 168 48 praedicto,
404 838 60 48 &
428 838 96 48 est.
488 838 72 48 vt
523 838 156 48 alteratio
643 838 84 48 sit
679 838 60 48 ae-

234 884 141 42 qualis
333 884 239 42 translationi,
530 884 99 42 cum
586 884 155 42 fuerint
685 884 56 42 po

236 912 126 52 sitae
320 912 84 52 in
362 912 154 52 tempore
474 912 168 52 aequali.
587 912 154 52 D.induxit

232 949 232 45 impossibile,
421 949 116 45 quod
494 949 174 45 sequitur
625 949 87 45 ex
654 949 87 45 hoc,

237 991 63 37 &
263 991 127 37 dixit.
352 991 102 37 ergo
415 991 127 37 passio
504 991 102 37 erit
567 991 152 37 aequalis
682 991 89 37 lon

234 1023 161 52 gitudini.
358 1023 74 52 i.
395 1023 62 52 &
420 1023 74 52 si
457 1023 161 52 alteratio
581 1023 87 52 est
618 1023 124 52 aequalis

234 1060 219 52 longitudini,
412 1060 151 52 necesse
522 1060 96 52 est
577 1060 82 52 vt
604 1060 137 52 qualitas

231 1101 93 38 sit
284 1101 160 38 aequalis
404 1101 120 38 loco,
484 1101 93 38 aut
538 1101 134 38 minor,
631 1101 93 38 aut
671 1101 67 38 ma-

236 1136 83 42 ior.
287 1136 124 42 D.iduxit
380 1136 103 42 causam
452 1136 62 42 in
483 1136 83 42 hoc,
535 1136 83 42 quod
586 1136 72 42 est
617 1136 124 42 ipossibie,

241 1173 64 49 et
273 1173 106 49 dixit:
348 1173 74 49 sed
390 1173 74 49 hoc
433 1173 74 49 est
475 1173 138 49 inpossse,
582 1173 74 49 &c.
624 1173 64 49 i.
656 1173 74 49 sed
688 1173 53 49 hoc

243 1213 78 47 est
288 1213 168 47 ipossibile,
422 1213 90 47 quia
478 1213 135 47 aequalia
579 1213 67 47 in
601 1213 135 47 velocitate

234 1247 164 44 dicuntur
357 1247 177 44 aequalia,
494 1247 109 44 quia
562 1247 82 44 in
603 1247 123 44 eodem
671 1247 68 44 ten

235 1284 120 47 pore
310 1284 240 47 pertranseunt
506 1284 120 47 idem
581 1284 165 47 spatium
686 1284 60 47 in

235 1320 197 42 quantitate,
392 1320 66 42 &
418 1320 183 42 qualitate.
563 1320 79 42 &,
602 1320 79 42 si
641 1320 79 42 in
667 1320 79 42 tran

230 1365 175 31 slatione,
364 1365 67 31 &
391 1365 201 31 alteratione
552 1365 175 31 inuenitur
673 1365 67 31 ae-

237 1396 171 46 qualitas,
368 1396 145 46 necesse
474 1396 92 46 est
526 1396 79 46 vt
566 1396 158 46 qualitas
671 1396 66 46 sit

240 1434 162 48 aequalis
361 1434 122 48 loco:
442 1434 108 48 quod
510 1434 95 48 est
564 1434 122 48 valde
631 1434 108 48 inopi-

237 1476 157 38 nabile
347 1476 110 38 Et,
410 1476 110 38 cun
473 1476 110 38 hoc
536 1476 157 38 multum
631 1476 110 38 appa-

235 1505 78 42 ret
280 1505 67 42 in
313 1505 179 42 alteratione,
458 1505 56 42 &
481 1505 190 42 translatione,
626 1505 112 42 scilicet

233 1541 148 38 quoniam
340 1541 94 38 non
394 1541 162 38 dicuntur
515 1541 162 38 vniuoce,
623 1541 121 38 induxit

232 1580 219 48 conclusionem
410 1580 178 48 intentam,
547 1580 110 48 ita,
616 1580 110 48 quod
671 1580 68 48 iam

236 1618 187 45 compleuit
379 1618 115 45 suam
451 1618 258 45 deelarationem,
666 1618 72 45 &
681 1618 57 45 di

232 1660 110 42 xit:
301 1660 110 42 ergo
370 1660 96 42 nec
424 1660 178 42 alteratio
562 1660 96 42 est
603 1660 137 42 aequalis

233 1695 208 41 translationi.
404 1695 74 41 Et
441 1695 86 41 cum
490 1695 172 41 declarauit
625 1695 98 41 quod
674 1695 61 41 al-

242 1732 140 30 teratio
344 1732 89 30 non
395 1732 89 30 est
445 1732 152 30 aequalis
547 1732 190 30 translationi:

233 1766 87 52 3d.
282 1766 100 52 ergo
345 1766 137 52 necesse
444 1766 87 52 est
494 1766 75 52 vt
531 1766 87 52 non
581 1766 112 52 omnis
643 1766 100 52 motus,

760 172 87 47 &c.
809 172 74 47 i.
846 172 74 47 vt
883 172 87 47 non
933 172 111 47 omnis
1007 172 111 47 motus
1081 172 148 47 mensuret
1180 172 99 47 omneml

757 215 127 36 motum,
846 215 89 36 cum
897 215 177 36 alteratio,
1036 215 63 36 &
1061 215 177 36 translatio
1188 215 76 36 sint

756 253 123 48 motus,
842 253 110 48 tamen
915 253 86 48 non
964 253 159 48 aequales:
1087 253 61 48 &
1099 253 159 48 mensurantia

759 288 79 52 se
798 288 172 52 adinuicem
931 288 106 52 sunt
997 288 119 52 illa,
1076 288 79 52 in
1116 288 132 52 quibus
1208 288 79 52 in

756 326 150 51 uenitur
865 326 205 51 aequalitas,
1029 326 82 51 &,
1070 326 109 51 quia
1125 326 136 51 aliquan-

756 365 136 37 tulum
846 365 106 37 est
907 365 151 37 dubium
1012 365 91 37 de
1043 365 226 37 coniunctione-

759 404 126 38 motus
843 404 238 38 translationis
1039 404 140 38 rectae
1137 404 98 38 cum
1179 404 84 38 cir-

759 437 142 38 culari,
862 437 154 38 teuersus
978 437 90 38 est
1029 437 77 38 ad
1055 437 103 38 illum.

794 485 87 46 In
838 485 160 46 circulo
954 485 145 46 autem,
1056 485 73 46 &
1085 485 145 46 recta,
1173 485 87 46 quo-

759 533 126 38 modo
838 533 174 38 accidet
965 533 269 38 vlnconueniens
1170 533 95 38 enim

762 567 108 43 est,
829 567 108 43 nisi
896 567 94 43 sit
950 567 216 43 circulariter
1112 567 148 43 similiter

755 608 111 51 hoc
818 608 174 51 moueri,
945 608 79 51 &
976 608 111 51 hoc
1040 608 142 51 super
1119 608 142 51 rectam.

755 646 106 44 sed
815 646 197 44 confestim
967 646 167 44 necesse
1088 646 106 44 est
1149 646 106 44 aut
1194 646 76 44 ve-

755 688 157 52 locius,
869 688 100 52 aut
926 688 171 52 tardius:
1054 688 100 52 vt,
1110 688 85 52 si
1153 688 100 52 hoc
1196 688 71 52 de-

755 728 133 51 cliue
844 728 118 51 sit,
918 728 103 51 hoc
977 728 133 51 autem
1050 728 148 51 accliue.

804 781 120 45 Sed
872 781 290 45 consyderandum
1111 781 188 45 quomodo

754 828 102 46 est
813 828 87 46 de
856 828 174 46 circulo,
987 828 73 46 &
1016 828 131 46 linea
1103 828 145 46 recta.
1190 828 73 46 Ma-

760 872 110 58 ium
823 872 126 58 enim
902 872 110 58 est
965 872 157 58 dicere
1074 872 126 58 quod
1153 872 110 58 hoc
1200 872 63 58 i-

756 917 182 62 possibile
896 917 112 62 est,
966 917 84 62 vt
1008 917 168 62 moueatur
1120 917 140 62 circula-

757 965 159 53 riter,
868 965 79 53 &
900 965 175 53 mouetur
1027 965 127 53 idem
1106 965 159 53 recte,
1217 965 79 53 &

757 1010 129 48 eodem
843 1010 129 48 modo.
929 1010 100 48 sed
986 1010 158 48 necesse
1101 1010 115 48 est,
1173 1010 86 48 vt
1201 1010 72 48 cum

755 1062 158 52 mouetur
869 1062 172 52 taliter,
998 1062 86 52 vt
1042 1062 129 52 motus
1128 1062 129 52 eitus
1199 1062 72 52 sit

765 1100 183 50 velocior,
906 1100 71 50 &
934 1100 155 50 tardior
1047 1100 127 50 sicut
1132 1100 99 50 est
1174 1100 99 50 neces

752 1148 93 61 se
799 1148 93 61 in
846 1148 109 61 eo,
908 1148 125 61 quod
986 1148 171 61 mouetur
1095 1148 171 61 quandoque

754 1194 204 57 superius,
911 1194 78 57 &
942 1194 204 57 quandoque
1084 1194 172 57 inferius.

759 1236 77 54 &
789 1236 108 54 hoc
851 1236 108 54 non
898 1236 124 54 nocet.

796 1284 106 47 Cum
856 1284 166 47 induxit
977 1284 242 47 inopinabile,
1173 1284 121 47 quod
1234 1284 45 47 i

759 1322 179 52 contingit,
900 1322 77 52 si
939 1322 115 52 motus
1016 1322 128 52 rectus
1105 1322 90 52 sit
1144 1322 115 52 propor-

759 1358 159 42 tionalis
878 1358 119 42 motui
957 1358 185 42 circulari,
1103 1358 159 42 incoepit
1209 1358 53 42 in

756 1397 147 37 ducere
859 1397 147 37 modum,
962 1397 103 37 quo
1021 1397 147 37 potest
1124 1397 118 37 quis
1183 1397 88 37 exi-

760 1432 142 50 stimare
863 1432 103 50 quod
928 1432 103 50 isti
992 1432 168 50 positioni
1121 1432 90 50 non
1160 1432 103 50 sequi-

756 1469 98 52 tur
812 1469 224 52 improbabite,
994 1469 70 52 &
1022 1469 140 52 dixit:
1120 1469 98 52 Sed
1162 1469 98 52 consi

756 1509 176 36 derandum
888 1509 117 36 est,
961 1509 103 36 &c.
1020 1509 88 36 i.
1064 1509 161 36 quoniam
1166 1509 103 36 mani-

753 1543 148 42 festum
857 1543 103 42 est
916 1543 118 42 quod
989 1543 133 42 motus
1063 1543 207 42 alterationis

761 1581 100 52 non
818 1581 100 52 est
875 1581 257 52 proportionalis
1089 1581 129 52 motui
1161 1581 100 52 tran-

755 1615 178 42 Slationis,
895 1615 89 42 sed
946 1615 127 42 illud,
1035 1615 76 42 de
1073 1615 89 42 quo
1111 1615 153 42 perscrutam

760 1652 99 38 dum
816 1652 113 38 est,
887 1652 99 38 est
944 1652 127 38 vtrum
1029 1652 127 38 motus
1113 1652 141 38 rectus
1198 1652 71 38 sit

756 1690 201 50 proportion
914 1690 115 50 alis
986 1690 129 50 motui
1072 1690 201 50 circulari,
1230 1690 72 50 &

755 1733 102 39 ipse
819 1733 153 39 circulus
934 1733 127 39 lineae
1023 1733 140 39 rectae.
1125 1733 76 39 &,
1163 1733 89 39 cum
1201 1733 64 39 in-

751 1764 103 46 ter
810 1764 132 46 motum
898 1764 220 46 circularem,
1074 1764 73 46 &
1103 1764 146 46 rectum
1191 1764 73 46 sit
