1416 2066
184 181 78 47 non
229 181 101 47 fiunt
296 181 89 47 sib,
351 181 112 47 quando
430 181 112 47 mouent
508 181 145 47 seiuicem,
608 181 101 47 accidit

202 221 83 55 quod
254 221 93 55 motus
316 221 62 55 in
347 221 73 55 eis
389 221 73 55 sit
430 221 83 55 tali
482 221 93 55 modo,
544 221 83 55 quod
586 221 114 55 succedant

201 260 96 39 sibi
261 260 144 39 inuicem,
369 260 60 39 &
393 260 156 39 sequantur
513 260 156 39 seiuicem,
633 260 60 39 &
645 260 60 39 non

204 301 140 37 mouentur
309 301 93 37 sil.
367 301 93 37 D.d.
425 301 105 37 Motus
495 301 105 37 autem
565 301 116 37 illius
635 301 58 37 que

195 340 111 43 scit,
269 340 86 43 cum
318 340 123 43 virtus
404 340 136 43 mouendi
503 340 185 43 diminuitur,
638 340 62 43 &c.

203 375 67 45 i.
236 375 100 45 motus
303 375 100 45 autem
370 375 122 45 istarum
459 375 122 45 partium
547 375 89 45 ideo
592 375 111 45 quescit,

197 412 103 50 quia
261 412 128 50 virtus
351 412 128 50 motiua
441 412 90 50 nin
492 412 128 50 cessat
569 412 128 50 diminui,

193 453 66 51 &
219 453 144 51 deprimi
324 453 79 51 in
364 453 118 51 illis
442 453 144 51 ptibus,
547 453 105 51 quae
600 453 105 51 mouent

203 492 153 39 scinuicem
321 492 177 39 successiue,
462 492 106 39 adeo,
533 492 94 39 quod
592 492 71 39 in
616 492 82 39 vltia

204 527 125 49 parte
287 527 97 49 non
343 527 153 49 remanet
454 527 153 49 mouere,
565 527 97 49 sed
607 527 97 49 solum

208 564 88 45 modo
263 564 122 45 moueri.
352 564 133 45 secundum
451 564 88 45 enim
506 564 88 45 quod
561 564 110 45 intrat
628 564 77 45 alid,

199 608 94 35 non
252 608 120 35 habet
332 608 107 35 nisi
399 608 174 35 vittutem,
533 608 94 35 qua
573 608 134 35 moueatur

201 650 108 43 tanen,
277 650 129 43 secundum
373 650 86 43 vero
427 650 86 43 quod
481 650 118 43 intrat,
567 650 108 43 mouet.
632 650 75 43 quare

204 683 88 39 non
255 683 150 39 sequitur
367 683 100 39 quod
430 683 138 39 mouere,
530 683 63 39 &
555 683 125 39 moueri
630 683 75 39 inci

208 717 76 48 piat
256 717 76 48 sil,
304 717 67 48 nec
342 717 86 48 etiam
399 717 76 48 quod
447 717 86 48 omne,
504 717 76 48 quod
552 717 105 48 mouetur
629 717 57 48 ex
648 717 57 48 eis,

195 753 140 41 moueat.
297 753 102 41 nam,
360 753 76 41 si
398 753 89 41 hoc
449 753 127 41 esset,
538 753 127 41 omnino
614 753 89 41 totus

203 790 110 53 mundus
280 790 187 53 expelleretur.
434 790 66 53 Et
467 790 88 53 ideo
522 790 66 53 d.
555 790 55 53 &
577 790 121 53 vltuimo
654 790 55 53 ces

197 835 104 43 sat,
262 835 130 43 quando
353 835 117 43 motor
431 835 169 43 penultmus
549 835 156 43 peruenerit

205 869 65 45 ad
238 869 87 45 hoc,
292 869 142 45 quodnihil
401 869 98 45 agat.
467 869 65 45 i.
500 869 55 45 &
522 869 98 45 illae
587 869 109 45 pertes
652 869 55 45 ces

207 903 86 49 sant
261 903 54 49 a
283 903 97 49 motu,
347 903 108 49 quando
423 903 108 49 illud,
498 903 86 49 quid
552 903 129 49 mouetur,
638 903 65 49 quod

204 944 144 51 sequitur
312 944 96 51 pers
372 944 168 51 quiescens,
504 944 84 51 non
552 944 96 51 pont
600 944 96 51 mouere

197 981 121 50 neque
277 981 135 50 agere,
372 981 94 50 sed
425 981 148 50 solummo
533 981 148 50 mouetur
627 981 81 50 haec

207 1021 81 47 nim
254 1021 116 47 virtus
335 1021 81 47 non
381 1021 116 47 cessat
462 1021 127 47 diminui
554 1021 69 47 in
577 1021 116 47 pertibus

205 1056 78 43 qua
249 1056 144 43 moaretur,
360 1056 100 43 adeo,
427 1056 89 43 quod
483 1056 122 43 cesset.
572 1056 67 43 Et
605 1056 67 43 tu
627 1056 78 43 debes

200 1096 107 50 scire,
275 1096 118 50 quoniam
361 1096 86 50 haec
414 1096 86 50 expo
468 1096 107 50 nitira
543 1096 75 50 non
575 1096 128 50 intelligi-

197 1135 105 35 tur
257 1135 90 35 ex
302 1135 150 35 expone
407 1135 180 35 Themist.
542 1135 120 35 1hoc
602 1135 105 35 loco-

205 1173 104 48 vnandal
280 1173 104 48 videtur
356 1173 85 48 nobis
413 1173 76 48 quod
461 1173 85 48 etiam
518 1173 66 48 nos
556 1173 66 48 non
584 1173 114 48 intellexim

198 1210 144 44 perfecte
306 1210 96 44 hunc
366 1210 120 44 locum,
450 1210 96 44 nisi
509 1210 84 44 apd
557 1210 132 44 laborem
641 1210 60 44 no-

205 1249 109 41 strum
277 1249 109 41 circa
350 1249 133 41 exponen
446 1249 109 41 huius
519 1249 121 41 libri.
603 1249 85 41 Et,
640 1249 60 41 cum

204 1284 144 38 iarrauit
312 1284 120 38 modum,
396 1284 144 38 secundum
504 1284 96 38 quem
564 1284 120 38 mouent
636 1284 72 38 sci-

183 1321 107 49 uicem
254 1321 154 49 huiusmodi
373 1321 143 49 mobilia,
480 1321 95 49 quae
540 1321 83 49 non
587 1321 95 49 actu
635 1321 71 49 sunt

198 1365 165 46 diffincta,
328 1365 83 46 nec
375 1365 94 46 sunt
434 1365 118 46 pertes
516 1365 83 46 ici
552 1365 153 46 terminatae,

207 1397 61 53 &
231 1397 158 53 figurate,
353 1397 146 53 incoepit
463 1397 110 53 etiam
536 1397 134 53 narrare
621 1397 85 53 quali

208 1437 82 45 ter
255 1437 82 45 sit
302 1437 70 45 de
336 1437 163 45 mobilibus,
465 1437 93 45 quae
523 1437 128 45 figuram
604 1437 105 45 habent,

204 1479 64 36 &
230 1479 166 36 terminum.
357 1479 76 36 Et
395 1479 76 36 d.
434 1479 89 36 hoc
484 1479 115 36 autem
548 1479 153 36 necessario

206 1511 91 48 sunt
263 1511 80 48 si,
308 1511 137 48 scilicet
411 1511 125 48 motorem
502 1511 148 48 quiescere
616 1511 57 48 a
627 1511 80 48 moue-

200 1548 95 39 re,
255 1548 68 39 &
282 1548 95 39 rem
336 1548 122 39 motam
417 1548 68 39 a
444 1548 149 39 moueri:
553 1548 68 39 &
580 1548 108 39 ipse
634 1548 68 39 mo-

206 1588 76 46 tus
249 1588 119 46 omnino.
336 1588 65 46 i.
368 1588 86 46 quod
422 1588 76 46 non
465 1588 119 46 accidit
552 1588 65 46 in
573 1588 130 46 corporibus

206 1621 137 51 humidis
305 1621 175 51 carentibus
443 1621 150 51 figuris.
555 1621 112 51 huius
618 1621 87 51 autem

213 1661 96 55 caam
273 1661 84 55 iam
321 1661 156 55 pdiximus.
441 1661 96 55 Post
501 1661 84 55 hoc
549 1661 72 55 d.
585 1661 84 55 Hic
621 1661 84 55 quoid

212 1700 72 49 dem
253 1700 93 49 motus
315 1700 72 49 est
356 1700 93 49 talis
418 1700 103 49 motus,
490 1700 72 49 qui
532 1700 72 49 fit
573 1700 62 49 in
604 1700 83 49 eis,
645 1700 62 49 quae

210 1739 114 46 possunt
293 1739 135 46 aliquando
397 1739 114 46 moueri,
480 1739 114 46 aliquin
563 1739 145 46 quiescere.
666 1739 42 46 i.

203 1780 114 38 talis
279 1780 114 38 motus
355 1780 127 38 nunque
444 1780 89 38 pEt
495 1780 114 38 fieri
571 1780 76 38 in
596 1780 114 38 corpore

211 1818 152 48 coelesti.
328 1818 82 48 hoc
375 1818 93 48 enim
433 1818 117 48 corpus
515 1818 93 48 sper
573 1818 117 48 moueri
643 1818 70 48 ina

723 187 74 47 tum
766 187 85 47 est,
819 187 85 47 haec
871 187 85 47 vero
924 187 137 47 aliquando
1030 187 137 47 mouentur,
1125 187 95 47 aliquan

720 228 163 47 quiescunt.
849 228 93 47 Post
907 228 82 47 hoc
954 228 70 47 d.
988 228 58 47 &
1012 228 82 47 nin
1058 228 82 47 est
1093 228 117 47 continus

722 260 68 43 sed
761 260 106 43 videtur
838 260 58 43 i.
867 260 48 43 &
886 260 77 43 iste
935 260 87 43 motus
992 260 116 43 scilicet
1079 260 116 43 lapidis:
1156 260 68 43 aere,

727 299 83 52 siue
779 299 62 52 in
810 299 93 52 aqua,
872 299 73 52 non
914 299 73 52 est
955 299 83 52 vere
1007 299 145 52 continuus,
1121 299 73 52 cum
1152 299 73 52 tamen

723 341 120 38 seusui
807 341 144 38 videatur
915 341 168 38 continuus.
1047 341 132 38 D.dedit
1131 341 96 38 eausa,

721 380 125 41 quare
804 380 125 41 caret
887 380 249 41 continuatione.
1095 380 97 41 &d.
1136 380 97 41 motor

728 413 86 49 enim
782 413 75 49 non
825 413 75 49 est
868 413 97 49 vnus,
932 413 75 49 sed
975 413 86 49 sunt
1029 413 118 49 aliqua,
1115 413 86 49 quae
1158 413 75 49 succe

720 453 81 50 dunt
770 453 162 50 sibiinuicem.
902 453 61 50 i.
932 453 91 50 huius
993 453 91 50 autem
1054 453 71 50 cam
1094 453 81 50 est,
1135 453 91 50 quoniam

725 493 104 37 morus
795 493 151 37 continuus
911 493 81 37 non
957 493 116 37 potent
1038 493 104 37 esse,
1108 493 93 37 nisi
1154 493 81 37 vnius

723 525 156 45 motoris,
840 525 65 45 &
866 525 117 45 vnius
944 525 117 45 moti.
1021 525 78 45 in
1060 525 91 45 his
1112 525 117 45 autem
1177 525 52 45 mo

724 572 80 39 tor
769 572 80 39 non
815 572 80 39 est
861 572 103 39 vnus,
929 572 80 39 sed
975 572 114 39 plura,
1055 572 91 39 quae
1100 572 126 39 succedunt

719 600 166 42 sibiluicem
850 600 95 42 tali
909 600 107 42 modo,
980 600 95 42 quod
1039 600 95 42 vnus
1099 600 107 42 mouet
1158 600 71 42 post

723 639 109 52 alium
796 639 170 52 successiue
929 639 97 52 vnam
990 639 85 52 rem
1039 639 121 52 motam.
1124 639 85 52 Et,
1160 639 73 52 quia

724 676 103 50 talis
792 676 148 50 successio
906 676 80 50 est
952 676 125 50 propria
1043 676 91 50 eis,
1100 676 91 50 quae
1145 676 80 50 mouen

719 719 90 49 tur
771 719 78 49 in
810 719 181 49 corporibus
952 719 142 49 humidis
1042 719 168 49 simplicibus

728 754 63 41 d
754 754 76 41 Vn
792 754 114 41 talis
868 754 114 41 motus
944 754 89 41 non
994 754 89 41 fit
1045 754 101 41 nisi
1108 754 76 41 in
1133 754 89 41 aere,

717 797 91 38 aut
769 797 78 38 in
808 797 117 38 aqua.
886 797 104 38 D.d.
951 797 91 38 qui
1003 797 169 38 quibusdam
1120 797 104 38 attri-

722 829 137 44 buitur
818 829 219 44 successioni,
996 829 68 44 &
1024 829 82 44 ab
1065 829 82 44 ea
1092 829 137 44 denomina

726 868 94 38 tur.
785 868 71 38 i.
820 868 59 38 &
844 868 94 38 iste
903 868 106 38 motus
973 868 94 38 est,
1032 868 82 38 qui
1079 868 59 38 a
1091 868 129 38 quibusdam

728 906 136 40 homnibus
830 906 170 40 attribuitur
966 906 182 40 successieni.
1114 906 68 40 I.
1136 906 91 40 dicunt

729 940 156 46 successionem
856 940 78 46 esse
905 940 98 46 causam
973 940 98 46 illius
1042 940 117 46 scilicet
1120 940 107 46 successio

723 981 90 50 nem
774 981 141 50 partium
877 981 115 50 aeris
953 981 141 50 expulsi
1056 981 77 50 in
1094 981 115 50 loco,
1158 981 64 50 cum

732 1029 89 38 prima
791 1029 79 38 pers
840 1029 98 38 aeris,
909 1029 79 38 quae
958 1029 138 38 expellitur
1067 1029 49 38 a
1076 1029 138 38 proiiciente,

728 1060 147 38 expellat
838 1060 123 38 partem
924 1060 110 38 aeris
998 1060 196 38 succedentem,
1157 1060 61 38 &
1170 1060 61 38 suc

721 1094 98 46 cedit
787 1094 65 46 ei
819 1094 65 46 in
852 1094 87 46 illo
907 1094 98 46 loco,
972 1094 55 46 &
994 1094 76 46 sic
1038 1094 120 46 secunda
1114 1094 109 46 tertiam,

726 1132 68 50 &
754 1132 136 50 tertia
848 1132 163 50 quartam,
970 1132 68 50 &
998 1132 190 50 vnaquaeque
1133 1132 95 50 cedit

722 1172 158 46 pcedenti.
843 1172 61 46 &
868 1172 146 46 ppherhoc
977 1172 158 46 appellant
1086 1172 134 46 huiusmodi

728 1207 118 43 motum
806 1207 196 43 successiuum
963 1207 170 43 opinantes
1081 1207 144 43 successio

725 1244 73 50 nem
766 1244 83 50 esse
818 1244 104 50 causam
891 1244 93 50 motus
953 1244 114 50 illius,
1036 1244 93 50 quid,
1098 1244 135 50 priicitur
1192 1244 42 50 in

721 1292 118 44 aere,
799 1292 92 44 aut
852 1292 78 44 in
891 1292 118 44 aqua.
969 1292 78 44 Et
1009 1292 105 44 post
1074 1292 92 44 hoc
1126 1292 78 44 d.
1153 1292 65 44 Sed

722 1322 131 48 pdictae
818 1322 131 48 quodnes
913 1322 131 48 aliter,
1009 1322 84 48 qui
1045 1322 167 48 finarrauimus

725 1357 72 46 non
766 1357 113 46 possunt
848 1357 103 46 solui.
920 1357 62 46 i.
950 1357 72 46 sed
991 1357 82 46 illa
1043 1357 92 46 quod,
1104 1357 82 46 quam
1145 1357 82 46 pdixi-

724 1404 89 31 mus
775 1404 76 31 de
813 1404 115 31 motu,
890 1404 89 31 non
941 1404 153 31 soluitur
1055 1404 140 31 dicendo
1145 1404 76 31 sue-

729 1437 118 42 cessionem
819 1437 72 42 esse
865 1437 91 42 causam
928 1437 118 42 huiusmodi
1019 1437 91 42 motus,
1082 1437 45 42 &
1091 1437 136 42 vniversaliter

725 1470 85 44 nec
773 1470 97 44 alio
834 1470 109 44 modo,
907 1470 97 44 quod
968 1470 158 44 pdiximus.
1089 1470 97 44 Post
1138 1470 85 44 dedit

725 1508 98 52 cam,
786 1508 110 52 quare
859 1508 85 52 non
908 1508 98 52 port
969 1508 110 52 solui
1042 1508 85 52 per
1079 1508 146 52 successio-

726 1549 96 37 nem,
786 1549 60 37 &
810 1549 72 37 d.
846 1549 155 37 Successio
965 1549 84 37 ant
1013 1549 108 37 facit
1085 1549 72 37 ea
1120 1549 108 37 omnia
1180 1549 48 37 mo

727 1586 110 40 uere,
800 1586 61 40 &
825 1586 134 40 moueri:
922 1586 110 40 vndal
996 1586 86 40 op:
1045 1586 98 40 quod
1094 1586 134 40 quiescant

725 1621 73 45 i.
761 1621 171 45 fucerittia
896 1621 98 45 enim
957 1621 146 45 videntur
1066 1621 122 45 mouere
1140 1621 85 45 scin-

727 1661 120 50 uicem,
811 1661 60 50 &
835 1661 120 50 moueri
919 1661 132 50 inlius:
1015 1661 120 50 quappe
1099 1661 120 50 debent
1171 1661 60 50 in-

728 1700 102 50 simul
796 1700 158 50 quiescere,
920 1700 90 50 quod
976 1700 79 50 non
1022 1700 124 50 accidit
1112 1700 68 50 in
1135 1700 90 50 perti-

727 1736 92 42 bus
779 1736 118 42 aeris
858 1736 210 42 successiuis.
1028 1736 92 42 D.d
1081 1736 92 42 sed
1133 1736 92 42 nos
1173 1736 52 42 vi

722 1781 120 45 demus
802 1781 107 45 vnum
869 1781 107 45 idem
935 1781 160 45 continue
1055 1781 147 45 moueri:
1149 1781 80 45 qua-

727 1813 83 53 re
769 1813 152 53 necesse
879 1813 97 53 est
935 1813 124 53 ipsum
1018 1813 138 53 moueri
1114 1813 83 53 ab
1142 1813 83 53 ali
