1416 2066
165 173 112 70 .g.
229 173 129 70 quod
310 173 177 70 baculus
438 173 145 70 mouet
518 173 161 70 lapidem.

176 227 99 47 et
225 227 182 47 mouetur
357 227 83 47 a
390 227 149 47 manu,
489 227 99 47 et
539 227 149 47 manus
621 227 66 47 ab

178 268 187 47 homine,
314 268 136 47 homo
399 268 153 47 autem
500 268 119 47 non
551 268 119 47 moue.

176 317 102 45 tur
235 317 87 45 ab
278 317 131 45 alio.
365 317 87 45 Et
409 317 102 45 nos
467 317 160 45 dicimus
583 317 87 45 in
612 317 73 45 om-

184 365 103 61 nibus
252 365 80 61 eis
298 365 126 61 mouere,
389 365 137 61 scilicet
492 365 69 61 in
526 365 114 61 primo,
606 365 69 61 et
629 365 57 61 po-

179 413 170 62 stremo,
302 413 108 62 sed
364 413 154 62 primum
472 413 108 62 est
518 413 170 62 dignius.,

180 468 162 46 ipsum
288 468 144 46 enim
378 468 162 46 mouet
468 468 198 46 postremum

184 505 88 57 &
220 505 123 57 non
290 505 229 57 postremum
466 505 194 57 primum.
590 505 88 57 po-

175 557 186 56 stremum
311 557 169 56 igitur
429 557 119 56 non
497 557 152 56 mouet
581 557 102 56 sine

176 602 169 56 primo,
294 602 169 56 primum
412 602 135 56 vero
497 602 152 56 mouet
581 602 101 56 sine

186 644 197 62 postremo.
338 644 137 62 verbi
429 644 167 62 gratia,
550 644 122 62 quod
611 644 76 62 ba-

181 692 148 46 culus
279 692 115 46 non
345 692 165 46 mouet,
460 692 99 46 si
510 692 148 46 manus
609 692 115 46 non

157 748 165 40 mouerit

223 779 197 47 Existimatur
380 779 105 47 quod
446 779 171 47 capitulum
564 779 118 47 pdictum

187 822 101 44 ante
251 822 152 44 proximum
364 822 152 44 intendit
478 822 101 44 quod
541 822 126 44 Arist.
617 822 63 44 in-

181 868 128 42 tendit
271 868 90 42 per
322 868 128 42 ipsum,
412 868 102 42 quod
475 868 102 42 omne
539 868 115 42 motum
603 868 90 42 habet

186 907 165 32 motorem.
310 907 69 32 &
338 907 110 32 ideo
407 907 151 32 dimisit
517 907 165 32 Themist.
627 907 55 32 de

181 938 189 40 clarationem
332 938 113 40 eius,
408 938 101 40 quae
471 938 88 40 est
521 938 76 40 in
547 938 138 40 principio

187 973 164 38 Septimi,
310 973 68 38 &
338 973 178 38 contentus
475 973 96 38 est
529 973 82 38 in
571 973 96 38 hac
612 973 68 38 de-

186 1011 175 51 claratione
323 1011 100 51 hic.
385 1011 62 51 &
410 1011 150 51 opinatus
523 1011 87 51 est
573 1011 87 51 eam
610 1011 75 51 esse

186 1047 108 53 magis
258 1047 120 53 certam
341 1047 96 53 quae
401 1047 131 53 primam:
497 1047 84 53 cum
545 1047 108 53 illa,
616 1047 96 53 quae

189 1086 95 44 illic
253 1086 85 44 est,
306 1086 116 44 signum,
391 1086 85 44 ista
443 1086 95 44 autem
507 1086 159 44 existimatur
623 1086 64 44 esse

183 1124 168 51 inductio.
312 1124 78 51 Et
351 1124 142 51 videtur
454 1124 103 51 quod
519 1124 155 51 inductio
622 1124 65 51 non

180 1163 172 51 sufficit
308 1163 86 51 in
351 1163 114 51 hoc:
423 1163 71 51 &
451 1163 143 51 maxime
551 1163 114 51 apud
609 1163 71 51 po-

186 1196 117 46 nentes
268 1196 82 46 hic
315 1196 94 46 esse
374 1196 141 46 aliquid,
479 1196 94 46 quid
538 1196 105 46 mouet
608 1196 82 46 se,
643 1196 47 46 si

192 1238 74 50 cut
235 1238 95 50 ponit
298 1238 105 50 Plato.
371 1238 63 50 Et
403 1238 116 50 videtur
487 1238 84 50 mihi
540 1238 84 50 quod
592 1238 84 50 ipse
634 1238 53 50 in-

186 1277 127 37 tendit
275 1277 89 37 per
326 1277 102 37 hanc
390 1277 217 37 declarationem
568 1277 89 37 hic
607 1277 76 37 dif-

191 1316 137 46 soluere
290 1316 137 46 quodnem
389 1316 174 46 accidentem
526 1316 75 46 in
551 1316 124 46 propone,

184 1354 165 40 dicente
304 1354 120 40 quod
379 1354 120 40 omne
453 1354 135 40 motum
543 1354 135 40 habet
618 1354 60 40 mo

182 1388 110 46 torem
255 1388 73 46 ex
292 1388 110 46 motis
365 1388 195 46 simplicibus.
523 1388 98 46 ista
584 1388 98 46 enim
633 1388 49 46 ap

184 1432 131 44 parent
276 1432 131 44 moueri
368 1432 92 44 per
420 1432 92 44 se,
473 1432 92 44 cum
525 1432 144 44 fuerint
617 1432 66 44 ex-

185 1464 96 37 tra
240 1464 96 37 sua
295 1464 110 37 loca
364 1464 193 37 naturalia,
516 1464 69 37 &
543 1464 110 37 sunt
598 1464 83 37 sim-

188 1508 103 38 plicia
260 1508 72 38 non
301 1508 164 38 diuisibilia,
434 1508 123 38 scilicet
527 1508 82 38 quod
578 1508 92 38 motor
640 1508 62 38 in

177 1541 91 48 eis
229 1541 91 48 est
281 1541 117 48 ipsum
359 1541 130 48 motum.
449 1541 104 48 ista
514 1541 143 48 igitur,
605 1541 78 48 quia

185 1576 117 50 faciunt
271 1576 128 50 dubitare
366 1576 64 50 in
398 1576 75 50 hac
441 1576 117 50 quodne,
526 1576 128 50 secundum
611 1576 64 50 quod

183 1613 119 50 Arist.
266 1613 71 50 d.
302 1613 71 50 in
338 1613 155 50 principio
457 1613 143 50 Septimi,
564 1613 95 50 ideo
623 1613 83 50 in

177 1655 137 43 coepit
273 1655 123 43 illic
356 1655 206 43 demonstrare
520 1655 96 43 hac
561 1655 110 43 propo-

181 1693 84 44 nem
229 1693 144 44 scilicet
337 1693 96 44 quod
397 1693 96 44 omne
457 1693 108 44 motum
529 1693 108 44 habet
589 1693 84 44 moto-

180 1728 93 44 rem,
238 1728 81 44 sed
285 1728 81 44 non
331 1728 151 44 dissoluit
447 1728 104 44 illic
517 1728 128 44 quodnem
598 1728 70 44 acci

176 1764 135 47 dentem
270 1764 81 47 in
310 1764 94 47 eis
364 1764 81 47 ex
405 1764 94 47 his
458 1764 216 47 simplicibus.
620 1764 54 47 in

176 1798 88 52 hoc
227 1798 113 52 autem
302 1798 100 52 loco
364 1798 163 52 dissoluit
489 1798 113 52 illam
552 1798 125 52 quodnem,

705 180 64 49 &
731 180 178 49 declarauit
871 180 102 49 quod
934 180 102 49 ista
998 180 153 49 mouentur
1112 180 76 49 ab
1137 180 64 49 ex-

702 216 160 51 triuseco,
825 216 62 51 &
850 216 99 51 quod
911 216 86 51 non
961 216 148 51 mouentur
1071 216 74 51 ex
1108 216 86 51 se,
1145 216 62 51 ni-

701 254 76 50 si
739 254 88 50 per
790 254 164 50 accidens:
916 254 63 50 &
942 254 88 50 sic
992 254 164 50 compleuit
1106 254 101 50 sermo-

696 299 92 43 nem
749 299 106 43 suum
815 299 79 43 in
854 299 106 43 hoc,
920 299 106 43 quod
986 299 106 43 omne
1052 299 119 43 motum
1119 299 92 43 mouet

705 333 74 37 ab
742 333 135 37 aliquo.
840 333 61 37 &
864 333 98 37 ipse
925 333 98 37 post
987 333 147 37 perfecte
1085 333 123 37 perscru-

706 370 125 48 tabitur
796 370 68 48 de
830 370 79 48 hoc
876 370 136 48 scilicet
978 370 159 48 declarando
1103 370 91 48 quod
1148 370 57 48 im-

716 406 138 50 ossibile
819 406 80 50 est
865 406 69 50 vt
899 406 126 50 aliquid
991 406 115 50 moueat
1072 406 80 50 se.
1118 406 80 50 Et,
1152 406 46 50 di

706 445 87 37 Et,
755 445 87 37 cum
805 445 124 37 omnia,
891 445 87 37 &c.
940 445 74 37 i.
978 445 74 37 &,
1015 445 87 37 cum
1052 445 148 37 declaratum

703 485 96 37 sit,
763 485 96 37 quod
823 485 84 37 cum
870 485 96 37 omne
930 485 108 37 motum
1002 485 84 37 aut
1050 485 131 37 mouetur
1133 485 72 37 vio-

704 521 115 41 lente,
784 521 80 41 aut
830 521 184 41 naturaliter:
979 521 57 41 &
1002 521 103 41 illa,
1071 521 92 41 quae
1117 521 80 41 mouen

707 559 75 43 tur
750 559 171 43 naturaliter,
889 559 75 43 aut
932 559 129 43 mouentur
1029 559 64 43 ex
1061 559 75 43 se,
1093 559 107 43 scilicet

702 598 156 49 habentia
819 598 143 49 animas,
923 598 91 49 aut
975 598 117 49 erunt
1053 598 143 49 corpora
1144 598 65 49 gra

707 637 84 45 uia
755 637 60 45 &
779 637 120 45 leuia,
864 637 60 45 &
888 637 84 45 iam
936 637 145 45 apparuit
1044 637 72 45 in
1080 637 108 45 istis
1141 637 72 45 tri-

703 671 112 51 bus
767 671 144 51 modis
863 671 128 51 ipsa
943 671 160 51 moueri
1054 671 96 51 ab
1086 671 128 51 aliquo

704 708 106 53 alio:
775 708 95 53 illa
834 708 118 53 autem,
917 708 95 53 quae
976 708 142 53 mouentur
1071 708 130 53 violente.

703 748 75 39 &
733 748 149 39 grauia
837 748 75 39 &
867 748 134 39 leuia
957 748 179 39 mouentur
1091 748 75 39 a
1106 748 104 39 moto-

702 785 83 41 re
744 785 206 41 extrinseco,
909 785 165 41 animalia
1032 785 124 41 autem
1101 785 110 41 mouen-

705 828 89 32 tur
756 828 64 32 a
782 828 128 32 motore
871 828 166 32 existente
999 828 77 32 in
1037 828 102 32 eis:
1101 828 102 32 eroo
1152 828 51 32 ne

709 850 109 48 cesse
782 850 85 48 est
830 850 73 48 vt
867 850 97 48 omne
928 850 109 48 motum
1000 850 146 48 moueatur
1110 850 73 48 ab
1134 850 73 48 ali-

710 898 89 48 quo
761 898 114 48 alio.
837 898 76 48 Et
875 898 178 48 intendebat
1015 898 101 48 quod
1078 898 101 48 ista
1129 898 76 48 pro-

716 934 70 44 od
751 934 153 44 declarata
869 934 82 44 est
916 934 82 44 hic
963 934 153 44 perfecte,
1080 934 82 44 cum
1127 934 106 44 quod,

700 972 110 52 quae
769 972 151 52 accidit
879 972 83 52 in
920 972 83 52 ea
962 972 83 52 ex
1003 972 193 52 corporibus
1140 972 69 52 gra

708 1013 127 45 uibus,
797 1013 64 45 &
823 1013 153 45 leuibus,
938 1013 89 45 sit
988 1013 178 45 dissoluta:
1129 1013 64 45 &
1141 1013 64 45 de-

701 1053 101 47 mtro
765 1053 114 47 facta
840 1053 88 47 sit
891 1053 76 47 de
929 1053 101 47 ipsa
992 1053 76 47 in
1030 1053 164 47 principio
1144 1053 63 47 Se-

709 1085 132 51 ptimi:
801 1085 106 51 non,
867 1085 106 51 quia
933 1085 171 51 inductio,
1065 1085 92 51 qua
1104 1085 106 51 vtitur

703 1125 96 38 hic,
763 1125 84 38 sit
811 1125 167 38 sufficiens
942 1125 72 38 in
978 1125 96 38 hoc,
1038 1125 143 38 inductio
1133 1125 72 38 enim

699 1164 69 50 in
734 1164 81 50 qua
780 1164 81 50 non
827 1164 162 50 percipitur
954 1164 93 50 quod
1012 1164 139 50 pdicatio
1116 1164 81 50 est
1151 1164 46 50 es

702 1200 183 42 sentialis,
846 1200 92 42 non
898 1200 92 42 dat
950 1200 209 42 certitudinem
1107 1200 92 42 natu-

701 1237 115 51 ralem,
781 1237 104 51 licet
850 1237 161 51 inducantur
977 1237 69 51 in
1011 1237 69 51 ea
1046 1237 104 51 omnia
1103 1237 92 51 parti-

699 1276 156 46 cularia.
816 1276 91 46 Et,
868 1276 91 46 cum
920 1276 195 46 verificauit
1075 1276 104 46 hanc
1127 1276 78 46 pro-

706 1316 120 46 ponem,
790 1316 60 46 &
814 1316 96 46 est,
874 1316 96 46 quod
934 1316 96 46 omne
993 1316 108 46 motum
1065 1316 132 46 mouetur
1149 1316 48 46 ab

700 1349 99 45 alio,
766 1349 132 45 incoepit
865 1349 143 45 declarare
975 1349 88 45 quod
1030 1349 99 45 illa,
1096 1349 88 45 quae
1140 1349 55 45 mo-

702 1390 122 47 uentur
787 1390 73 47 in
824 1390 110 47 loco,
897 1390 171 47 seducuntur
1032 1390 73 47 ad
1069 1390 134 47 aliquid
1154 1390 49 47 mo

699 1428 93 38 tum
752 1428 80 38 ex
792 1428 93 38 se,
845 1428 67 38 &
872 1428 80 38 d.
912 1428 80 38 Et
952 1428 93 38 hoc
1006 1428 133 38 duobus
1086 1428 93 38 modis

699 1468 78 38 &c.
743 1468 67 38 i.
777 1468 67 38 &,
810 1468 78 38 cum
855 1468 156 38 declaratum
977 1468 78 38 sit
1022 1468 89 38 quod
1078 1468 89 38 omne
1122 1468 78 38 motum

697 1502 121 45 habet
777 1502 161 45 motorem,
898 1502 67 45 &
925 1502 94 45 est
978 1502 188 45 manifestum
1113 1502 81 45 quod

699 1541 151 45 motores
809 1541 110 45 sunt
878 1541 137 45 duobus
974 1541 137 45 modis,
1070 1541 96 45 aut
1111 1541 82 45 quod

692 1577 135 42 motor
782 1577 135 42 mouet
872 1577 150 42 motum,
978 1577 120 42 quia
1053 1577 135 42 aliud
1128 1577 75 42 ex-

698 1621 166 37 trisecum
823 1621 125 37 mouet
906 1621 139 37 ipsum,
1003 1621 97 37 aut
1058 1621 111 37 quia
1114 1621 83 37 nio-

695 1653 98 40 tor
751 1653 141 40 mouet,
850 1653 112 40 non,
920 1653 112 40 quia
990 1653 127 40 aliud
1074 1653 127 40 mouet
1145 1653 56 40 ip

693 1688 110 52 sum,
762 1688 69 52 &
789 1688 110 52 ista
858 1688 124 52 propo
940 1688 96 52 est
995 1688 178 52 manifesta
1132 1688 96 52 per

694 1727 100 43 se,
751 1727 143 43 deinde
851 1727 157 43 induxit
965 1727 128 43 aliam
1036 1727 157 43 proponem,

700 1764 68 38 &
728 1764 82 38 d.
768 1764 82 38 Et
809 1764 109 38 iste
877 1764 136 38 motor,
972 1764 122 38 &cae.
1054 1764 82 38 i.
1094 1764 68 38 &
1108 1764 95 38 omnis

693 1801 134 42 motor
783 1801 105 42 aut
842 1801 120 42 erit
917 1801 149 42 primus
1022 1801 149 42 motor,
1111 1801 90 42 quia
