1416 2066
207 181 98 46 tra
263 181 140 46 animam
361 181 98 46 est
417 181 112 46 sic.
488 181 70 46 &
516 181 126 46 sicut
586 181 140 46 Oeometer

220 226 123 45 pont
296 226 184 45 accipere
434 226 246 45 magnitudinem
619 226 107 45 cuius

226 271 127 43 libet
310 271 225 43 quantitatis,
494 271 113 43 quod
564 271 99 43 non
620 271 113 43 pont
677 271 56 43 Na

222 305 169 41 turalis,
348 305 98 41 ita
405 305 183 41 Geometer,
545 305 98 41 cum
587 305 141 41 posuerit

218 342 254 54 magnitudinem
425 342 239 54 cuiuscunque
600 342 127 54 quanti

222 385 132 41 tatis,
314 385 106 41 pont
381 385 159 41 accipere
500 385 146 41 maiorem
592 385 93 41 illa.

266 444 185 60 Quoniam
401 444 84 60 &
435 444 152 60 Plato
536 444 101 60 ob
586 444 118 60 hoc
637 444 84 60 duo

232 488 170 55 infinita
360 488 142 55 fecit.
459 488 114 55 quod
530 488 71 55 &
559 488 85 55 in
587 488 142 55 auctione

226 537 146 42 videtuel
335 537 158 42 excedere.
457 537 110 42 atque
530 537 73 42 in
567 537 146 42 ifinitum
664 537 61 42 abi

223 573 82 45 re
264 573 124 45 etiam
347 573 82 45 in
388 573 192 45 diuisione.
539 573 96 45 cum
581 573 137 45 tamenfe-

221 628 122 46 cerit
303 628 109 46 duo,
371 628 95 46 non
425 628 149 46 vtitur.
534 628 122 46 neque
615 628 109 46 enim
670 628 54 46 in

220 663 155 43 numeris
333 663 169 43 secundum
460 663 198 43 diuisionem
601 663 127 43 infini-

220 707 118 41 tum
287 707 202 41 existit,
439 707 168 41 vnitas
539 707 185 41 enimmini-

217 743 108 53 mum
278 743 108 53 est
340 743 139 53 neque
433 743 93 53 in
479 743 201 53 auctione.
618 743 108 53 vsque

205 789 126 45 enim
284 789 95 45 ad
331 789 205 45 denarium,
489 789 142 45 facit
568 789 158 45 numerum.

271 837 97 54 Et
319 837 177 54 videmus
448 837 193 54 Platonem
577 837 145 54 propter

220 876 98 62 hoc
276 876 140 62 ponere
374 876 182 62 infinitum
513 876 112 62 duo,
583 876 112 62 quia
639 876 84 62 exi-

222 924 180 63 stimabat
357 924 120 63 quod
432 924 105 63 res
493 924 150 63 potest
583 924 150 63 pertran-

221 973 136 61 fire
306 973 204 61 secundum
459 973 221 61 augmetum,
628 973 85 61 &
645 973 85 61 pro

219 1020 161 62 cedere
332 1020 97 62 in
380 1020 226 62 infinitum,
558 1020 81 62 &
574 1020 161 62 secundum

223 1069 218 68 diminutione.
401 1069 95 68 sed
455 1069 136 68 posuit
551 1069 109 68 illa
619 1069 109 68 duo,
673 1069 55 68 et

221 1125 98 46 non
277 1125 140 46 vtitur
375 1125 112 46 eis.
445 1125 84 46 in
486 1125 154 46 numeris
598 1125 112 46 enim
654 1125 70 46 non

214 1169 97 63 est
270 1169 194 63 infinitum,
422 1169 139 63 neque,
519 1169 166 63 secundum
630 1169 97 63 dimi-

218 1221 201 54 nutionem,
372 1221 108 54 cum
434 1221 155 54 unitas
542 1221 108 54 sit
589 1221 139 54 minima,

221 1262 158 69 neque,
332 1262 189 69 secundum
474 1262 221 69 augmentum.
631 1262 95 69 nume

214 1316 109 59 rus
277 1316 125 59 enim
355 1316 188 59 peruenit
496 1316 94 59 ad
527 1316 125 59 decem.

244 1373 97 52 Cum
300 1373 194 52 declarauit
452 1373 111 52 quod
522 1373 180 52 infinitum
661 1373 97 52 in¬

226 1413 137 53 uenitur
325 1413 75 53 in
363 1413 187 53 diminutione
512 1413 187 53 simpieritu,
661 1413 62 53 &
686 1413 75 53 in

221 1452 147 49 additione
334 1452 79 49 non
379 1452 181 49 simpercitur,
526 1452 79 49 sed
571 1452 68 49 in
605 1452 102 49 illa,
661 1452 68 49 quae

227 1493 99 37 est
283 1493 183 37 econuerso
424 1493 226 37 diminutioni,
594 1493 141 37 incoepit

225 1532 156 48 accusare
342 1532 169 48 Platonem,
472 1532 104 48 quia
537 1532 156 48 aequauit
641 1532 91 48 infi-

228 1571 101 39 nitum
295 1571 67 39 in
329 1571 124 39 vtraque
419 1571 135 39 scilicet
520 1571 67 39 in
553 1571 157 39 additione,
666 1571 67 39 &di-

225 1609 196 41 minutione,
379 1609 70 41 &
407 1609 140 41 dixit:
505 1609 84 41 Et
547 1609 154 41 videmus
645 1609 84 41 Pla-

225 1648 114 41 tonem,
304 1648 80 41 &c.
350 1648 68 41 i.
384 1648 57 41 &
407 1648 102 41 Plato
475 1648 114 41 perper
554 1648 91 41 hoc,
611 1648 91 41 quod
657 1648 68 41 exi-

225 1686 148 55 stimauit
336 1686 99 55 quod
398 1686 161 55 infinitum
521 1686 148 55 procedit
632 1686 74 55 in
657 1686 74 55 aug-

222 1727 140 39 mento
316 1727 93 39 in
362 1727 217 39 infinitum,
533 1727 78 39 &
549 1727 186 39 diminutio-

227 1765 81 49 ne
267 1765 81 49 in
307 1765 188 49 infinitum,
455 1765 135 49 posuit
550 1765 162 49 infiniti
657 1765 81 49 duas

221 1804 171 43 species,
349 1804 85 43 in
392 1804 199 43 additione,
548 1804 71 43 &
562 1804 171 43 diminutio-

215 1845 116 50 ne.
282 1845 83 50 &
315 1845 183 50 induxit
448 1845 116 50 hoc
515 1845 150 50 nomen
598 1845 133 50 augmen

223 1885 103 45 tum
282 1885 118 45 loco
356 1885 133 45 huius
444 1885 162 45 nominis
562 1885 177 45 additio,
680 1885 59 45 ad

745 181 263 53 distinguendum
961 181 139 53 inter
1054 181 186 53 proponem
1178 181 77 53 Na-

741 228 194 38 turalem,
886 228 81 38 &
919 228 259 38 Geometricam.
1113 228 145 38 D.incoe

750 258 87 57 pit
799 258 161 57 declarare
923 258 99 57 quod
985 258 87 57 cum
1035 258 99 57 hoc,
1097 258 99 57 quod
1146 258 112 57 errauit

747 300 90 46 in
792 300 120 46 hoc,
867 300 105 46 non
927 300 180 46 seruauit
1063 300 105 46 sua
1108 300 150 46 fundamen

751 348 86 38 ta,
800 348 61 38 &
824 348 123 38 dixit,
910 348 86 38 sed
959 348 135 38 posuit,
1057 348 86 38 &c.
1106 348 74 38 i.
1143 348 86 38 sed
1192 348 86 38 non

741 381 219 44 conseruauit
916 381 102 44 sua
975 381 204 44 fundamenta
1135 381 88 44 in
1164 381 88 44 hoc,

746 421 102 53 icet
810 421 102 53 quia
874 421 115 53 ponit
951 421 102 53 illa
1015 421 102 53 duo,
1079 421 64 53 &
1104 421 90 53 non
1143 421 115 53 dixitil

741 461 89 38 la
786 461 119 38 esse
860 461 89 38 in
905 461 179 38 numeris,
1039 461 104 38 cum
1083 461 164 38 diminutio

749 507 128 46 puenit
839 507 77 46 ad
878 507 167 46 vnitatem,
1006 507 103 46 quae
1070 507 90 46 est
1109 507 141 46 indiuisi-

749 540 134 48 bilis,
842 540 67 48 &
869 540 94 48 non
922 540 160 48 procedit
1043 540 80 48 in
1083 540 80 48 in
1109 540 134 48 finitum,

744 579 87 39 in
788 579 189 39 additione
934 579 116 39 vero
1007 579 102 39 non
1065 579 175 39 concedit
1196 579 87 39 in

748 616 150 51 finitum.
860 616 112 51 dicit
935 616 100 51 enim
997 616 100 51 quod
1059 616 137 51 species
1147 616 112 51 numero-

739 656 114 42 rum
804 656 227 42 perueniunt
982 656 97 42 ad
1031 656 162 42 decem,
1128 656 130 42 deinde

752 698 104 48 post
817 698 117 48 decem
894 698 181 48 iterantur.
1037 698 78 48 i.
1076 698 65 48 &
1102 698 142 48 oportet
1192 698 65 48 ip-

746 735 103 52 sum,
810 735 90 52 cum
862 735 154 52 opinetur
977 735 103 52 quod
1042 735 141 52 additio
1144 735 77 52 in
1170 735 77 52 men-

749 772 111 54 sura
818 772 138 54 potest
915 772 111 54 esse
984 772 83 54 in
1026 772 194 54 infinitum,
1178 772 69 54 &
1192 772 69 54 ad-

745 815 128 50 ditio
830 815 185 50 numerorum
972 815 100 50 est
1029 815 85 50 in
1072 815 157 50 specie,
1172 815 85 50 opi-

748 852 124 54 nari,
831 852 110 54 quod
899 852 137 54 numeri
995 852 165 54 crescunt
1119 852 82 54 in
1146 852 110 54 specie

745 893 92 38 in
775 893 185 38 infinitum.

787 933 171 45 Accidit
912 933 140 45 autem
1006 933 156 45 contra
1115 933 125 45 esse
1193 933 94 45 in

743 972 182 46 finitum,
879 972 121 46 quam
955 972 91 46 vt
1000 972 167 46 dicunt.
1122 972 106 46 Non
1167 972 91 46 enim

747 1021 126 47 cuius
831 1021 98 47 est
887 1021 126 47 nihil
971 1021 140 47 extra,
1069 1021 98 47 sed
1125 1021 126 47 cuius
1195 1021 56 47 se

749 1061 100 52 per
806 1061 158 52 aliquid
921 1061 129 52 extra
1007 1061 115 52 est,
1079 1061 100 52 hoc
1122 1061 129 52 infini-

742 1106 115 40 tum
807 1106 132 40 est.
890 1106 165 40 Signum
1005 1106 148 40 autem
1104 1106 132 40 est.
1170 1106 82 40 nam

746 1146 168 44 annulos
868 1146 199 44 infinitos
1021 1146 168 44 dicunt,
1144 1146 107 44 non
1190 1146 61 44 ha

748 1189 138 45 bentes
845 1189 138 45 palam,
941 1189 151 45 quoniam
1051 1189 138 45 semper
1133 1189 124 45 aliquid

744 1230 117 44 extra
822 1230 91 44 est
874 1230 170 44 accipere,
1005 1230 157 44 secundum
1109 1230 144 44 similitu-

745 1276 145 51 dinem
841 1276 161 51 quidem
954 1276 177 51 quandam
1066 1276 177 51 dicentes,

744 1317 108 53 non
805 1317 138 53 tamen
897 1317 185 53 proprie.
1036 1317 169 53 oportet
1143 1317 108 53 enim,

742 1359 79 51 &
774 1359 111 51 hoc
837 1359 142 51 esse,
932 1359 79 51 &
963 1359 158 51 nunque
1074 1359 126 51 idem
1137 1359 111 51 acci-

752 1400 90 50 pi.
803 1400 77 50 in
842 1400 141 50 circulo
944 1400 115 50 autem
1021 1400 90 50 non
1072 1400 90 50 fit
1123 1400 102 50 sic,
1187 1400 90 50 sed

740 1452 178 47 semper
865 1452 143 47 quod
954 1452 125 47 est
1008 1452 250 47 consequenter

740 1490 163 40 solum
830 1490 181 40 alterum.

796 1532 87 62 Et
840 1532 189 62 infinitum
985 1532 131 62 debet
1072 1532 116 62 esse
1130 1532 131 62 contra-

745 1581 95 61 rio
800 1581 95 61 ei,
854 1581 108 61 quod
922 1581 136 61 dicunt
1017 1581 190 61 infinitum.
1152 1581 95 61 infi-

746 1629 111 61 nitu
815 1629 111 61 enim
884 1629 97 61 non
940 1629 97 61 est
995 1629 138 61 illud,
1092 1629 125 61 extra
1175 1629 111 61 quod

743 1677 126 53 nihil
827 1677 112 53 est,
897 1677 98 53 sed
953 1677 140 53 illud,
1052 1677 126 53 extra
1136 1677 112 53 quod
1192 1677 70 53 sem

744 1728 96 61 per
799 1728 96 61 est
854 1728 165 61 aliquid.
978 1728 82 61 Et
1019 1728 137 61 signum
1115 1728 110 61 eius
1170 1728 82 61 est.

743 1777 172 58 quoniam
868 1777 172 58 homines
993 1777 172 58 assueti
1118 1777 125 58 sunt
1181 1777 78 58 di-

745 1826 119 61 cere
819 1826 89 61 in
864 1826 163 61 annulo,
983 1826 104 61 qui
1042 1826 104 61 non
1102 1826 134 61 habet
1176 1826 89 61 locu

751 1884 150 54 gemmae
856 1884 135 54 ipsum
946 1884 120 54 esse
1021 1884 210 54 infinitum,
1171 1884 90 54 quia
