1416 2066
140 182 109 52 ergo
208 182 149 52 vtraque
317 182 95 52 est
371 182 109 52 pars
439 182 176 52 corporis:
575 182 68 52 &
588 182 68 52 loc

156 221 85 53 non
204 221 85 53 est
253 221 97 53 pars
313 221 157 53 corporis,
434 221 85 53 cum
483 221 85 53 sit
519 221 145 53 sepabilis:

149 264 115 48 ergo
220 264 129 48 locus
306 264 100 48 non
364 264 100 48 est
421 264 158 48 alterum
522 264 143 48 istorum.

154 300 75 38 Et
191 300 112 38 dixit
266 300 187 38 existimatur
415 300 100 38 enim
478 300 100 38 quod
540 300 112 38 locus
603 300 62 38 est

151 338 116 43 quasi
228 338 103 43 vas,
293 338 90 43 &c.
344 338 77 43 ad
383 338 206 43 notificandum
550 338 103 43 quod
602 338 51 43 ma

153 375 129 43 nifesta
247 375 82 43 est
294 375 141 43 dicitura
399 375 82 43 per
446 375 70 43 se
481 375 105 43 inter
540 375 117 43 colloca-

150 420 136 34 tionem
246 420 95 34 rei
300 420 82 34 ad
341 420 136 34 locum,
436 420 68 34 &
450 420 218 34 collocationem,

158 455 135 43 formae
252 455 81 43 ad
292 455 175 43 materiam:
427 455 121 43 licet
507 455 148 43 vtraque
602 455 67 43 col

147 492 162 53 locatio
265 492 236 53 demonstretur
457 492 103 53 per
516 492 118 53 hanc
575 492 88 53 prae

160 534 186 46 positionem,
309 534 87 46 In,
358 534 124 46 dicere
445 534 99 46 enim
507 534 137 46 aliquid
594 534 75 46 esse

156 569 75 50 in
193 569 112 50 loco,
268 569 87 50 est
318 569 112 50 sicut
393 569 125 50 dicere
480 569 100 50 esse
542 569 112 50 aquam
617 569 75 50 in

153 607 117 51 vase.
231 607 65 51 &
257 607 78 51 in
297 607 117 51 nullo
375 607 183 51 differunt,
518 607 104 51 nisi
571 607 91 51 sicut

150 643 115 47 dixit
227 643 90 47 vas
278 643 90 47 est
329 643 115 47 locus
406 643 192 47 translatus,
560 643 64 47 &
572 643 90 47 locus

151 688 84 52 est
199 688 120 52 fixus.
283 688 120 52 dicere
368 688 96 52 vero
428 688 96 52 quod
488 688 120 52 figura
573 688 84 52 est
621 688 72 52 in

161 725 148 39 scanno,
268 725 67 39 &
295 725 216 39 rationalitas
471 725 81 39 in
511 725 148 39 homine,
606 725 67 39 est

156 763 128 39 sicut
241 763 128 39 forma
327 763 86 39 in
370 763 185 39 subiecto.
512 763 100 39 Et,
569 763 100 39 cum
612 763 57 39 in

150 806 125 50 duxit
234 806 251 50 propositiones,
442 806 84 50 ex
484 806 139 50 quibus
568 806 97 50 sequi

154 852 84 44 tur
202 852 96 44 quod
262 852 108 44 locus
334 852 84 44 non
382 852 84 44 est
429 852 144 44 materia,
537 852 108 44 neque
597 852 72 44 for-

152 890 87 32 ma
196 890 233 32 generaliter,
385 890 175 32 incoepit
502 890 160 32 terminare

158 917 130 45 modum,
249 917 78 45 ex
288 917 91 45 quo
340 917 156 45 sequitur
457 917 104 45 quod
522 917 117 45 locus
600 917 91 45 non

152 957 95 53 est
207 957 135 53 forma,
301 957 122 53 neque
369 957 135 53 materia.

196 1013 175 57 Quatenus
328 1013 146 57 igitur
430 1013 219 57 separabilis
591 1013 73 57 est

149 1057 73 53 a
179 1057 103 53 re,
237 1057 161 53 catenus
354 1057 132 53 forma
442 1057 103 53 non
501 1057 117 53 est:
559 1057 103 53 quate

152 1101 106 46 nus
212 1101 121 46 vero
288 1101 196 46 continet,
439 1101 166 46 eatenus
544 1101 121 46 diuer-

152 1146 89 46 sus
203 1146 89 46 est
254 1146 64 46 a
279 1146 153 46 materia.
394 1146 140 46 Videtur
496 1146 114 46 autem
559 1146 102 46 semper

156 1188 89 54 id,
207 1188 102 54 quod
271 1188 140 54 alicubi
372 1188 102 54 est,
436 1188 63 54 &
461 1188 114 54 ipsum
537 1188 102 54 esse
588 1188 76 54 ali-

156 1229 130 44 quid,
242 1229 72 44 &
271 1229 130 44 aliud
358 1229 159 44 aliquid
473 1229 130 44 extra
545 1229 116 44 ipsum,

162 1268 142 49 Platoni
265 1268 116 49 tamen
343 1268 155 49 dicendum
459 1268 116 49 erat,
537 1268 78 49 si
563 1268 103 49 liceat

156 1313 230 41 digredientes
342 1313 158 41 dicere,
457 1313 129 41 quare
544 1313 101 41 non
587 1313 86 41 sunt

138 1351 95 51 in
186 1351 127 51 loco
265 1351 79 51 &
297 1351 158 51 formae
408 1351 79 51 &
439 1351 174 51 numerie
550 1351 111 51 siqui

153 1393 93 54 dem
206 1393 93 54 id,
259 1393 106 54 quod
325 1393 173 54 particeps
458 1393 106 54 est,
524 1393 119 54 locus
591 1393 66 54 sit

151 1436 117 58 siue
224 1436 161 58 magnum,
341 1436 132 58 atque
429 1436 146 58 paruum
531 1436 102 58 sit
590 1436 102 58 id,

152 1477 122 53 quod
228 1477 198 53 particeps
381 1477 122 53 est.
457 1477 122 53 siue
518 1477 137 53 materia

150 1520 243 47 quemadmodum
344 1520 97 47 in
393 1520 162 47 Timaeo
491 1520 178 47 scripsit.

195 1562 189 61 Secundum
337 1562 157 61 igitur
447 1562 126 61 quod
525 1562 110 61 est
573 1562 94 61 sepa

153 1609 127 57 ratus
238 1609 71 57 a
266 1609 99 57 re,
323 1609 170 57 secundum
450 1609 99 57 hoc
506 1609 85 57 no
549 1609 99 57 est
591 1609 71 57 for

147 1668 101 47 ma:
204 1668 72 47 &
233 1668 172 47 secundum
362 1668 115 47 quod
434 1668 187 47 continet,
563 1668 101 47 secun

155 1708 105 61 dum
215 1708 105 61 hoc
275 1708 90 61 no
319 1708 105 61 est
379 1708 179 61 materia.
514 1708 90 61 Et
543 1708 120 61 semper

153 1754 206 60 exissimatur
318 1754 82 60 in
359 1754 123 60 illo,
441 1754 110 60 quod
510 1754 151 60 existit
619 1754 82 60 in

145 1802 126 61 loco,
229 1802 112 61 quod
299 1802 98 61 est
355 1802 168 61 aliquid,
482 1802 70 61 &
510 1802 112 61 quod
566 1802 98 61 aliud

148 1853 101 62 est
205 1853 130 62 extra
292 1853 144 62 ipsum.
393 1853 101 62 sed
451 1853 159 62 oportet
552 1853 115 62 dicere

683 181 178 62 platonem,
820 181 82 62 si
861 181 96 62 est
916 181 123 62 rectu
997 181 191 62 pertrasire
1148 181 96 62 mo

673 229 136 64 dicum
763 229 90 64 in
808 229 181 64 sermone,
944 229 136 64 quare
1034 229 166 64 formae,
1155 229 75 64 &

677 276 140 63 numeri
775 276 98 63 non
831 276 112 63 sunt
901 276 84 63 in
943 276 126 63 loco,
1026 276 84 63 si
1068 276 126 63 locus
1138 276 70 63 est

674 325 194 61 commune,
819 325 129 61 siue
900 325 177 61 commune
1029 325 161 61 fuerit
1125 325 81 61 ma-

676 388 146 46 gnum
767 388 91 46 &
804 388 201 46 paruum,
950 388 146 46 siue
1023 388 183 46 materia,

683 421 94 61 vt
730 421 172 61 vocauit
855 421 141 61 ipsum
949 421 94 61 in
980 421 141 61 rimaeo.

719 492 166 58 Secundum
843 492 138 58 igitur
940 492 110 58 quod
1009 492 124 58 locus
1078 492 138 58 separatr

682 533 63 45 a
708 533 89 45 re,
758 533 101 45 quae
822 533 89 45 est
872 533 76 45 in
910 533 89 45 eo,
961 533 63 45 &
986 533 114 45 forma
1062 533 89 45 non
1112 533 89 45 est
1150 533 51 45 se

687 581 123 45 parata,
776 581 101 45 locus
844 581 78 45 non
888 581 78 45 est
933 581 112 45 forma:
1012 581 56 45 &
1034 581 134 45 secundum
1135 581 90 45 quod

682 612 123 46 locus
764 612 164 46 continet
887 612 137 46 illud,
983 612 109 46 quod
1052 612 96 46 est
1106 612 82 46 in
1134 612 68 46 eo,

680 653 162 37 materia
798 653 132 37 autem
886 653 117 37 non,
959 653 103 37 non
1018 653 103 37 est
1062 653 147 37 materia.

691 692 76 52 Et
729 692 114 52 potet
805 692 139 52 aliquis
906 692 164 52 quaerere,
1032 692 88 52 cum
1083 692 114 52 locus
1146 692 63 52 non

688 730 96 39 pont
748 730 205 39 diciseparari,
917 730 96 39 nisi
977 730 145 39 secundum
1073 730 133 39 opinionem

690 770 159 40 licentium
812 770 122 40 vacuum
898 770 110 40 esse,
971 770 147 40 secundum
1081 770 110 40 autem
1142 770 61 40 opi

683 809 122 42 nionem
768 809 122 42 Arist.
854 809 86 42 non
903 809 159 42 separatur
1026 809 61 42 a
1050 809 135 42 locato,
1136 809 61 42 sed

683 853 222 37 corrumpitur
861 853 104 37 per
920 853 237 37 corruptionem
1097 853 104 37 eius.

688 892 149 38 vltimum
797 892 109 38 enim
865 892 136 38 aeris,
960 892 82 38 in
1001 892 95 38 quo
1055 892 95 38 est
1096 892 95 38 aqua,

688 925 114 55 quando
768 925 92 55 aqua
825 925 172 55 transfertur
962 925 69 55 ab
996 925 80 55 eo,
1042 925 57 55 &
1065 925 114 55 intrat
1134 925 57 55 ip-

681 965 92 37 sum
733 965 118 37 aliud
812 965 144 37 corpus,
917 965 197 37 corrumpitur
1074 965 118 37 illud
1140 965 52 37 vl

688 1000 125 42 timum,
775 1000 63 42 &
800 1000 88 42 fit
850 1000 125 42 aliud,
938 1000 75 42 &,
975 1000 88 42 cum
1025 1000 88 42 ita
1075 1000 100 42 sit,
1125 1000 75 42 ista

684 1040 125 51 propo
767 1040 97 51 est
823 1040 153 51 famosa,
934 1040 97 51 non
990 1040 125 51 vera.
1073 1040 83 51 Et
1101 1040 97 51 forte

687 1081 79 51 est
732 1081 123 51 dicitur
821 1081 56 51 a
844 1081 101 51 inter
911 1081 180 51 separationem
1057 1081 101 51 loci,
1124 1081 56 51 &
1136 1081 67 51 sepa

682 1119 145 52 rationem
791 1119 133 52 formae,
887 1119 60 52 &
911 1119 72 52 si
947 1119 133 52 vtraque
1032 1119 169 52 corrumpitur,

683 1161 144 52 quoniam
788 1161 170 52 corruptio
918 1161 131 52 formae
1010 1161 92 52 est
1049 1161 144 52 corruptio

681 1197 142 51 locati,
784 1197 64 51 &
810 1197 90 51 non
862 1197 168 51 sequitur,
991 1197 77 51 si
1029 1197 142 51 locatum
1120 1197 77 51 sepa

688 1237 117 53 ratur
766 1237 65 53 a
792 1237 104 53 loco
857 1237 130 53 absque
948 1237 91 53 eo,
999 1237 104 53 quod
1051 1237 156 53 corrumpar,

689 1273 68 52 vt
723 1273 102 52 locus
791 1273 147 52 separetur
904 1273 57 52 a
926 1273 113 52 locato
1006 1273 113 52 absque
1085 1273 79 52 eo,
1130 1273 91 52 quod

686 1322 208 40 corrumpat.
850 1322 104 40 Et,
909 1322 104 40 cum
969 1322 208 40 declarauit
1133 1322 104 40 mo

684 1345 107 49 dum,
750 1345 80 49 ex
790 1345 93 49 quo
843 1345 146 49 apparet
950 1345 107 49 quod
1017 1345 120 49 locus
1096 1345 93 49 non
1136 1345 67 49 est

683 1393 143 48 forma,
783 1393 72 48 &
812 1393 143 48 modum,
912 1393 86 48 ex
955 1393 100 48 quo
1013 1393 158 48 apparet
1113 1393 86 48 quod

679 1430 124 43 locus
762 1430 96 43 non
817 1430 96 43 est
871 1430 165 43 materia,
995 1430 137 43 dixit:
1091 1430 82 43 Et
1119 1430 82 43 exi-

687 1470 150 55 stimatur
799 1470 138 55 semper,
899 1470 88 55 &c.
949 1470 75 55 i.
987 1470 63 55 &
1012 1470 113 55 notum
1087 1470 88 55 est
1124 1470 75 55 quod

684 1510 127 49 illud,
773 1510 101 49 quod
836 1510 139 49 existit
937 1510 76 49 in
975 1510 114 49 loco,
1051 1510 114 49 aliud
1127 1510 89 49 est
1165 1510 38 49 a

681 1548 112 50 loco,
755 1548 62 50 &
780 1548 99 50 quod
842 1548 112 50 locus
916 1548 87 50 est
966 1548 112 50 aliud
1040 1548 112 50 extra
1102 1548 99 50 illuda

677 1587 103 42 sed
736 1587 148 42 forma,
840 1587 74 42 &
869 1587 162 42 materia
987 1587 103 42 non
1047 1587 118 42 sunt
1106 1587 103 42 aliud

684 1629 108 50 extra
756 1629 96 50 rem,
816 1629 96 50 quae
877 1629 84 50 est
925 1629 72 50 in
961 1629 108 50 loco,
1033 1629 84 50 sed
1082 1629 96 50 sunt
1130 1629 72 50 par-

688 1668 97 38 tes
744 1668 153 38 ipsius.
855 1668 97 38 Et,
911 1668 97 38 cum
966 1668 209 38 contradixit
1120 1668 84 38 huic

688 1709 160 39 opinioni
808 1709 80 39 ex
848 1709 107 39 ipsa
915 1709 94 39 re,
968 1709 160 39 incoepit
1075 1709 134 39 contradi

691 1754 87 40 cere
745 1754 65 40 ei
778 1754 130 40 secundum
876 1754 108 40 vocem,
952 1754 130 40 dicentem
1049 1754 65 40 &,
1082 1754 87 40 quia
1125 1754 76 40 talis

691 1786 167 40 contradictio
826 1786 125 40 scilicet
920 1786 84 40 quae
972 1786 73 40 est
1014 1786 125 40 secundum
1098 1786 104 40 sermonem

683 1821 90 53 non
734 1821 90 53 est
786 1821 192 53 necessaria,
940 1821 128 53 dixit,
1029 1821 90 53 sed
1081 1821 90 53 ops
1119 1821 90 53 dice-

677 1869 91 38 re,
729 1869 91 38 &c.
781 1869 78 38 i.
821 1869 91 38 sed
873 1869 144 38 oportet
977 1869 157 38 Platonem
1082 1869 117 38 dicere,
