1416 2066
160 164 150 38 accidens.
275 164 81 38 sed
321 164 150 38 quaelibet
436 164 138 38 grauitas
539 164 81 38 est
585 164 104 38 vnius
643 164 35 38 &

168 199 125 42 eiusdem
259 199 137 42 rationis
361 199 182 42 essentialis.
509 199 68 42 si
543 199 114 42 igitur
612 199 68 42 quod

165 229 88 36 vere
220 229 88 36 est,
275 229 99 36 nulli
341 229 132 36 accidit,
439 229 66 36 si
472 229 132 36 grauitas
571 229 55 36 &
582 229 99 36 leuitas

167 264 66 34 in
200 264 144 34 elementis
311 264 111 34 essent
388 264 111 34 formae
466 264 199 34 substantiales:
621 264 55 34 non

162 294 131 36 ligitur
258 294 119 36 essent
341 294 167 36 accidentia
472 294 72 36 in
508 294 131 36 mixtis.
592 294 84 36 Multa

171 325 108 37 etiam
243 325 96 37 alia
303 325 217 37 inconuenientia
484 325 133 37 dimirto
569 325 108 37 breuita

166 355 85 32 tis
214 355 121 32 causa.
299 355 85 32 nam
348 355 97 32 tunc
408 355 170 32 substantia
530 355 145 32 substantia

166 387 83 40 per
214 387 71 40 se
249 387 107 40 primo
320 387 225 40 coatrariaretur,
509 387 59 40 &
533 387 107 40 multa
592 387 83 40 huius

167 425 108 26 modi.
239 425 133 26 Dicamus
336 425 120 26 igitur
420 425 193 26 differentias
565 425 108 26 vltimas

161 453 155 32 corporum
277 453 181 32 simplicium
419 453 103 32 esse
484 453 116 32 nobis
548 453 129 32 ignotas,

159 484 64 31 &
185 484 231 31 circumloquimur
377 484 90 31 eas
428 484 90 31 per
480 484 103 31 suas
531 484 141 31 proprieta

170 518 92 29 tes.
228 518 58 29 &
251 518 81 29 hoc
297 518 161 29 colligitur
424 518 69 29 ex
458 518 150 29 sententia
562 518 115 29 Philoso-

170 542 85 40 phi
218 542 73 40 in
255 542 121 40 octauo
340 542 170 40 physicorum
473 542 73 40 in
509 542 109 40 textu
570 542 109 40 commen.

163 573 78 38 12.
207 573 78 38 vbi
252 573 100 38 habet
318 573 100 38 quod,
385 573 133 38 essentia
485 573 111 38 grauis
563 573 78 38 est
596 573 78 38 vbica

168 605 64 36 ri
200 605 138 36 inferius,
306 605 53 36 &
327 605 127 36 essentia
423 605 95 36 leuis
486 605 74 36 est
529 605 117 36 vbicari
603 605 74 36 supe-

166 638 108 31 rius.
238 638 60 31 &
262 638 108 31 tamen
334 638 120 31 supra.
418 638 84 31 36.
467 638 108 31 dixit
539 638 120 31 moueri
611 638 72 31 sur-

164 669 93 30 sum
217 669 66 30 &
243 669 146 30 deorsum
349 669 106 30 esse
416 669 159 30 actiones
535 669 146 30 grauium
641 669 66 30 &

167 698 113 41 leuium
246 698 158 41 naturales.
370 698 90 41 quod
427 698 79 41 non
472 698 181 41 contigisset,
607 698 68 41 nisi

166 732 107 29 esset
237 732 119 29 verum,
321 732 95 29 quod
380 732 143 29 diximus.
487 732 59 29 &
511 732 83 29 hoc
558 732 83 29 est
594 732 83 29 etiam

166 761 78 40 de
205 761 181 40 intentione
347 761 142 40 Auerro.
450 761 129 40 octauo
528 761 155 40 metaphysi-

171 796 111 31 corum
245 796 135 31 commen.
343 796 74 31 3.
380 796 74 31 &.
417 796 74 31 7.
454 796 172 31 metaphysi.
577 796 98 31 commen

176 829 79 30 Tt.
221 829 135 30 Grauitas
322 829 113 30 igitur
401 829 56 30 &
423 829 124 30 leuitas
513 829 90 30 sunt
558 829 124 30 differen-

163 853 100 35 tiae
225 853 125 35 circum
313 853 163 35 locutiuae
438 853 200 35 elementorum,
600 853 63 35 &
613 853 63 35 non

166 885 90 38 sunt
222 885 101 38 verae
290 885 113 38 formae
368 885 191 38 substantiales
526 885 135 38 illorum,
616 885 56 38 si-

163 924 104 35 cut
222 924 163 35 fingunt
341 924 178 35 Moderni.
474 924 163 35 Quomodo
578 924 104 35 autem

166 950 181 36 authoritas
308 950 168 36 Commenta.
437 950 77 36 in
476 950 142 36 secundo
579 950 77 36 de
605 950 77 36 ani-

164 981 69 45 ma
199 981 150 45 soluatur,
314 981 115 45 statim
395 981 127 45 patebit
487 981 69 45 in
522 981 138 45 sequenti
614 981 58 45 com

156 1012 161 38 tradictione.

198 1037 127 37 Tertia
287 1037 203 37 contradictio
452 1037 89 37 est
503 1037 76 37 in
541 1037 114 37 eodem
605 1037 76 37 com-

170 1071 93 36 men.
229 1071 105 36 Dicit
298 1071 163 36 grauitatem
426 1071 58 36 &
449 1071 151 36 leuitatem
566 1071 93 36 esse
612 1071 70 36 qua-

163 1105 129 33 litates
257 1105 176 33 tangibiles.
398 1105 152 33 Oppositum
515 1105 105 33 habet
574 1105 105 33 secundo

162 1136 73 34 de
198 1136 121 34 anima.
283 1136 133 34 commen.
380 1136 97 34 10b.
441 1136 85 34 vbi
489 1136 109 34 dicit
562 1136 97 34 quod
610 1136 73 34 sunt

163 1167 180 42 substantiae.
309 1167 68 42 &.
343 1167 68 42 3.
377 1167 158 42 metaphysi.
501 1167 124 42 commen.
591 1167 79 42 16.
625 1167 56 42 di-

170 1203 80 31 cit
215 1203 92 31 quod
273 1203 92 31 sunt
330 1203 183 31 quantitates.
479 1203 149 31 Soluitur.
582 1203 103 31 formali

171 1237 77 35 ter
215 1237 153 35 qualitates
335 1237 99 35 sunt,
401 1237 99 35 sicut
467 1237 99 35 dicit
522 1237 153 35 Philosophos.

169 1268 75 36 a.
206 1268 75 36 de
243 1268 199 36 generatione,
405 1268 62 36 &
430 1268 137 36 secundo
530 1268 75 36 de
555 1268 125 36 partibus

166 1299 155 31 animalium
285 1299 95 31 sunt
345 1299 191 31 substantiae,
500 1299 179 31 imitatione,
643 1299 60 31 &

159 1326 212 36 similitudine
331 1326 93 36 quo
384 1326 80 36 ad
424 1326 119 36 modum
504 1326 159 36 imutandi
610 1326 66 36 sen

158 1359 110 30 sum.
227 1359 96 30 Nam
282 1359 124 30 sicut
364 1359 192 30 substantia
515 1359 96 30 non
556 1359 124 30 immutat

163 1388 132 38 sensum,
259 1388 96 38 nisi
319 1388 180 38 mediantibus
463 1388 204 38 accidentibus,
619 1388 60 38 sic

168 1421 157 39 grauitas
286 1421 65 39 &
312 1421 144 39 leuitas
416 1421 92 39 non
469 1421 157 39 immutant
573 1421 105 39 sensum

167 1454 128 30 tactus,
260 1454 93 30 nisi
318 1454 139 30 mediante
423 1454 104 30 motu:
492 1454 58 30 &
516 1454 81 30 sic
550 1454 128 30 assimilan

164 1482 73 32 tur
205 1482 167 32 substantiae,
341 1482 52 32 &
362 1482 73 32 non
404 1482 84 32 sunt
456 1482 104 32 illae,
529 1482 73 32 sed
571 1482 94 32 sicut
623 1482 52 32 il-

161 1513 83 33 lae.
212 1513 73 33 In.
254 1513 62 33 3.
285 1513 145 33 meraphysi.
399 1513 114 33 commen.
482 1513 73 33 16.
523 1513 93 33 dicit
586 1513 73 33 eas
617 1513 62 33 esse

163 1544 174 44 quantitates
303 1544 163 44 secundaria
431 1544 174 44 intentione,
570 1544 105 44 sicut
628 1544 47 44 ip

161 1575 67 36 se
194 1575 112 36 glosat
273 1575 90 36 ibi.
329 1575 79 36 nam
374 1575 157 36 diuiduntur
498 1575 90 36 eade
543 1575 135 36 diuisione,

162 1609 85 33 qua
210 1609 157 33 magnitudo
331 1609 169 33 diuiditur,
464 1609 109 33 iuxta
537 1609 109 33 illud
597 1609 73 33 Phi-

162 1639 137 34 losophi
261 1639 112 34 primo
336 1639 112 34 coeli
410 1639 75 34 in
447 1639 124 34 maiori
534 1639 124 34 quanto
609 1639 62 34 est

163 1671 101 35 maior
230 1671 124 35 virtus.
321 1671 101 35 tamen
388 1671 90 35 ipse
445 1671 68 35 in
478 1671 68 35 se
512 1671 90 35 sunt
557 1671 113 35 qualita.

161 1709 77 29 tes
205 1709 155 29 naturales.
327 1709 66 29 Et
360 1709 77 29 sic
404 1709 122 29 sedatur
481 1709 166 29 contradictio.

194 1733 121 40 Quarta
278 1733 193 40 contradictio
435 1733 85 40 est
484 1733 72 40 in
520 1733 97 40 com.
580 1733 85 40 i9.
617 1733 60 40 Di-

162 1764 90 38 cit
213 1764 115 38 rarum
290 1764 64 38 &
316 1764 128 38 densum
406 1764 103 38 esse
470 1764 192 38 qualitates.
611 1764 64 38 sed

166 1803 119 34 quarto
249 1803 119 34 physi.
332 1803 83 34 S9.
380 1803 95 34 dxit
439 1803 95 34 quod
499 1803 95 34 sunt
546 1803 119 34 quantita

160 1826 90 36 tes.
216 1826 180 36 Contradictio
363 1826 90 36 ista
419 1826 68 36 in
453 1826 113 36 quarto
532 1826 90 36 fuit
577 1826 90 36 soluta

159 1859 72 40 in
195 1859 155 40 commento.
314 1859 83 40 S4.
362 1859 95 40 ideo
421 1859 131 40 recurre
505 1859 95 40 illuc.

200 1890 131 46 Quinta
292 1890 210 46 contradictio
463 1890 92 46 est
515 1890 79 46 in
542 1890 131 46 commento

697 165 161 45 vigesimo.
821 165 112 45 Dicit
895 165 99 45 quod
957 165 149 45 scientia
1069 165 137 45 dignius
1156 165 62 45 est

697 205 74 31 vt
734 205 87 31 sit
783 205 74 31 ad
821 205 149 31 aliquid.
932 205 161 31 Oppositum
1056 205 112 31 dicit
1118 205 99 31 decimo

699 234 194 37 metaphysico.
857 234 231 37 vigesimosecundo
1051 234 61 37 &
1075 234 73 37 in
1100 234 109 37 praedi-

703 262 140 36 amentis,
808 262 81 36 vbi
855 262 105 36 habet
924 262 93 36 quod
982 262 81 36 sit
1029 262 151 36 qualitas.
1134 262 81 36 Solui

694 300 99 31 tur.
755 300 173 31 formaliter
891 300 148 31 qualitas
1003 300 99 31 est,
1065 300 62 31 &
1089 300 124 31 maxime
1164 300 49 31 in

696 329 123 36 nostro
782 329 185 36 intellectu.
930 329 74 36 ad
967 329 86 36 eam
1016 329 111 36 tamen
1078 329 135 36 consequi-

701 353 83 34 tur
749 353 131 34 relatio
844 353 71 34 ad
879 353 143 34 scibile.
986 353 83 34 23.
1022 353 190 34 metaphysicorum

697 386 96 34 29.
752 386 124 34 vtrum
835 386 124 34 autem
917 386 137 34 dictum
1013 386 192 34 Philosophi
1164 386 82 34 in

700 418 140 32 septimo
802 418 179 32 physicorum
943 418 102 32 tex.
1007 418 140 32 commen.
1096 418 115 32 vigesi-

694 451 93 31 mo,
747 451 67 31 &
774 451 93 31 sui
827 451 200 31 Commentato.
987 451 133 31 habeat
1080 451 120 31 locum
1146 451 67 31 se-

693 485 135 30 cundum
787 485 135 30 mentes
881 485 135 30 eorum,
975 485 94 30 vel
1029 485 162 30 secundum
1137 485 81 30 inen

699 515 80 31 tem
744 515 148 31 Platonis,
858 515 80 31 non
904 515 80 31 est
950 515 160 31 praesentis
1064 515 148 31 speculatio-

696 542 110 37 nis.
765 542 110 37 Alio
833 542 123 37 tamen
916 542 110 37 modo
984 542 137 37 potest
1066 542 151 37 declarari

698 575 152 34 scientiam
815 575 94 34 esse
874 575 70 34 in
909 575 141 34 capitulo
1015 575 176 34 relationis,
1144 575 70 34 tani

701 606 163 32 secundum
824 606 136 32 mentem
919 606 163 32 Platonis
1041 606 163 32 ponentis
1149 606 68 32 no-

694 634 111 40 strum
768 634 111 40 scire
842 634 99 40 esse
904 634 173 40 ieminisci,
1040 634 99 40 quam
1089 634 124 40 secundum

699 668 133 30 mentem
792 668 160 30 Auerrois
912 668 160 30 ponentis
1032 668 160 30 vnitatem
1152 668 93 30 in

698 701 154 30 tellectus
817 701 154 30 colligari
936 701 83 30 cum
983 701 202 30 intentionibus
1138 701 71 30 ima-

695 729 121 38 ginatis
783 729 66 38 in
816 729 187 38 intelligendo.
971 729 77 38 Sed
1015 729 88 38 ista
1070 729 143 38 pertinent
1169 729 44 38 ad

699 766 128 30 tertium
792 766 70 30 de
827 766 116 30 anima,
909 766 81 30 nec
955 766 81 30 est
1002 766 93 30 opus
1060 766 163 30 praesentis
1176 766 47 30 ne

703 794 122 37 pocil.
788 794 86 37 nam
837 794 147 37 sufficit
948 794 110 37 nobis
1021 794 159 37 magnifice
1131 794 86 37 Domi-

692 828 77 30 ne
731 828 77 30 in
769 828 116 30 istis
846 828 193 30 fragnientis
1001 828 193 30 intellectum
1142 828 77 30 tuum

699 856 68 34 ex
733 856 124 34 citare,
823 856 79 34 nec
868 856 90 34 opus
925 856 79 34 est
970 856 136 34 calcaria
1072 856 124 34 subdere
1151 856 68 34 spon

695 887 71 35 te
719 887 130 35 currenti.

681 925 567 46 SOLVTIONE
1074 925 131 46 S

756 963 295 48 contradictionum
1005 963 93 48 in
1036 963 124 48 dictis

815 1005 152 46 Arist.
921 1005 76 46 &
936 1005 152 46 Auerrois

762 1069 137 47 Super
853 1069 152 47 Octauo
944 1069 197 47 Physicorum.

809 1133 94 43 aes
862 1133 148 43 Noctauo
970 1133 135 43 physi.
1065 1133 148 43 commen.
1159 1133 54 43 1.

860 1169 85 43 est
908 1169 193 43 contradictio
1065 1169 72 43 de
1089 1169 121 43 opinione

864 1200 174 34 Anaxagorae,
1004 1200 70 34 &.
1039 1200 70 34 i.
1074 1200 116 34 physi.
1143 1200 70 34 com.

862 1231 82 37 12.
909 1231 82 37 Sed
956 1231 93 37 quia
1014 1231 70 37 in
1049 1231 105 37 primo
1107 1231 105 37 physic.

853 1268 132 30 commen.
949 1268 84 30 32.
997 1268 96 30 fuit
1056 1268 132 30 soluta,
1140 1268 72 30 ideo

694 1301 85 30 non
743 1301 134 30 oportet
840 1301 85 30 eam
889 1301 85 30 hic
926 1301 134 30 repetere.

719 1326 138 35 Secunda
820 1326 201 35 contradictio
984 1326 88 35 est
1034 1326 75 35 in
1072 1326 138 35 commen.
1160 1326 50 35 4.

702 1356 103 38 Dicit
770 1356 126 38 Auerro.
861 1356 91 38 quod
918 1356 68 38 si
953 1356 126 38 materia
1044 1356 103 38 esset
1101 1356 114 38 denudata

693 1388 82 30 ab
734 1388 109 30 omni
803 1388 123 30 forma
885 1388 96 30 non
939 1388 137 30 posset
1035 1388 123 30 aliam
1104 1388 109 30 formam

698 1421 164 42 recipere.
825 1421 114 42 Huius
901 1421 164 42 oppositum
1027 1421 139 42 videtur
1116 1421 101 42 quinto

698 1450 176 32 physicorum
837 1450 101 32 tex.
900 1450 139 32 commen.
1001 1450 126 32 octauo
1089 1450 88 32 vbi
1127 1450 88 32 dici-

693 1481 90 34 tur
745 1481 103 34 quod
809 1481 155 34 materia,
926 1481 155 34 secundum
1042 1481 103 34 quod
1107 1481 90 34 est
1145 1481 65 34 ens

696 1512 72 43 in
732 1512 97 43 pura
792 1512 157 43 potentia,
913 1512 85 43 est
961 1512 157 43 subiectum
1070 1512 145 43 receptiuum

689 1548 141 31 formae,
791 1548 102 31 quae
855 1548 89 31 per
906 1548 204 31 generationem
1060 1548 153 31 inducitur.

694 1576 132 34 Aliqui
786 1576 79 34 ex
826 1576 172 34 Antiquis,
959 1576 106 34 quos
1025 1576 119 34 multi
1091 1576 119 34 Moderni

692 1607 187 35 imitantur,
838 1607 133 35 tenent
932 1607 133 35 formam
1012 1607 200 35 corporeitatis

698 1641 75 34 de
735 1641 174 34 intentione
872 1641 137 34 Auerro.
971 1641 62 34 &
996 1641 87 34 sic
1045 1641 137 34 tenendo
1132 1641 75 34 viam

698 1672 111 35 istam
772 1672 160 35 diceretur
895 1672 99 35 quod
956 1672 160 35 Commenta.
1080 1672 111 35 dixit
1141 1672 62 35 hic

695 1709 114 35 quod,
771 1709 76 35 si
810 1709 140 35 materia
911 1709 114 35 esset
987 1709 152 35 denudata
1101 1709 76 35 ab
1127 1709 76 35 omni

690 1736 119 29 forma,
774 1736 60 29 &
797 1736 155 29 praecipue
917 1736 60 29 a
941 1736 107 29 forma
1012 1736 95 29 ista
1060 1736 143 29 corporeita

695 1766 82 36 tis
742 1766 71 36 de
778 1766 200 36 praedicamento
942 1766 188 36 substantiae,
1095 1766 94 36 tunc
1142 1766 71 36 vti-

697 1802 83 36 que
745 1802 83 36 non
792 1802 119 36 posset
875 1802 107 36 aliam
946 1802 154 36 recipere:
1065 1802 107 36 quia.
1124 1802 83 36 talis

690 1828 108 32 forma
762 1828 84 32 est
810 1828 180 32 necessaria,
955 1828 84 32 tum
1003 1828 108 32 quia,
1075 1828 72 32 vt
1099 1828 108 32 dicunt,

699 1863 109 27 pmnes
771 1863 121 27 formae
856 1863 169 27 aeducuntur
989 1863 72 27 de
1025 1863 145 27 potentia
1121 1863 85 27 eius,

689 1888 83 33 tum
737 1888 95 33 quia
796 1888 83 33 est
844 1888 166 33 dispositio
974 1888 143 33 materiae
1081 1888 71 33 ad
1117 1888 95 33 hoc,
1164 1888 48 33 vt
