1416 2066
162 180 103 58 cere,
230 180 68 58 i.
264 180 91 58 quod
321 180 114 58 lineae
401 180 126 58 tangunt
492 180 91 58 sese
550 180 103 58 super
607 180 68 58 pum-

171 217 109 49 ctum,
243 217 60 49 &
268 217 85 49 non
316 217 85 49 est
364 217 85 49 ita
413 217 73 49 in
449 217 181 49 vnitatibus.
594 217 73 49 Et
619 217 60 49 si-

164 261 166 50 militer
285 261 166 50 exponit
405 261 181 50 Themist.
541 261 121 50 hunc
602 261 75 50 lo-

173 295 98 51 cum.
234 295 62 51 &
259 295 111 51 Alex.
333 295 135 51 exponit
431 295 86 51 hic
480 295 123 51 tactum
566 295 86 51 pro
603 295 74 51 su

166 341 215 44 perpositioe.
340 341 107 44 D.d.
407 341 67 44 &
434 341 121 44 inter
515 341 148 44 puncta,
609 341 67 44 &c.

178 375 60 43 &
202 375 96 43 haec
262 375 84 43 est
311 375 145 43 dicitura
419 375 96 43 vera
479 375 108 43 inter
552 375 133 43 puncta,
636 375 36 43 &

176 413 121 45 vnitates
267 413 121 45 scilicet
357 413 111 45 quoniam
438 413 91 45 inter
499 413 131 45 vnitatem,
599 413 50 45 &
610 413 61 45 vni-

176 453 115 47 tatem
253 453 90 47 non
304 453 90 47 est
356 453 154 47 aliquid,
471 453 64 47 &
497 453 115 47 inter
561 453 115 47 punctum

180 486 50 52 &
200 486 110 52 punctum
280 486 70 52 est
320 486 100 52 linea.
390 486 50 52 &
410 486 80 52 ideo
460 486 110 52 dicitur
540 486 80 52 quod
580 486 100 52 dicitura

176 525 82 50 est
223 525 106 50 inter
294 525 153 50 vnitatem,
411 525 59 50 &
435 525 141 50 punctum:
541 525 106 50 licet
600 525 82 50 vtrum

175 564 78 45 que
220 564 78 45 sit
264 564 123 45 aliquid
354 564 190 45 indiuisibile.
511 564 56 45 &
533 564 78 45 est
578 564 90 45 quod
623 564 56 45 vni

173 599 93 50 tas
226 599 93 50 non
279 599 119 50 habet
358 599 132 50 situm,
450 599 66 50 &
477 599 145 50 punctus
569 599 106 50 habet:

181 639 111 43 quia
250 639 97 43 est
306 639 83 43 in
347 639 138 43 aliquo
444 639 111 43 loco
513 639 152 43 demrato
610 639 69 43 li-

173 674 131 40 neae,
261 674 102 40 aut
319 674 175 40 extremo,
450 674 102 40 aut
508 674 146 40 medio.
596 674 87 40 D.d.

176 713 101 46 omnis
243 713 90 46 enim
299 713 101 46 linea
367 713 79 46 est
412 713 101 46 inter
479 713 79 46 duo
524 713 124 46 puncta,
614 713 67 46 i.
636 713 45 46 1-

175 748 78 38 ter
220 748 145 38 quaelibet
331 748 78 38 duo
376 748 112 38 puncta
454 748 78 38 est
499 748 112 38 linea,
566 748 112 38 secundum

184 787 92 47 per
236 787 131 47 puncta
328 787 105 47 sunt
394 787 131 47 vltima
486 787 144 47 lineae.
591 787 79 47 Et
617 787 66 47 di-

180 827 83 45 xit,
231 827 62 45 vt
262 827 83 45 mihi
314 827 114 45 videtu,
397 827 83 45 quod
448 827 93 45 inter
510 827 103 45 puncta
583 827 83 45 pont
624 827 62 45 esse

185 860 137 51 aliquid,
287 860 91 51 quia
344 860 137 51 dicentes
447 860 114 51 puncta
526 860 103 51 esse,
583 860 103 51 hiasunt

182 901 81 46 pro
229 901 150 46 possibili
344 901 104 46 inter
413 901 92 46 illa
471 901 81 46 non
517 901 92 46 esse
564 901 115 46 aliquid:

178 943 81 42 sed
225 943 81 42 non
271 943 116 42 negant
352 943 81 42 hoc
398 943 93 42 esse
456 943 162 42 possibile,
584 943 104 42 sicut
642 943 46 42 ne

179 978 120 45 gauit
258 978 120 45 ipsum
338 978 80 45 de
378 978 199 45 vnitatibus.
538 978 80 45 Et
564 978 120 45 videtur

181 1014 113 42 mihi
251 1014 113 42 quod
322 1014 155 42 induxit
435 1014 184 42 conuersam
562 1014 113 42 propo-

180 1049 67 42 nis
219 1049 124 42 intentae,
314 1049 115 42 scilicet
400 1049 115 42 dicentis
486 1049 76 42 quod
534 1049 86 42 inter
582 1049 105 42 quaelibet

178 1087 95 50 duo
233 1087 136 50 puncta
328 1087 95 50 est
383 1087 136 50 linea,
478 1087 109 50 quia
547 1087 136 50 nondum
628 1087 55 50 ap

176 1125 154 47 paruit.
288 1125 70 47 &
316 1125 168 47 conuersa
443 1125 112 47 eius
513 1125 98 47 est
555 1125 126 47 manife-

179 1165 87 49 sta,
234 1165 55 49 &
255 1165 76 49 est
299 1165 87 49 quod
354 1165 98 49 omnis
419 1165 98 49 linea
485 1165 76 49 est
528 1165 98 49 inter
594 1165 76 49 duo
626 1165 55 49 pum

181 1197 81 45 cta.
232 1197 122 45 quoniam,
323 1197 71 45 cum
363 1197 142 45 concedatur
475 1197 81 45 quod
526 1197 91 45 omnis
587 1197 91 45 linea
637 1197 51 45 est

178 1236 117 46 inter
256 1236 91 46 duo
308 1236 142 46 puncta,
411 1236 194 46 conuertetur
554 1236 129 46 particu-

179 1273 113 41 laris
255 1273 101 41 sic,
318 1273 101 41 quod
381 1273 113 41 inter
456 1273 126 41 aliqua
545 1273 88 41 duo
582 1273 101 41 puncta

184 1311 68 49 est
223 1311 98 49 linea.
292 1311 49 49 &
311 1311 98 49 etiam,
379 1311 68 49 cum
418 1311 137 49 concedatur
526 1311 78 49 quod
574 1311 88 49 omnis
623 1311 49 49 li-

181 1356 92 42 nea
233 1356 92 42 est
286 1356 118 42 inter
365 1356 92 42 duo
417 1356 144 42 puncta,
509 1356 171 42 declarabitu

184 1389 94 50 quod
243 1389 106 50 inter
314 1389 153 50 quaelibet
431 1389 82 50 duo
478 1389 118 50 puncta
549 1389 129 50 possibile

186 1423 72 52 est
227 1423 62 52 vt
258 1423 72 52 sit
299 1423 103 52 linea,
371 1423 123 52 quoniam,
463 1423 62 52 si
494 1423 103 52 fuerit
556 1423 123 52 impossbie,

183 1467 81 38 non
230 1467 93 38 erit
288 1467 104 38 verum
357 1467 116 38 dicere
439 1467 93 38 quod
496 1467 104 38 omnis
566 1467 104 38 linea
624 1467 58 38 est

182 1500 94 38 mter
241 1500 82 38 duo
288 1500 129 38 puncta.
381 1500 140 38 quoniam,
486 1500 82 38 cum
533 1500 117 38 fuerit
603 1500 82 38 verum

188 1537 76 41 hoc
232 1537 130 41 scilicet
329 1537 87 41 quod
384 1537 98 41 nulla
449 1537 76 41 duo
492 1537 109 41 puncta
568 1537 98 41 sunt,
623 1537 54 41 in-

187 1572 78 49 ter
231 1572 89 49 quae
287 1572 78 49 est
331 1572 111 49 linea,
409 1572 89 49 erit
464 1572 89 49 vera
520 1572 133 49 conuersa
608 1572 67 49 eius

182 1612 96 38 duda
242 1612 96 38 est,
302 1612 108 38 nulla
375 1612 108 38 linea
447 1612 84 38 est
495 1612 108 38 inter
568 1612 84 38 duo
604 1612 72 38 pun-

183 1648 105 50 cta,
248 1648 105 50 quod
314 1648 92 50 est
366 1648 131 50 falsum
458 1648 184 50 manifeste.
602 1648 66 50 &
615 1648 66 50 hoc

183 1686 87 50 est
232 1686 99 50 apud
294 1686 74 50 me
331 1686 124 50 illud,
417 1686 99 50 quid
479 1686 148 50 intendit
578 1686 99 50 Arist.

183 1727 207 44 quapropter
346 1727 162 44 dimisit
464 1727 118 44 hanc
523 1727 148 44 proponen

190 1761 67 43 &
216 1761 148 43 accepit
324 1761 189 43 conuersam:
473 1761 121 43 licet
540 1761 135 43 transla-

186 1799 84 51 tor
234 1799 156 51 existimet
354 1799 96 51 quod
414 1799 84 51 hic
462 1799 96 51 fuit
522 1799 108 51 error
594 1799 72 51 in
618 1799 60 51 li

699 173 112 45 bro
763 173 175 45 Graeco.
890 173 80 45 &
922 173 271 45 intelligendum
1129 173 96 45 est:

696 212 107 46 hic
757 212 107 46 per
818 212 169 46 lineam,
941 212 154 46 lineam
1033 212 154 46 finitam.

747 260 123 46 Quid
824 260 154 46 igitur
931 260 108 46 est
993 260 154 46 simul,
1100 260 77 46 &
1116 260 92 46 sepa

697 301 130 54 ratim,
788 301 78 54 et
827 301 104 54 quid
892 301 156 54 tangere,
1010 301 78 54 et
1049 301 104 54 quid
1101 301 104 54 inter,

699 346 79 48 et
738 346 106 48 quid
804 346 225 48 consequenter,
989 346 66 48 &
1016 346 106 48 quid
1069 346 145 48 contiguum

695 384 76 42 &
725 384 121 42 quid
801 384 212 42 continuum,
968 384 91 42 et
1013 384 152 42 quibus
1104 384 106 42 vnum-

695 427 166 56 quodque
816 427 136 56 horum
907 427 151 56 inest,
1012 427 151 56 dictum
1103 427 106 56 est,.

746 466 101 60 Et
797 466 118 60 iam
864 466 168 60 igitur
982 466 202 60 posuimus
1116 466 101 60 quid

700 512 101 59 est
757 512 116 59 esse
830 512 173 59 insimul,
959 512 87 59 et
1003 512 202 59 separatim,
1162 512 72 59 &

695 562 183 62 tangere,
832 562 76 62 &
862 562 152 62 inter,
969 562 76 62 &
1000 562 152 62 sequi,
1106 562 91 62 et
1137 562 76 62 se-

694 609 104 63 se,
753 609 74 63 &
783 609 208 63 continuum,
946 609 89 63 et
991 609 89 63 in
1035 609 148 63 quibus
1139 609 104 63 in

688 657 197 58 uenitur
831 657 269 58 vnumquodque
1029 657 161 58 istorum

742 709 161 53 Quoniam
859 709 88 53 ex
903 709 117 53 hoc,
976 709 117 53 quod
1035 709 175 53 declaratum

693 756 89 38 est
744 756 76 38 in
782 756 76 38 de
820 756 216 38 scriptionibus
999 756 153 38 istarum,
1100 756 102 38 decla-

699 786 163 40 rabitur
818 786 89 40 in
862 786 148 40 quibus
966 786 238 40 inueniuntur.
1145 786 59 40 Et

699 823 150 47 quaeret
808 823 164 47 aliquis,
931 823 205 47 quoniamesse
1081 823 123 47 insimul

690 861 111 52 est
753 861 190 52 tangere,
896 861 174 52 quoniam
1022 861 142 52 omiua
1101 861 111 52 conti

700 900 95 50 gua
755 900 109 50 sunt
823 900 163 50 insimul:
945 900 68 50 &
972 900 136 50 omnia,
1067 900 109 50 quae
1121 900 95 50 sunt,

703 936 159 52 insimul
818 936 87 52 in
861 936 130 52 loco,
948 936 116 52 sunt
1020 936 188 52 contigua:
1165 936 72 52 &

699 973 161 49 similiter
822 973 86 49 est
872 973 173 49 dispositio
1007 973 74 49 in
1044 973 111 49 sese.
1106 973 99 49 Dicem-

699 1015 90 48 dum
751 1015 90 48 est
802 1015 129 48 igitur
893 1015 129 48 adhuc,
983 1015 77 48 vt
1021 1015 155 48 videtur,
1125 1015 77 48 quod

697 1049 114 41 licet
773 1049 101 41 esse
836 1049 152 41 insimul,
950 1049 63 41 &
975 1049 139 41 tangere
1077 1049 101 41 sint
1127 1049 76 41 idem

701 1085 127 40 secundum
796 1085 148 40 subiectum,
913 1085 95 40 tamen
976 1085 84 40 sunt
1029 1085 74 40 duo
1071 1085 127 40 secundum
1155 1085 53 40 de-

696 1125 215 49 finitionem.
867 1125 157 49 quoniam
982 1125 115 49 esse
1054 1125 157 49 insimul
1154 1125 57 49 op

702 1160 170 51 ponitur
825 1160 93 51 ad
872 1160 124 51 esse
949 1160 155 51 solum:
1057 1160 77 51 &
1073 1160 139 51 tanvere

699 1190 99 60 non
755 1190 184 60 opponitur
897 1190 85 60 ad
939 1190 113 60 esse
1010 1190 141 60 solum,
1109 1190 99 60 sed
1151 1190 57 60 ad

701 1234 104 40 esse
766 1234 182 40 separatum.
909 1234 78 40 Et
948 1234 78 40 in
988 1234 195 40 definitione
1131 1234 78 40 eius

701 1273 95 48 non
756 1273 149 48 apparet
864 1273 136 48 locus,
959 1273 95 48 sed
1013 1273 81 48 in
1040 1273 163 48 definitio-

700 1312 81 50 ne
740 1312 122 50 eius,
821 1312 108 50 quod
889 1312 95 50 est
943 1312 108 50 esse
1010 1312 149 50 insimul
1105 1312 95 50 appa-

697 1348 94 39 ret
750 1348 134 39 locus.
844 1348 107 39 Sese
911 1348 121 39 autem
992 1348 175 39 separatur
1126 1348 67 39 a
1140 1348 67 39 com

697 1389 144 45 tiguo.
797 1389 158 45 quoniam
912 1389 115 45 sese
984 1389 100 45 est
1027 1389 172 45 contiguum,

703 1424 60 42 &
727 1424 145 42 sequens.
836 1424 60 42 &
860 1424 96 42 sese
920 1424 108 42 etiam
992 1424 121 42 potest
1077 1424 96 42 esse
1125 1424 72 42 cor-

701 1468 104 44 pus,
766 1468 65 44 &
792 1468 130 44 potest
883 1468 104 44 esse
948 1468 91 44 non
999 1468 143 44 corpus,
1103 1468 78 44 v.
1129 1468 78 44 gra.

697 1501 149 37 motus,
801 1501 104 37 aut
861 1501 164 37 tempus.
980 1501 134 37 motus
1069 1501 119 37 enim
1129 1501 74 37 est

695 1540 117 38 sese
768 1540 88 38 ad
812 1540 146 38 motum,
914 1540 73 38 &
943 1540 146 38 tempus
1046 1540 88 38 ad
1075 1540 131 38 tempus.

697 1578 105 39 sed
757 1578 149 39 tempus
861 1578 105 39 non
921 1578 149 39 tangit
1026 1578 164 39 tempus:
1130 1578 75 39 quo

698 1613 124 49 niam
775 1613 185 49 contigua
914 1613 216 49 necessario
1084 1613 124 49 sunt
1145 1613 62 49 ma

699 1653 201 46 gnitudines.
859 1653 67 46 a
886 1653 80 46 in
926 1653 201 46 naturalibus
1087 1653 107 46 vero
1140 1653 67 46 est

695 1693 169 37 corpus,
818 1693 92 37 in
864 1693 247 37 mathematicis
1064 1693 139 37 autem
1141 1693 62 37 po

704 1725 103 45 test
768 1725 103 45 esse
832 1725 128 45 linea,
922 1725 90 45 aut
973 1725 205 45 superficies.
1127 1725 77 45 bsed

700 1763 140 39 omne
787 1763 228 39 contiguum
962 1763 105 39 in
997 1763 210 39 mathemati-

696 1801 104 41 cis
756 1801 104 41 est
800 1801 179 41 continuum,
