1416 2066
175 181 151 49 existens.
292 181 116 49 Plato.
373 181 93 49 enim
431 181 105 49 dicit
501 181 93 49 quod
559 181 93 49 omne
606 181 93 49 mouens

180 218 87 49 se
223 218 101 49 est
281 218 188 49 aeternum:
426 218 72 49 &
455 218 130 49 anima
542 218 116 49 apud
600 218 101 49 ipsum

185 256 88 42 est
236 256 164 42 aeternum.
362 256 88 42 Et,
412 256 101 42 quia
475 256 101 42 ista
526 256 176 42 perscrutatio

191 301 136 32 magis
281 301 181 32 pertinet
417 301 91 32 ad
447 301 257 32 perserutationem

191 333 71 38 de
227 333 119 38 anima,
310 333 71 38 d.
345 333 95 38 quod
405 333 83 38 non
452 333 119 38 intrat
535 333 95 38 modo
582 333 119 38 sermonon

190 368 105 53 hunc.
260 368 58 53 &
283 368 140 53 intendit
388 368 93 53 quod
446 368 93 53 ista
504 368 186 53 perscrutatio
644 368 58 53 est

185 407 103 44 alia
249 407 77 44 ab
288 407 116 44 illa.
365 407 77 44 Et
404 407 77 44 in
443 407 103 44 lib.
507 407 64 44 a
533 407 90 44 quo
571 407 129 44 extraxi-

192 445 121 45 verbum
277 445 134 45 Aristo.
374 445 134 45 inuenit
471 445 109 45 talem
544 445 146 45 litteram
641 445 61 45 ssi

191 483 121 52 autem
271 483 201 52 vnumquodque
432 483 188 52 mouentium,
579 483 107 52 quae
633 483 67 52 non

186 519 156 54 mouentur,
306 519 120 54 fuerit
390 519 132 54 aliquid
487 519 156 54 aeternum,
607 519 72 54 no
643 519 84 54 in¬

189 557 112 52 trat
259 557 112 52 hunc
329 557 168 52 sermone.
455 557 84 52 i.
497 557 168 52 quaerere
609 557 98 52 autem

193 601 110 34 vtrum
266 601 85 34 vna
315 601 146 34 animarum
425 601 85 34 sit
473 601 146 34 aeterna,
583 601 85 34 aut
620 601 85 34 omnes

187 629 105 56 sint
252 629 209 56 generabiles,
422 629 65 56 &
449 629 235 56 corruptibiles,
632 629 65 56 non

194 669 133 47 ptinet
287 669 80 47 ad
327 669 107 47 hunc
394 669 133 47 locum.
487 669 67 47 &
513 669 93 47 hoc
567 669 93 47 est
607 669 93 47 quasi

190 716 104 42 melius:
265 716 104 42 quoniam
341 716 104 42 quaedam
416 716 94 42 partes
482 716 94 42 animae
548 716 94 42 vindit
614 716 75 42 esse
652 716 47 42 ge-

180 747 194 39 nerabiles,
333 747 69 39 &
361 747 250 39 corruptibiles:
569 747 97 39 sed
611 747 83 39 dubi

189 783 105 43 tatur
260 783 70 43 de
295 783 82 43 eis
342 783 70 43 in
377 783 129 43 motore,
470 783 82 43 qui
517 783 129 43 dicitur
599 783 94 43 intel-

189 822 145 36 lectus.
294 822 79 36 Et
334 822 79 36 in
373 822 92 36 li.
426 822 171 36 Themistil
544 822 145 36 inuenimus

192 861 89 37 loco
248 861 123 37 istius,
337 861 123 37 quoniam
426 861 100 37 autem
493 861 89 37 omne
548 861 134 37 aeternum
637 861 56 37 mo-

195 898 94 40 uet,
254 898 94 40 ita,
313 898 94 40 quod
372 898 71 40 no
407 898 141 40 mouetur,
513 898 82 40 non
560 898 118 40 intrat
630 898 71 40 hunc

193 935 177 46 sermonen.
330 935 68 46 &
357 935 95 46 est
411 935 150 46 tertius
520 935 123 46 sermo
602 935 68 46 a
616 935 68 46 pdi

190 971 107 51 ctis.
262 971 95 51 D.d.
321 971 95 51 Qnam
381 971 107 51 autem
452 971 131 51 necesse
548 971 95 51 est,
608 971 83 51 &c.
643 971 48 51 i.

195 1013 125 43 quoniam
285 1013 102 43 autem
354 1013 125 43 necesse
444 1013 79 43 est
490 1013 68 43 vt
524 1013 79 43 sit
569 1013 79 43 hic
603 1013 91 43 motor,

195 1052 85 45 qui
243 1052 85 45 non
292 1052 134 45 mouetur
389 1052 158 45 absolutus
511 1052 73 45 ab
547 1052 97 45 omni
596 1052 97 45 trans-

197 1086 129 44 mutatione
297 1086 139 44 simposciur
406 1086 120 44 scilicet
496 1086 169 44 esentialiter,
635 1086 50 44 &
645 1086 50 44 ac-

192 1125 227 45 cidentaliter,
379 1125 93 45 qui
432 1125 120 45 mouet
512 1125 147 45 aliquid
606 1125 93 45 aliud

185 1165 144 51 semper:
290 1165 65 51 &
316 1165 92 51 est
368 1165 131 51 primum
460 1165 118 51 motum
538 1165 78 51 ab
577 1165 118 51 ipso,
643 1165 52 51 vt

194 1202 178 52 declaratum
334 1202 89 52 est
385 1202 64 52 a
411 1202 153 52 pdictis,
525 1202 64 52 &
538 1202 153 52 declarabit

187 1240 84 53 eEt
235 1240 84 53 hoc
283 1240 108 53 modo.
355 1240 72 53 Et
391 1240 168 53 intendebat
523 1240 84 53 per
571 1240 96 53 hoc,
619 1240 72 53 quid

193 1279 121 50 dixit,
277 1279 133 50 aliquid
374 1279 121 50 aliud,
458 1279 96 50 quid
518 1279 72 50 in
554 1279 72 50 se
591 1279 84 50 non
627 1279 60 50 mo-

175 1317 107 49 uetur
247 1317 143 49 motorem,
354 1317 83 49 qui
401 1317 83 49 non
449 1317 143 49 mouetur,
556 1317 83 49 qui
604 1317 83 49 est
639 1317 48 49 al

191 1357 100 46 tera
253 1357 125 46 duarum
340 1357 137 46 partium
440 1357 100 46 moti
502 1357 75 46 ex
539 1357 87 46 se.
589 1357 75 46 Et
627 1357 87 46 in¬

191 1401 123 35 tendit
277 1401 86 35 per
326 1401 98 35 hoc,
388 1401 98 35 quid
449 1401 123 35 dixit:
535 1401 160 35 absolutum
646 1401 49 35 ab

193 1433 99 41 omni
255 1433 236 41 transimutatioe,
453 1433 99 41 quid
515 1433 87 41 non
565 1433 136 41 accidit
651 1433 50 41 ei

194 1477 139 44 aliquis
295 1477 114 44 modus
371 1477 252 44 transmutationis,
585 1477 88 44 nec
623 1477 76 44 gene

192 1516 137 42 ratio,
288 1516 96 42 nec
343 1516 192 42 corruptio,
493 1516 96 42 nec
534 1516 151 42 alteratio

189 1548 98 53 nec
245 1548 224 53 augmentatio,
427 1548 98 53 nec
482 1548 196 53 diminutio,
622 1548 70 53 nec

196 1589 97 44 motus
261 1589 129 44 iocalis.
358 1589 75 44 Et,
401 1589 75 44 cum
444 1589 65 44 d.
476 1589 183 44 simpeirsilur,
626 1589 54 44 &
637 1589 54 44 per

194 1620 136 52 accidens,
298 1620 94 52 forte
361 1620 125 52 intendit
454 1620 73 52 per
496 1620 157 52 simpiecitur
611 1620 73 52 illud

200 1664 83 43 quod
252 1664 73 43 est
293 1664 115 43 commune
377 1664 73 43 ei,
419 1664 83 43 quid
471 1664 73 43 est
513 1664 188 43 essentialiter,
659 1664 31 43 &

190 1706 83 33 ei,
238 1706 95 33 quod
297 1706 83 33 est
344 1706 225 33 accidentaliter.
522 1706 166 33 tramsmutatio

193 1734 85 44 enim
246 1734 158 44 simpericitr
373 1734 137 44 diuiditur
479 1734 63 44 in
510 1734 190 44 essentialiter,
658 1734 32 44 &

194 1773 214 50 accidentaliter.
374 1773 56 50 &
396 1773 135 50 secundum
498 1773 90 50 hanc
554 1773 124 50 exponem
633 1773 56 50 di-

187 1812 103 38 xit
246 1812 265 38 rememorationem
467 1812 88 38 de
511 1812 147 38 altero
599 1812 88 38 duo

720 181 93 45 rum
773 181 160 45 modorum,
893 181 80 45 in
933 181 107 45 quos
999 181 173 45 diuiditur
1119 181 120 45 transmu

718 220 92 38 tatio
779 220 163 38 simperisitu,
912 220 51 38 &
932 220 102 38 tacuit
1004 220 122 38 reliquum
1095 220 122 38 scilicet
1177 220 51 38 pro

715 261 142 46 palauit
818 261 129 46 modum,
909 261 90 46 qui
960 261 90 46 est
1012 261 90 46 per
1063 261 168 46 accidens,
1192 261 64 46 &

719 304 136 30 tacuit
815 304 136 30 modum,
910 304 95 30 qui
964 304 95 30 est
1005 304 218 30 essentialiter.

722 332 62 51 Et
753 332 93 51 forte
815 332 124 51 intendit
908 332 72 51 per
949 332 176 51 simpeiricitur
1084 332 134 51 essentiali-

717 366 90 45 ter.
773 366 181 45 Transmutatio
920 366 90 45 enim
977 366 192 45 simpercicitur
1135 366 79 45 est
1169 366 56 45 es-

719 406 185 44 sentialis,
864 406 93 44 cum
917 406 93 44 sit
970 406 212 44 transmutatio
1129 406 93 44 vera:

721 444 179 38 transmutatio
866 444 101 38 autem
934 444 78 38 non
979 444 202 38 simpeircicitur
1147 444 78 38 est
1180 444 45 38 ac

722 481 150 41 cidentalis.
842 481 160 41 simpericilut
972 481 80 41 enim
1023 481 110 41 dicitur
1103 481 60 41 de
1123 481 100 41 transmu-

719 518 119 44 tatione
806 518 65 44 in
838 518 162 44 substantia:
968 518 76 44 non
1011 518 184 44 simpesciuitur
1152 518 65 44 vero

714 557 79 49 de
753 557 278 49 transmutationibus
992 557 185 49 caeterorum
1124 557 93 49 pdica

715 596 147 52 mentorum.
828 596 68 52 Et
862 596 136 52 intendit
964 596 79 52 per
1009 596 91 52 hoc,
1066 596 91 52 quod
1122 596 68 52 d.
1145 596 68 52 quod

714 633 106 41 mouet
785 633 130 41 aliquid
880 633 118 41 aliud,
963 633 130 41 partem,
1057 633 95 41 quae
1116 633 83 41 est
1152 633 59 41 pri

716 677 82 45 mum
763 677 118 45 motum,
846 677 94 45 quid
905 677 82 45 est
952 677 130 45 secunda
1046 677 94 45 pars
1105 677 106 45 primi
1164 677 47 45 mo

713 716 77 34 ti
752 716 77 34 ex
790 716 90 34 se.
842 716 90 34 Et,
893 716 90 34 cum
945 716 129 34 voluit
1035 716 90 34 hoc
1073 716 142 34 declarare

717 749 92 44 alio
775 749 92 44 modo
833 749 58 44 a
856 749 127 44 pdicto,
949 749 69 44 d.
983 749 127 44 Ponatur
1076 749 116 44 igitur
1145 749 58 44 quo

712 781 79 45 hoc
757 781 79 45 sit
802 781 147 45 possibile
915 781 68 45 in
949 781 158 45 quibusdam,
1073 781 79 45 &c.
1119 781 68 45 i.
1152 781 57 45 &
1164 781 45 45 po

712 823 91 50 natur
772 823 81 50 quod
823 823 182 50 quaedamistorum
974 823 141 50 mouentium,
1085 823 81 50 quae
1135 823 71 50 non
1166 823 40 50 mo

717 860 99 46 uentu,
786 860 138 46 iueniantur
895 860 138 46 quandoque,
1004 860 49 46 &
1023 860 128 46 quandoque
1122 860 79 46 non,
1162 860 49 46 non

717 897 117 53 secundum
805 897 88 53 modum
864 897 78 53 quod
912 897 137 53 generantur
1020 897 127 53 quandoque
1108 897 107 53 essentia-

711 935 120 51 liter,
795 935 84 51 aut
843 935 193 51 corrupuntur,
1000 935 84 51 cum
1048 935 84 51 non
1097 935 96 51 sint
1145 935 72 51 cor-

715 978 96 40 pora,
779 978 75 40 sed
822 978 128 40 secundum
918 978 85 40 quod
971 978 96 40 esse,
1036 978 53 40 &
1057 978 75 40 non
1100 978 85 40 esse
1142 978 75 40 eorum

718 1008 132 54 sequitur
817 1008 110 54 illud,
894 1008 88 54 quid
949 1008 154 54 generatur,
1071 1008 55 54 &
1082 1008 143 54 corrumpitur

717 1049 222 42 essentialiter.
901 1049 74 42 Et
938 1049 86 42 cum
987 1049 148 42 narrauit
1098 1049 98 42 quod
1147 1049 62 42 hoc

709 1091 154 53 possibile
828 1091 83 53 est
875 1091 95 53 poni
934 1091 71 53 in
970 1091 154 53 quibusdam
1077 1091 130 53 motoribus

717 1127 90 51 qui
769 1127 90 51 non
820 1127 142 51 mouent,
923 1127 154 51 incoepit
1039 1127 142 51 narrare
1142 1127 103 51 quod

712 1164 69 40 hoc
752 1164 148 40 impossibile
870 1164 69 40 est
910 1164 59 40 vt
939 1164 69 40 sit
979 1164 59 40 in
1009 1164 119 40 omnibus,
1097 1164 119 40 scilicet
1176 1164 40 40 vt

710 1204 106 44 sint
776 1204 212 44 venerabilia,
948 1204 66 44 &
975 1204 225 44 corruptibilia
1147 1204 66 44 per

714 1231 143 60 accidens,
824 1231 55 60 &
846 1231 66 60 d.
879 1231 77 60 sed
923 1231 77 60 non
967 1231 77 60 est
1011 1231 154 60 possibile,
1132 1231 77 60 &c.
1165 1231 44 60 i.

710 1278 99 44 sed,
771 1278 74 44 si
809 1278 173 44 posuerimus
945 1278 111 44 omnia
1019 1278 161 44 mouentia,
1142 1278 99 44 quae
1192 1278 37 44 I

715 1315 81 50 non
762 1315 151 50 mouentur,
878 1315 93 50 esse
936 1315 116 50 talia,
1017 1315 81 50 non
1064 1315 93 50 erit
1110 1315 93 50 possi-

709 1356 113 52 bile.
785 1356 176 52 D.incoepit
923 1356 163 52 declarare
1049 1356 151 52 qualiter
1149 1356 63 52 est

707 1391 80 43 hoc
752 1391 172 43 impossibile
890 1391 69 43 in
925 1391 138 43 omnibus,
1028 1391 57 43 &
1051 1391 69 43 d.
1074 1391 138 43 manifestum

715 1430 63 52 em
746 1430 84 52 enim
798 1430 73 52 &c.
840 1430 63 52 i.
872 1430 115 52 apparet
956 1430 84 52 enim
1008 1430 94 52 rodoe
1071 1430 84 52 quod
1113 1430 94 52 necesse

705 1469 90 42 est
757 1469 77 42 vt
795 1469 90 42 sit
847 1469 90 42 hic
899 1469 142 42 aliquid
1002 1469 129 42 mouens
1092 1469 90 42 se,
1131 1469 77 42 ita,

706 1508 96 49 quod
766 1508 108 49 ipsum
838 1508 84 49 sit
886 1508 108 49 causa
958 1508 72 49 in
994 1508 96 49 hoc,
1054 1508 96 49 quod
1102 1508 108 49 quaedam

710 1545 142 45 mouentia
816 1545 71 45 se
852 1545 118 45 mouent
934 1545 165 45 quandoque,
1064 1545 59 45 &
1076 1545 130 45 quandoque

708 1581 92 45 non.
766 1581 58 45 &
789 1581 81 45 hoc
835 1581 92 45 erit
893 1581 139 45 secundum
997 1581 185 45 diuersitatem
1136 1581 69 45 suae

705 1621 237 53 dispositionis
900 1621 84 53 ad
942 1621 84 53 ea
984 1621 84 53 in
1012 1621 195 53 propinquita-

709 1667 71 39 te,
749 1667 50 39 &
769 1667 131 39 remotione
870 1667 101 39 tameum
941 1667 121 39 scilicet
1032 1667 60 39 in
1062 1667 91 39 loco.
1122 1667 71 39 Et,
1153 1667 60 39 quia

710 1699 95 47 ista
770 1699 131 47 positio
865 1699 83 47 non
912 1699 119 47 potost
996 1699 95 47 esse
1055 1699 71 47 in
1091 1699 83 47 eo,
1139 1699 95 47 quod

710 1735 107 55 mouet
781 1735 83 55 se,
829 1735 95 55 nisi
888 1735 83 55 sit
935 1735 130 55 corpus,
1030 1735 95 55 quod
1089 1735 95 55 enim
1149 1735 83 55 non

708 1781 77 43 est
752 1781 120 43 corpus,
839 1781 77 43 non
883 1781 131 43 mouetur,
981 1781 98 43 dedit
1047 1781 120 43 causam,
1124 1781 87 43 proper

716 1813 83 53 quam
768 1813 83 53 fuit
820 1813 83 53 ista
871 1813 114 53 positio
955 1813 125 53 possibis
1048 1813 125 53 scilicet
1131 1813 73 53 pone
