1416 2066
166 181 121 58 quidem
251 181 109 58 esse,
323 181 158 58 aliquando
445 181 109 58 autem
517 181 85 58 non
566 181 97 58 esse
614 181 73 58 omne

175 225 142 41 tale.
270 225 95 41 Et
318 225 253 41 principiorum
507 225 190 41 immobilium

179 265 150 51 quidem,
288 265 177 51 motiuorum
425 265 123 51 autem
507 265 150 51 quaedam
602 265 82 51 ali-

180 304 115 47 quando
260 304 115 47 quidem
340 304 103 47 esse,
409 304 149 47 aliquando
524 304 80 47 aut
570 304 80 47 non
605 304 80 47 esse.

171 349 180 38 contigat
306 349 75 38 &
336 349 120 38 hoc.
411 349 105 38 sed
470 349 180 38 nequaque
590 349 105 38 omnia

184 396 136 38 quidem
279 396 176 38 possibile
415 396 95 38 est
469 396 190 38 manifestum
605 396 81 38 enim

182 428 89 46 est,
238 428 89 46 quod
293 428 100 46 causa
360 428 123 46 quaedam
450 428 89 46 iis,
505 428 89 46 quae
561 428 89 46 ipsa
606 428 89 46 seipsa

177 479 162 35 mouent,
295 479 148 35 inest,
399 479 89 35 vt
443 479 192 35 aliquande
576 479 118 35 quidem

184 510 100 52 sint,
251 510 144 52 aliquando
362 510 100 52 autem
428 510 78 52 non
473 510 100 52 sint,
539 510 89 52 quod
595 510 89 52 enim
639 510 56 52 ip-

182 554 99 40 sum
238 554 156 40 seipsum
352 554 141 40 mouens
451 554 113 40 est,
521 554 113 40 omne
578 554 113 40 neces-

182 587 83 49 se
224 587 96 49 est
279 587 220 49 magnitudinem
457 587 151 49 habete,
567 587 83 49 si
595 587 96 49 nihil

186 632 160 46 mouetur
303 632 233 46 impartibile.
493 632 88 46 id
537 632 131 46 autem
609 632 88 46 quod

185 680 138 35 mouet,
282 680 125 35 nulla
365 680 125 35 neces
448 680 138 35 sitate
545 680 97 35 est
600 680 83 35 ex
628 680 69 35 di-

187 717 120 37 ctis.
267 717 93 37 Vvt
320 717 134 37 igitur
414 717 107 37 alia
480 717 134 37 quidem
560 717 134 37 generen-

179 756 132 45 tur,
262 756 132 45 alia
345 756 132 45 vero
427 756 281 45 corrumpantur,
642 756 50 45 &

186 796 101 39 hoc
243 796 101 39 sit
301 796 187 39 continue,
445 796 129 39 nulla
531 796 101 39 cam
588 796 101 39 est
631 796 58 39 im

189 844 187 37 mobilium
330 844 172 37 quidem,
455 844 109 37 non
517 844 156 37 semper
611 844 78 37 au-

191 877 96 45 tem
246 877 219 45 existentium.
424 877 123 45 neque
507 877 137 45 rursus
589 877 96 45 eorum

195 921 125 50 quae
273 921 156 50 semper
383 921 156 50 quidem
492 921 125 50 haec
554 921 141 50 mouent,

199 955 106 54 horum
270 955 106 54 autem
341 955 106 54 alia.
412 955 118 54 ipsius
494 955 94 54 enim
553 955 94 54 quid
601 955 94 54 semper

196 998 119 55 est,
270 998 74 55 &
300 998 178 55 continui
434 998 134 55 neque
508 998 193 55 vnumquedque

195 1039 161 53 ipsorum
313 1039 103 53 cam
371 1039 117 53 est,
445 1039 132 53 neque
533 1039 147 53 omnia.
621 1039 73 53 nam

193 1079 118 43 sic
260 1079 101 43 se
311 1079 168 43 habere
428 1079 235 43 perpetuum.
613 1079 84 43 &
630 1079 67 43 ex

186 1120 240 42 necessitate
378 1120 128 42 est.
459 1120 144 42 omnia
555 1120 144 42 autem
635 1120 64 42 in

193 1165 176 37 finita,
321 1165 80 37 &
353 1165 112 37 non
417 1165 144 37 simul
514 1165 144 37 omnia
594 1165 112 37 sunt.

235 1236 148 58 Vtrum
333 1236 115 58 aut
399 1236 264 58 vnumquodque,
597 1236 99 58 moue

194 1293 117 37 tium,
272 1293 104 37 quae
338 1293 91 37 non
390 1293 170 37 mouentur,
520 1293 91 37 sit
559 1293 144 37 aeternum,

201 1332 96 54 non
256 1332 96 54 est
311 1332 151 54 intrans
421 1332 110 54 modo
489 1332 82 54 ad
517 1332 178 54 propositum.

199 1373 137 64 Quoniam
298 1373 87 64 aut
348 1373 137 64 necesse
448 1373 87 64 est
498 1373 75 64 vt
535 1373 87 64 sit
585 1373 87 64 hic
622 1373 75 64 ali-

194 1420 128 54 quid,
279 1420 114 54 quod
350 1420 85 54 in
393 1420 85 54 se
436 1420 100 54 non
493 1420 100 54 sit
550 1420 142 54 motum,
649 1420 71 54 &

203 1469 108 54 sit
264 1469 201 54 absolutum
419 1469 93 54 ab
465 1469 124 54 omni
527 1469 170 54 transmuta

201 1513 129 49 tione
287 1513 230 49 simpliciter,
474 1513 72 49 &
502 1513 101 49 per
545 1513 144 49 accidens

198 1559 122 59 quod
274 1559 137 59 mouet
366 1559 168 59 aliquod
488 1559 153 59 aliud,
579 1559 122 59 decla-

194 1605 157 58 abitur
304 1605 110 58 hoc
367 1605 141 58 modo.
461 1605 173 58 Ponatur
571 1605 126 58 igitur

201 1653 95 62 hoc
256 1653 81 62 ee
296 1653 176 62 possibile
431 1653 81 62 in
472 1653 176 62 quibusdam
607 1653 81 62 vt
634 1653 68 62 sit

200 1700 175 62 quandoque,
338 1700 75 62 et
376 1700 75 62 no
413 1700 88 62 sit
463 1700 163 62 quadoque,
588 1700 100 62 sine
638 1700 63 62 ge-

195 1757 210 53 neratione,
360 1757 75 53 &
390 1757 240 53 corruptione.
571 1757 135 53 dignius

198 1793 89 57 est
249 1793 101 57 enim
312 1793 127 57 illud,
401 1793 101 57 quod
464 1793 76 57 no
502 1793 177 57 diuiditur,
629 1793 76 57 quam

712 181 91 62 do
757 181 151 62 fuerit
863 181 212 62 quandoque,
1030 181 76 62 &
1060 181 106 62 non
1106 181 136 62 fuerit,

708 229 194 63 quandoque,
860 229 83 63 vt
902 229 111 63 esse
971 229 194 63 cuiuslibet
1109 229 111 63 talis,

710 276 90 62 aut
762 276 90 62 non
813 276 103 62 esse
877 276 90 62 sit
929 276 193 62 necessariu,
1083 276 77 62 vt
1122 276 90 62 sit
1161 276 64 62 si-

711 325 93 62 ne
758 325 280 62 transmutatioe.
992 325 171 62 Ponatur
1101 325 125 62 igitur

707 373 119 61 quod
781 373 193 61 possibile
930 373 104 61 est
989 373 89 61 vt
1034 373 163 61 quaedam
1138 373 89 61 prin

714 421 130 53 cipia,
805 421 78 53 et
844 421 104 53 quid
909 421 104 53 sunt
974 421 91 53 non
1025 421 117 53 mota,
1103 421 91 53 sed
1142 421 91 53 sunt,

709 465 207 60 mouentia,
868 465 128 60 sint
948 465 223 60 quandoque,
1123 465 80 60 &
1139 465 96 60 qua-

712 508 114 63 doque
788 508 88 63 non
839 508 114 63 sint.
914 508 88 63 sed
965 508 88 63 non
1015 508 88 63 est
1066 508 164 63 possibile
1180 508 51 63 vt

709 557 88 65 oia
760 557 101 65 sint
823 557 126 65 talia.
911 557 164 65 manifestu
1037 557 88 65 est
1087 557 101 65 enim
1150 557 101 65 quod

710 604 90 67 hic
761 604 90 67 est
813 604 102 67 alia
877 604 77 67 ca
915 604 128 67 eorum,
1005 604 90 67 qui
1056 604 128 67 mouent
1145 604 77 67 se
1184 604 77 67 in

712 652 77 64 ee
751 652 115 64 eorum
827 652 166 64 quadoque,
955 652 77 64 et
993 652 77 64 no
1031 652 102 64 esse
1095 652 102 64 eoru
1146 652 77 64 qua-

719 698 113 57 doque,
798 698 90 57 omne
854 698 90 57 enim
910 698 101 57 moues
978 698 79 57 se,
1023 698 124 57 necesse
1113 698 79 57 est
1158 698 68 57 vt
1180 698 45 57 ha

715 741 114 61 beat
786 741 242 61 magnitudinem,
986 741 100 61 cum
1043 741 143 61 illud,
1142 741 114 61 quod
1199 741 43 61 V

708 788 107 47 non
769 788 214 47 diuiditur,
937 788 107 47 non
998 788 183 47 mouetur.
1120 788 107 47 motor

706 837 146 62 autem
803 837 113 62 non
868 837 194 62 sequitur
1013 837 162 62 aliquo
1127 837 97 62 mo
1159 837 65 62 vt

710 885 167 61 habeat
827 885 284 61 magnitudinem.
1062 885 167 61 Causa,
1162 885 67 61 ve

716 933 86 52 ro
759 933 86 52 in
802 933 115 52 hoc,
873 933 115 52 quod
945 933 158 52 quaedam
1045 933 172 52 generatur,

709 988 83 38 &
743 988 183 38 quaedam
876 988 283 38 corrumpuntur,
1109 988 100 38 et
1142 988 83 38 hoc

716 1024 112 58 esse
786 1024 196 58 perpetuum,
940 1024 98 58 non
995 1024 98 58 est
1051 1024 112 58 vnum
1107 1024 112 58 eorum,

719 1068 112 65 quae
789 1068 112 65 sunt
860 1068 84 65 no
902 1068 127 65 mota.
986 1068 98 65 sed
1042 1068 84 65 no
1084 1068 112 65 sunt
1141 1068 84 65 sem-

717 1116 96 62 per
772 1116 82 62 in
813 1116 110 62 esse
882 1116 124 62 mota,
964 1116 110 62 ita,
1033 1116 110 62 quod
1102 1116 110 62 ista
1156 1116 69 62 mo-

714 1164 149 46 ueant
814 1164 182 46 semper,
946 1164 83 46 &
979 1164 116 46 per
1045 1164 116 46 hoc
1095 1164 132 46 moueat

711 1200 133 58 alia.
800 1200 119 58 quod
874 1200 119 58 enim
948 1200 104 58 est
1008 1200 133 58 tale,
1097 1200 104 58 nec
1156 1200 104 58 non

719 1259 116 47 vnum
792 1259 146 47 huius,
894 1259 146 47 neque,
996 1259 131 47 omnia
1083 1259 131 47 erunt
1156 1259 73 47 cam

713 1308 88 55 rei
764 1308 164 55 perpetiae
890 1308 176 55 continuae.
1028 1308 101 55 ista
1091 1308 101 55 enim
1141 1308 101 55 dispo,

716 1348 143 63 sitio,
816 1348 171 63 secundum
944 1348 114 63 quam
1016 1348 114 63 sunt
1087 1348 129 63 ista,
1159 1348 71 63 est

716 1397 181 57 aeterna,
852 1397 75 57 &
882 1397 226 57 necessaria.
1063 1397 121 57 ista
1123 1397 106 57 autem

715 1443 140 62 omnia
809 1443 125 62 sunt
887 1443 203 62 infinita:
1043 1443 109 62 sed
1105 1443 109 62 non
1152 1443 78 62 om-

715 1492 104 54 nia
775 1492 178 54 existunt
893 1492 149 54 insimul.

751 1572 93 50 Cum
804 1572 186 50 declarauit
950 1572 106 50 quod
1016 1572 146 50 necesse
1123 1572 93 50 est
1176 1572 80 50 vt-

719 1613 104 37 sit
779 1613 104 37 hoc
838 1613 134 37 motum
927 1613 89 37 ex
972 1613 89 37 se
1017 1613 193 37 aeternum,
1151 1613 74 37 com

720 1649 171 42 positum
845 1649 93 42 ex
892 1649 171 42 motore,
1016 1649 109 42 qui
1079 1649 109 42 non
1126 1649 93 42 moue

720 1685 103 37 tur,
784 1685 64 37 &
810 1685 77 37 ex
849 1685 103 37 moto
913 1685 154 37 aeterno,
1028 1685 77 37 d.
1067 1685 116 37 Vtrum
1131 1685 90 37 autem

724 1722 174 41 vnumquodque,
865 1722 76 41 &c.
909 1722 54 41 &
930 1722 130 41 intendit
1028 1722 108 41 animas
1093 1722 130 41 animalium,

719 1759 83 48 qua
767 1759 95 48 sunt
826 1759 95 48 hic.
885 1759 107 48 istae
956 1759 95 48 enim
1016 1759 119 48 animae
1099 1759 130 48 mouent,
1193 1759 59 48 &

714 1802 100 39 non
771 1802 185 39 mouentur.
913 1802 71 39 &
942 1802 171 39 quaestio
1070 1802 86 39 in
1113 1802 100 39 eis
1156 1802 71 39 est
