1416 2066
136 180 121 62 hoc,
212 180 121 62 quod
288 180 121 62 modi
363 180 273 62 transmutatiois
576 180 91 62 com.

153 229 210 62 tradictorum
321 229 112 62 sint
391 229 196 62 contrarum,
545 229 98 62 aut
601 229 98 62 non

152 276 213 54 contrarum,
319 276 122 54 duin
395 276 106 54 hoc
456 276 137 54 solum
547 276 106 54 sit
593 276 76 54 im-

160 324 151 62 possibile
276 324 70 62 in
311 324 81 62 eis
358 324 139 62 scilicet
462 324 139 62 vtisimul
555 324 116 62 existant

153 373 79 67 in
192 373 131 67 eodem.
284 373 92 67 hoc
336 373 105 67 enim
402 373 79 67 no
441 373 170 67 indigetur
572 373 79 67 in
598 373 66 67 hoc

151 409 182 75 sermone.
287 409 106 75 Nec
348 409 136 75 etiam
439 409 197 75 indigetur
575 409 91 75 hoc,

149 462 139 68 cilicet
250 462 101 68 quod
313 462 88 68 non
364 462 88 68 est
414 462 189 68 necessarium
565 462 76 68 vt
590 462 76 68 gene

157 517 127 53 ratio
242 517 99 53 sit
298 517 85 53 in
340 517 254 53 cotradistorus.
552 517 99 53 Nec
594 517 71 53 hoc

162 561 148 57 etiam,
266 561 118 57 quod
340 561 237 57 transmutatio
532 561 104 57 est
576 561 89 57 con-

156 606 136 61 traria
252 606 150 61 quieti.
360 606 109 61 quod
428 606 109 61 enim
496 606 95 61 non
551 606 109 61 est,
605 606 68 61 di-

156 652 122 63 gnum
232 652 122 63 est,
308 652 91 63 vt
354 652 106 63 non
414 652 106 63 sit
475 652 198 63 possibile
612 652 61 63 vt

157 701 195 61 quiescat:
307 701 195 61 corruptio
456 701 135 61 autem
531 701 135 61 inducit

138 749 101 61 Mad
195 749 101 61 non
253 749 129 61 esse.
339 749 101 61 sed
396 749 144 61 illud,
497 749 101 61 quo
540 749 129 61 indige-

164 796 101 51 tur
221 796 87 51 in
265 796 101 51 hoc
322 796 173 51 sermone,
452 796 101 51 est
510 796 101 51 hoc
553 796 116 51 solum,

156 844 139 56 Lvtrum
253 844 125 56 inter
336 844 83 56 ea
378 844 97 56 fit
433 844 152 56 tempus.
530 844 139 56 quoniam,

157 889 88 57 si
201 889 102 57 hoc
260 889 161 57 fuerit,
377 889 219 57 impossibile
552 889 117 57 erit
611 889 58 57 vt

162 937 239 58 transmutatio
356 937 104 58 sit
416 937 194 58 continua.
550 937 119 58 nostra

160 981 103 61 enm
219 981 205 61 indigentia
380 981 88 61 in
424 981 146 61 primis
527 981 146 61 duabus
614 981 59 61 re

162 1029 100 61 bus
219 1029 100 61 non
276 1029 115 61 fuit
348 1029 86 61 ad
391 1029 258 61 contrarietate,
605 1029 100 61 sed

168 1077 83 60 ad
210 1077 111 60 hoc,
279 1077 111 60 quod
348 1077 207 60 impossibile
514 1077 97 60 est
569 1077 83 60 vt
597 1077 69 60 ex-

157 1125 135 58 stant
247 1125 180 58 insimul.
382 1125 90 58 Et
427 1125 105 58 non
487 1125 165 58 debemus
592 1125 75 58 per

164 1170 125 61 care
242 1170 171 61 propter
367 1170 125 61 hoc,
445 1170 125 61 quod
522 1170 125 61 idem
585 1170 93 61 erit

164 1218 199 64 cotrarium
317 1218 199 64 pluribus.
470 1218 123 64 v.g.
547 1218 123 64 quod
608 1218 61 64 mo

166 1265 104 60 tus
226 1265 104 60 est
285 1265 209 60 contrarius
449 1265 164 60 quieti,
569 1265 75 60 &
584 1265 89 60 con-

164 1313 163 57 trarius
283 1313 148 57 motui,
387 1313 104 57 qui
446 1313 104 57 est
506 1313 89 57 ad
535 1313 134 57 contra-

162 1359 139 59 rium:
254 1359 108 59 sed
316 1359 108 59 non
378 1359 170 59 debemus
502 1359 108 59 nos
548 1359 124 59 consy-

162 1404 129 62 derare
252 1404 77 62 in
291 1404 90 62 hoc
342 1404 103 62 solo
407 1404 154 62 scilicet
523 1404 180 62 quodammodo

177 1453 115 62 vno,
248 1453 86 62 et
292 1453 101 62 non
349 1453 144 62 quodam
450 1453 115 62 modo
521 1453 129 62 alio.
593 1453 72 62 mo-

167 1509 114 60 tus
232 1509 179 60 igitur,
362 1509 81 60 &
394 1509 146 60 quies
476 1509 195 60 opponuntur

164 1549 132 66 motui
253 1549 206 66 contrario,
414 1549 118 66 v.g.
488 1549 118 66 quod
547 1549 132 66 aequali

159 1605 137 53 tas,
245 1605 86 53 &
279 1605 275 53 temperamentu
485 1605 189 53 superabun

164 1645 197 57 dantiae,
311 1645 82 57 &
344 1645 263 57 diminutioni:
558 1645 82 57 &
574 1645 99 57 quod

164 1692 195 54 impossibile
320 1692 91 54 est
372 1692 78 54 vt
411 1692 91 54 sit
464 1692 156 54 insimul,
568 1692 104 54 neque,

168 1740 99 61 duo
224 1740 127 61 motus
309 1740 183 61 oppositi,
450 1740 141 61 neque,
549 1740 99 61 duo
591 1740 85 61 modi

168 1788 283 62 transmutationis
392 1788 164 62 oppositi.

714 178 185 39 Intendit
852 178 92 39 in
898 178 108 39 hoc
960 178 169 39 sermone
1068 178 123 39 decla-

678 217 121 42 rare,
758 217 108 42 quod
826 217 121 42 motus
906 217 202 42 successiui,
1068 217 94 42 qui
1108 217 81 42 inue

678 255 153 44 niuntur
790 255 84 44 in
831 255 126 44 eodem
915 255 126 44 moto,
999 255 98 44 qui
1055 255 112 44 sunt
1110 255 84 44 idem

682 297 145 49 genere,
787 297 66 49 &
814 297 145 49 diuersi
920 297 106 49 spe,
986 297 92 49 non
1038 297 106 49 sunt
1091 297 106 49 conti-

681 332 125 52 nui,
760 332 78 52 &
791 332 109 52 hoc
853 332 94 52 in
900 332 172 52 quatuor
1010 332 188 52 transmuta-

683 373 183 48 tionibus.
824 373 85 48 Et
866 373 113 48 ipse
937 373 169 48 incoepit
1050 373 155 48 declarare

684 409 95 40 hoc
739 409 81 40 in
779 409 136 40 tribus
874 409 163 40 illorum,
996 409 95 40 cum
1051 409 95 40 sit
1091 409 109 40 manife

689 448 95 42 stius
753 448 63 42 in
785 448 74 42 eis
827 448 127 42 scilicet
922 448 63 42 in
954 448 169 42 alteratione:
1091 448 53 42 &
1112 448 63 42 in
1134 448 63 42 quam

689 494 126 43 titate,
780 494 57 43 &
803 494 69 43 in
838 494 172 43 substantia,
975 494 92 43 quae
1033 494 126 43 dicitur
1113 494 92 43 venera

685 515 109 60 tio,
753 515 68 60 &
780 515 190 60 corruptio.
930 515 81 60 Et
970 515 136 60 fundat
1065 515 109 60 suum
1120 515 81 60 ser-

681 565 133 49 monem
770 565 133 49 super
859 565 163 49 quatuor
978 565 193 49 propones.
1111 565 89 49 Qua-

685 599 83 45 rum
733 599 107 45 prima
804 599 95 45 est,
863 599 95 45 quod
922 599 107 45 omnis
994 599 107 45 motus
1065 599 130 45 istorum
1148 599 59 45 est

686 640 81 42 de
726 640 162 42 opposito
847 640 81 42 in
887 640 188 42 oppositum.
1035 640 148 42 Secunda
1130 640 67 42 au-

693 679 77 51 tem
737 679 88 51 est,
792 679 88 51 quod
847 679 99 51 illa,
913 679 88 51 quae
967 679 88 51 sunt
1022 679 66 51 de
1055 679 143 51 oppositis
1154 679 44 51 in

689 717 180 50 opposita,
828 717 111 50 sunt
897 717 180 50 opposita.
1035 717 138 50 Tertia
1118 717 83 50 est,

696 764 91 42 quod
753 764 91 42 idem
810 764 114 42 motum,
889 764 114 42 quando
969 764 125 42 mouetur
1060 764 125 42 motibus
1140 764 57 42 op-

697 789 141 45 positis,
803 789 129 45 necesse
896 789 82 45 est
943 789 70 45 vt
978 789 105 45 inter
1049 789 82 45 eos
1096 789 82 45 sit
1131 789 70 45 ten-

698 836 101 44 pus.
761 836 126 44 Quarta
850 836 101 44 vero
913 836 101 44 est,
976 836 101 44 quod
1039 836 126 44 motus,
1115 836 88 44 inter

690 867 108 48 quos
758 867 95 48 est
812 867 135 48 tmens,
907 867 95 48 non
961 867 108 48 sunt
1028 867 176 48 continui.
1150 867 54 48 Ex

689 909 90 40 quo
741 909 155 40 sequitur
857 909 181 40 necessario
999 909 103 40 quod
1063 909 103 40 omne
1115 909 90 40 motum

688 950 127 36 aliquo
777 950 139 36 istorum
878 950 127 36 motuum
967 950 114 36 trium
1043 950 152 36 secundum
1144 950 63 36 suc

684 988 194 38 cessionem
833 988 224 38 impossibile
1013 988 105 38 est
1073 988 90 38 vt
1102 988 105 38 motus

685 1028 110 38 eius
754 1028 96 38 sit
809 1028 192 38 continuus.
960 1028 82 38 Et
1001 1028 151 38 propom,
1097 1028 110 38 dicens

688 1056 108 51 quod
756 1056 122 51 inter
837 1056 122 51 omnes
918 1056 108 51 duos
986 1056 122 51 motus
1053 1056 149 51 oppositos

698 1097 122 50 ciusdem
786 1097 89 50 moti
842 1097 77 50 est
886 1097 122 50 tempus,
975 1097 77 50 est
1019 1097 111 50 talis,
1096 1097 89 50 quod
1141 1097 66 50 pos-

697 1133 101 51 sibile
767 1133 71 51 est
808 1133 131 51 quandoque
909 1133 60 51 vt
939 1133 81 51 illo
989 1133 91 51 tpere
1050 1133 71 51 sit
1090 1133 91 51 illud
1151 1133 71 51 mo

690 1180 79 42 taumn
743 1180 123 42 quiescens,
840 1180 44 42 &
858 1180 114 42 quandoque
946 1180 141 42 impossibile,
1060 1180 106 42 scilicet
1139 1180 44 42 i
1157 1180 62 42 mo

694 1205 77 53 tu
733 1205 205 53 gnerationis,
899 1205 64 53 &
925 1205 218 53 corruptionis,
1104 1205 77 53 vt
1130 1205 77 53 post

687 1245 214 52 declarabitur.
864 1245 63 52 &
889 1245 189 52 quomocunque
1041 1245 101 52 sit,
1091 1245 101 52 conse-

686 1281 117 53 cutio
764 1281 91 53 est
816 1281 130 53 eadem,
907 1281 104 53 haec
972 1281 91 53 est
1024 1281 130 53 igitur
1102 1281 91 53 summa

691 1324 127 49 huius
775 1324 169 49 capituli
902 1324 197 49 expositio.
1042 1324 155 49 D.Dicamus

692 1358 120 53 igitur
776 1358 96 53 quod
835 1358 131 53 apparet
931 1358 179 53 impossibile
1074 1358 108 53 esse,
1134 1358 60 53 &c.

693 1397 73 45 i.
729 1397 122 45 quando
815 1397 122 45 fuerit
901 1397 135 45 positus
999 1397 110 45 motus
1072 1397 98 45 esse
1121 1397 86 45 vnius

687 1437 126 37 moti.
771 1437 140 37 dicens
869 1437 112 37 enim
939 1437 112 37 hunc
1009 1437 182 37 sermonen,
1135 1437 70 37 aut

696 1477 107 45 ponet
767 1477 95 45 quod
827 1477 107 45 istud
898 1477 119 45 motum,
981 1477 95 45 quid
1040 1477 83 45 est
1075 1477 119 45 continui

691 1511 150 43 motus,
796 1511 165 43 mouetur
916 1511 150 43 altero
1020 1511 150 43 duorum
1125 1511 105 43 mo

693 1549 108 54 tuum
760 1549 215 54 oppositorum,
935 1549 81 54 v.
975 1549 81 54 g.
1002 1549 202 54 augmentatione

694 1594 126 44 tanun,
782 1594 88 44 aut
833 1594 188 44 diminutione
983 1594 138 44 tandum,
1084 1594 88 44 aut
1121 1594 88 44 ponet

692 1629 88 45 quod
747 1629 77 45 est
791 1629 132 45 continui
890 1629 110 45 motus,
968 1629 110 45 perper
1045 1629 88 45 hoc,
1100 1629 88 45 quod
1144 1629 55 45 mo-

695 1664 113 42 uetur
771 1664 126 42 duobus
859 1664 138 42 motibus
960 1664 164 42 oppositis
1073 1664 126 42 secundum

696 1703 282 50 continuationem.
933 1703 89 50 Et
978 1703 178 50 incoepit
1096 1703 104 50 primo

689 1742 179 49 destruere
827 1742 138 49 primam
923 1742 220 49 intentionem,
1089 1742 110 49 dicen-

696 1780 88 38 do.
747 1780 114 38 Motus
823 1780 101 38 enim
886 1780 114 38 &cae.
961 1780 76 38 i.
999 1780 63 38 &
1024 1780 151 38 intendit
1138 1780 88 38 per

689 1821 107 37 hoc
750 1821 122 37 tres
826 1821 289 37 transmutationes
1054 1821 137 37 tantum,
