1416 2066
176 180 123 46 ratur
258 180 150 46 aliquod
367 180 136 46 genus,
463 180 68 46 &
490 180 82 46 in
531 180 82 46 se
572 180 96 46 est
613 180 82 46 nume

198 221 121 51 ratum,
283 221 85 51 non
331 221 158 51 numerans.
453 221 73 51 Et
489 221 121 51 illud,
574 221 97 51 quid
622 221 73 51 nunt

197 263 98 46 rat
253 263 127 46 ipsum
338 263 84 46 in
380 263 127 46 actu,
464 263 70 46 &
492 263 98 46 est
534 263 155 46 numeratum

200 299 76 47 in
238 299 166 47 potentia,
366 299 140 47 anteque
468 299 140 47 numeret
570 299 127 47 illud,
646 299 51 47 vt

199 336 163 54 exponit
318 336 133 54 Alex.
407 336 89 54 Et
451 336 163 54 vocamus
555 336 133 54 numerum

201 374 109 53 etiam
274 374 122 53 illud,
359 374 85 53 per
407 374 97 53 quod
468 374 170 53 numerantur
590 374 97 53 omnia,

197 414 73 44 &
227 414 102 44 hoc
285 414 102 44 est
343 414 190 44 numerans,
490 414 102 44 non
533 414 161 44 numeratum

197 454 127 49 omnino
286 454 229 49 essentialiter.
477 454 178 49 D.incoepit
605 454 89 49 decla

198 500 97 44 rare
259 500 97 44 quod
320 500 134 44 nunerus
417 500 146 44 acceptus
527 500 73 44 in
551 500 146 44 definitioe

202 533 131 43 tperis,
297 533 83 43 non
345 533 83 43 est
393 533 131 43 numelus
488 533 191 43 simpliciter,
631 533 60 43 sed

201 570 75 51 de
239 570 126 51 genere
327 570 126 51 nueri,
415 570 88 51 cui
465 570 138 51 accidit
565 570 100 51 quod
616 570 75 51 fuit

197 608 157 45 numeratus,
320 608 56 45 &
343 608 112 45 dixit:
421 608 112 45 tempus
500 608 79 45 &c.
545 608 67 45 i.
579 608 67 45 &,
612 608 79 45 cum
646 608 45 45 di

199 647 107 43 cimus
271 647 95 43 quod
330 647 119 43 tempus
414 647 83 43 est
461 647 143 43 numerus,
557 647 119 43 intendim

193 687 152 50 numerum,
307 687 89 50 qui
358 687 177 50 numeratur,
497 687 89 50 non
548 687 127 50 illud,
624 687 63 50 per

203 725 95 52 quod
262 725 154 52 numeratur
381 725 189 52 simpliciter,
534 725 95 52 quid
593 725 83 52 est
629 725 59 52 nu-

176 766 138 51 merus,
273 766 97 51 non
328 766 194 51 numenarum.
481 766 83 51 Et
522 766 138 51 potest
605 766 83 51 ali-

191 813 96 41 quis
251 813 120 41 dicere
334 813 108 41 quod,
406 813 72 41 si
442 813 167 41 intendebat
573 813 84 41 per
609 813 72 41 nume

196 845 85 37 rum
245 845 146 37 acceptum
354 845 73 37 in
391 845 183 37 definitione
537 845 159 37 temporis,
647 845 49 37 nu

196 882 121 42 meratum
284 882 132 42 scilicet
383 882 110 42 prius,
459 882 55 42 &
481 882 143 42 posterius
591 882 66 42 in
613 882 77 42 motu,

198 925 105 46 quare
268 925 82 46 non
315 925 105 46 dixit
385 925 93 46 quod
443 925 117 46 tempus
525 925 82 46 est
560 925 128 46 nuneratum

195 958 110 51 motus,
272 958 88 51 loco
327 958 99 51 eius,
392 958 88 51 quid
447 958 110 51 dixit,
524 958 88 51 quod
578 958 77 51 est
611 958 77 51 nune-

196 995 84 55 rus
244 995 121 55 motus.
329 995 133 55 Dicamus
425 995 121 55 igitur
509 995 96 55 quod
570 995 96 55 hoc,
618 995 72 55 quid

193 1036 132 50 tempus
285 1036 145 50 numerat
390 1036 132 50 motum,
482 1036 66 50 &
509 1036 158 50 mensurat
614 1036 66 50 il-

191 1076 92 53 lud,
248 1076 81 53 est
294 1076 69 53 ei
329 1076 196 53 essentialiter
490 1076 58 53 &
513 1076 92 53 quod
570 1076 69 53 ex
605 1076 81 53 hoc
639 1076 46 53 mo

193 1117 77 38 do
232 1117 191 38 assimilatur
385 1117 128 38 numero
474 1117 179 38 simpecitur
602 1117 89 38 ipsum

198 1152 105 50 autem
268 1152 93 50 esse
327 1152 152 50 numeratum
443 1152 82 50 per
490 1152 128 50 aliquid
583 1152 82 50 est
630 1152 82 50 per

196 1190 99 56 accins
265 1190 118 56 scilicet
354 1190 79 56 quod
403 1190 108 56 accidit
482 1190 108 56 tempori
561 1190 89 56 etiam
610 1190 69 56 mensu

195 1229 97 45 rari,
260 1229 54 45 &
281 1229 129 45 nuerali,
378 1229 75 45 aut
421 1229 75 45 per
464 1229 129 45 accidens
550 1229 140 45 simperiler,

178 1269 87 45 aut
227 1269 87 45 per
277 1269 125 45 motum.
365 1269 112 45 motui
439 1269 100 45 enim
502 1269 137 45 accidit
589 1269 100 45 mensu-

190 1317 104 43 rare
255 1317 143 43 tempus,
359 1317 78 43 vt
398 1317 143 43 dicemus
503 1317 117 43 post.
581 1317 78 43 Et
607 1317 78 43 The-

194 1356 155 41 mistius
307 1356 155 41 exponit
419 1356 99 41 hic
476 1356 155 41 numerum
588 1356 99 41 pro
631 1356 56 41 nu

189 1386 140 51 merato,
291 1386 63 51 &
316 1386 89 51 non
367 1386 178 51 consyderat
506 1386 101 51 hoc,
570 1386 101 51 quid
621 1386 63 51 di-

186 1421 145 56 ximus.
287 1421 116 56 Qnam
360 1421 116 56 vero
432 1421 160 56 numerus
548 1421 131 56 motus
621 1421 73 56 est

193 1465 127 53 tanque
282 1465 114 53 genus
359 1465 165 53 temporis,
486 1465 178 53 manifestum
613 1465 76 53 est.

191 1503 137 51 numerus
290 1503 99 51 enim
352 1503 112 51 motus
426 1503 112 51 alius
501 1503 87 51 est
550 1503 137 51 partium
637 1503 50 51 mo

194 1540 73 58 tus,
239 1540 109 58 secundum
321 1540 73 58 quod
366 1540 73 58 sunt
412 1540 109 58 insimul,
493 1540 45 58 &
512 1540 82 58 alius
566 1540 73 58 est,
602 1540 91 58 secundum

190 1581 89 54 quod
246 1581 67 54 in
279 1581 78 54 eis
324 1581 145 54 inuenitur
436 1581 112 54 prius,
514 1581 56 54 &
536 1581 157 54 posterius,
648 1581 45 54 i.

189 1621 149 55 numerus
297 1621 162 55 prioris,
418 1621 68 55 &
445 1621 203 55 posterioris
594 1621 95 55 exium

190 1661 100 51 tium
252 1661 75 51 in
289 1661 112 51 motu.
364 1661 62 51 &
389 1661 174 51 manifestum
526 1661 87 51 est
576 1661 100 51 quod
626 1661 62 51 tem

187 1708 77 46 pus
231 1708 89 46 sit,
287 1708 111 46 quando
364 1708 100 46 motus
430 1708 144 46 numeratur
541 1708 77 46 per
585 1708 111 46 prius,
663 1708 55 46 &

190 1748 170 47 posterius:
323 1748 97 47 ergo
384 1748 121 47 tempus
469 1748 170 47 necessario
602 1748 85 47 est
639 1748 49 47 nu

188 1781 122 50 metus
270 1781 163 50 prioris,
392 1781 68 50 &
419 1781 204 50 posterioris
569 1781 122 50 exntium

187 1816 79 49 in
226 1816 118 49 motu.
305 1816 79 49 Et
344 1816 223 49 intelligendum
528 1816 92 49 est
580 1816 79 49 ex
606 1816 79 49 hoc,

186 1860 95 54 quod
246 1860 131 54 dicimus
341 1860 107 54 ipsum
412 1860 95 54 esse
471 1860 131 54 numerum
566 1860 119 54 motus,
637 1860 48 54 i.

710 181 143 37 numerum
814 181 182 37 cuiuslibet
957 181 130 37 motus:
1049 181 91 37 cum
1101 181 91 37 sit
1140 181 65 37 im-

713 221 135 50 possibile
816 221 135 50 imaginari
920 221 104 50 ipsum,
992 221 83 50 nisi
1044 221 124 50 secundum
1127 221 83 50 quodnu

703 260 99 52 merat
769 260 110 52 motum:
846 260 55 52 &
868 260 88 52 ideo
923 260 121 52 dicitur
1012 260 88 52 quod
1067 260 77 52 est
1100 260 99 52 nuncrus

703 307 124 39 motus.
789 307 74 39 Et
826 307 210 39 intelligendum
999 307 86 39 est
1048 307 86 39 per
1098 307 111 39 prius
1172 307 62 39 &

711 334 179 54 posterius,
852 334 115 54 prius
929 334 64 54 &
954 334 166 54 posterius
1082 334 128 54 exntia
1159 334 51 54 in

711 378 106 47 motu,
782 378 82 47 per
829 378 106 47 cuius
899 378 94 47 esse
958 378 153 47 inuenitur
1076 378 118 47 tempus
1146 378 59 47 pri

706 413 84 55 mo:
754 413 60 55 &
778 413 84 55 est
826 413 108 55 ille,
897 413 84 55 per
945 413 96 55 quem
1005 413 191 55 intelligimus
1148 413 60 55 nos

710 452 195 38 transmutari,
868 452 73 38 i.
905 452 85 38 nos
953 452 97 38 esse
1014 452 73 38 in
1051 452 97 38 esse
1099 452 110 38 transmu

715 493 115 37 tabili.
798 493 52 37 &
819 493 94 37 quasi
882 493 63 37 d.
913 493 104 37 tpreos
986 493 73 37 est
1028 493 115 37 nunerus
1101 493 104 37 cuiusli-

712 533 73 50 bet
753 533 94 50 motus
816 533 73 50 per
858 533 105 50 prius,
932 533 52 50 &
953 533 147 50 posterius,
1068 533 84 50 quae
1120 533 84 50 sunt
1162 533 42 50 in

705 567 116 50 motu,
782 567 77 50 in
821 567 90 50 quo
872 567 154 50 sentimus
988 567 90 50 nos
1040 567 103 50 esse
1104 567 77 50 in
1130 567 77 50 esse

707 604 185 46 transmutabili.
861 604 123 46 quoniam,
953 604 62 46 si
984 604 82 46 esse
1035 604 103 46 tperis
1107 604 92 46 esset
1158 604 51 46 per

711 645 99 55 esse
773 645 149 55 prioris,
884 645 62 55 &
909 645 186 55 posterioris
1058 645 74 55 in
1083 645 124 55 quolibet

707 686 106 50 motu,
778 686 94 50 tunc
837 686 106 50 tpeos
907 686 223 50 multiplicaretur
1095 686 82 50 per
1131 686 82 50 multi

710 724 191 46 plicationem
863 724 140 46 motuum,
964 724 89 46 aut
1015 724 89 46 non
1066 724 102 46 fret
1117 724 89 46 esse,

706 761 96 47 nisi
766 761 156 47 solummodo
886 761 72 47 in
922 761 120 47 mente.
1006 761 84 47 sed
1054 761 72 47 ex
1090 761 96 47 hoc,
1138 761 60 47 quo

708 801 76 38 em
746 801 139 38 nunerus
847 801 126 38 omnium
935 801 139 38 motuum,
1036 801 88 38 hoc
1087 801 101 38 modo
1137 801 63 38 non

711 838 144 53 equitur
816 838 118 53 ipsum
894 838 210 53 multiplicari
1065 838 92 53 per
1104 838 105 53 multi-

711 886 197 47 plicationem
868 886 144 47 motuum,
973 886 79 47 vt
1012 886 105 47 post
1065 886 144 47 dclarabit

707 917 90 45 Ari.
763 917 67 45 Et
796 917 90 45 Ale.
853 917 101 45 dicit
920 917 90 45 quod
976 917 90 45 hoc,
1032 917 90 45 quid
1088 917 112 45 dicit,
1155 917 45 45 nu

711 957 102 45 merus
779 957 102 45 motus
847 957 79 45 per
892 957 113 45 prius,
972 957 57 45 &
994 957 159 45 posterius,
1119 957 79 45 non
1153 957 57 45 est

703 997 220 50 intelligendum
884 997 116 50 ipsum
962 997 103 50 esse
1026 997 168 50 nuneratum
1142 997 65 50 per

703 1033 148 50 numerum
810 1033 148 50 partium
917 1033 121 50 motus
998 1033 148 50 priore,
1106 1033 67 50 &
1119 1033 94 50 poste

702 1073 104 53 rion,
772 1073 104 53 neque
841 1073 127 53 nunerus
933 1073 115 53 earum,
1014 1073 81 53 sed
1060 1073 127 53 nunerus
1141 1073 69 53 prio

705 1109 101 45 ris,
768 1109 63 45 &
793 1109 188 45 posterioris
944 1109 75 45 in
982 1109 113 45 motu,
1057 1109 75 45 i.
1082 1109 126 45 nueratum

707 1152 121 42 eorum.
792 1152 61 42 &
816 1152 85 42 per
865 1152 85 42 hoc
913 1152 194 42 distincuitur
1071 1152 121 42 natura
1144 1152 73 42 ten-

714 1180 103 54 poris
782 1180 57 54 a
805 1180 115 54 natura
886 1180 103 54 motus
955 1180 138 54 secundum
1047 1180 172 54 definitionem,

747 1229 84 54 Et,
795 1229 72 54 vt
831 1229 108 54 motus
904 1229 96 54 sper
964 1229 108 54 alius
1036 1229 96 54 est,
1097 1229 60 54 &
1109 1229 96 54 alius,

703 1269 89 58 sic
754 1269 64 58 &
780 1269 128 58 tpers.
869 1269 102 58 Tpos
933 1269 115 58 autem
1010 1269 115 58 simul
1086 1269 102 58 omne
1137 1269 77 58 idem

702 1310 85 52 est.
755 1310 74 52 nam
798 1310 95 52 ipsum
861 1310 85 52 nunc
914 1310 85 52 idem
967 1310 85 52 est,
1020 1310 127 52 secundum
1116 1310 74 52 id,
1147 1310 64 52 quid

706 1351 114 51 est:
777 1351 114 51 esse
848 1351 128 51 autem
934 1351 114 51 ipsi
1005 1351 157 51 alterum
1105 1351 85 51 est,

748 1396 105 62 Et,
808 1396 105 62 que
868 1396 164 62 admodum
987 1396 134 62 motus
1077 1396 105 62 est
1121 1396 90 62 sem-

704 1453 99 53 per
760 1453 113 53 vnus
831 1453 113 53 post
902 1453 127 53 aliu,
987 1453 99 53 ita
1043 1453 99 53 est
1086 1453 127 53 tempus.

707 1493 145 62 rempus
808 1493 116 62 vero
880 1493 116 62 esse
953 1493 159 62 insimul
1068 1493 101 62 est
1112 1493 101 62 idem.

710 1540 163 62 quoniam
829 1540 163 62 instans
947 1540 104 62 est
1006 1540 133 62 idem,
1095 1540 89 62 cu
1124 1540 89 62 fue-

700 1588 109 62 rit:
768 1588 95 62 sed
823 1588 109 62 esse
890 1588 109 62 eius
945 1588 176 62 diuersatur.

735 1637 82 45 Id
776 1637 109 45 est,
844 1637 68 45 &
871 1637 204 45 quemadmodum
1035 1637 122 45 motus
1116 1637 95 45 non
1171 1637 82 45 in

710 1679 170 51 ueniuntuir
843 1679 121 51 partes
928 1679 97 51 eius
989 1679 145 51 insimul,
1098 1679 85 51 sed
1134 1679 85 51 uali-

709 1716 88 54 bet
760 1716 101 54 pars
823 1716 88 54 aut
873 1716 88 54 iam
924 1716 151 54 defecit,
1037 1716 88 54 aut
1088 1716 126 54 nondum
1164 1716 50 54 ve

712 1757 94 52 nit,
771 1757 82 52 ita
818 1757 82 52 est
864 1757 129 52 tempus.
958 1757 70 52 Et
993 1757 164 52 intendebat
1121 1757 82 52 per
1157 1757 58 52 hoc

703 1797 172 50 dissoluere
838 1797 184 50 quaestionem
985 1797 172 50 praedictam
1121 1797 74 50 in
1145 1797 74 50 esse

709 1837 141 53 temporis
815 1837 141 53 dicentem
921 1837 106 53 quod,
992 1837 71 53 si
1027 1837 118 53 tempus
1109 1837 94 53 est,
1156 1837 59 53 ne-

708 1877 101 53 cesse
775 1877 79 53 est
820 1877 67 53 vt
854 1877 101 53 omnes
921 1877 112 53 partes
1000 1877 101 53 eius,
1067 1877 79 53 aut
1101 1877 112 53 quaedam.
