1416 2066
163 188 96 44 sed
218 188 192 44 intendebat
369 188 164 44 disponem
492 188 123 44 senae
561 188 123 44 certae:

177 221 97 46 senia
242 221 86 46 enim
296 221 97 46 certa
361 221 76 46 est
404 221 97 46 senia
469 221 140 46 perfecta.
577 221 86 46 Sena
620 221 65 46 enim

184 261 91 45 alia
240 261 79 45 est
286 261 148 45 perfecta,
399 261 57 45 &
422 261 79 45 est
467 261 102 45 illa,
535 261 91 45 quae
592 261 79 45 est
626 261 57 45 per

177 298 105 47 cam,
243 298 105 47 alia
308 298 92 47 est
361 298 197 47 imperfecta,
519 298 66 47 &
545 298 92 47 est
585 298 92 47 illa,

178 335 103 49 quae
242 335 90 49 est
294 335 103 49 sine
358 335 128 49 causa.
448 335 77 49 Et
486 335 180 49 intendebat
615 335 64 49 per

181 373 104 45 vias
246 373 117 45 artes
325 373 222 45 speculatiuas,
507 373 104 45 quae
559 373 131 45 dicuntur

175 413 127 53 viae:
259 413 113 53 quia
330 413 211 53 consyderans
499 413 85 53 in
541 413 99 53 eis
583 413 99 53 vadit

176 453 86 37 ex
219 453 230 37 determinatis
405 453 129 37 rebus
491 453 86 37 ad
534 453 100 37 res
578 453 100 37 inde-

168 498 200 32 terminatas
325 498 100 32 per
382 498 100 32 res
439 498 243 32 determinatas.
625 498 57 32 Et

175 533 128 45 dixit
260 533 200 45 habentibus
417 533 200 45 principia,
574 533 100 45 aut
617 533 71 45 cau

174 565 110 45 sas,
243 565 97 45 aut
298 565 179 45 elementa.
437 565 110 45 quia
506 565 138 45 artium
588 565 97 45 specu

175 605 174 39 latiuarum,
311 605 87 39 aut
361 605 124 39 suarum
447 605 136 39 partium
547 605 99 39 sunt
596 605 87 39 quae-

176 644 113 38 dam,
246 644 113 38 quae
317 644 211 38 consyderant
486 644 85 38 de
528 644 127 38 rebus
599 644 70 38 sim

173 680 156 52 plicibus
290 680 182 52 carentibus
434 680 195 52 principiis:
590 680 65 52 &
603 680 78 52 haec

173 718 92 55 est
226 718 185 55 dispositio
371 718 132 55 seniae
463 718 224 55 consyderantis
634 718 53 55 de

181 756 160 55 proprijs
301 756 200 55 principiis,
461 756 67 55 &
488 756 134 55 primis
568 756 120 55 cuiusli

182 797 89 51 bet
233 797 127 51 artis,
322 797 89 51 vel
373 797 127 51 entis.
461 797 76 51 Et
499 797 114 51 dixit
563 797 114 51 princi-

177 833 98 50 pia,
238 833 86 50 aut
287 833 135 50 causas,
385 833 86 50 aut
435 833 160 50 elementa,
557 833 123 50 perper
631 833 49 50 di

180 872 187 42 uersitatem
327 872 147 42 modorum
433 872 147 42 quatuor
540 872 147 42 caunau.
647 872 67 42 &

181 911 193 43 intendebat
333 911 96 43 per
388 911 179 43 principia
526 911 83 43 in
567 911 96 43 hoc
608 911 69 43 lo-

175 949 80 53 co
215 949 134 53 causas
309 949 161 53 agentes,
429 949 67 53 &
456 949 174 53 mouentes,
590 949 67 53 &
617 949 94 53 per

185 988 119 48 causas
268 988 119 48 fines,
351 988 59 48 &
375 988 83 48 per
422 988 142 48 elementa
529 988 130 48 causas,
612 988 71 48 quae

186 1026 77 53 unt
230 1026 110 53 partes
307 1026 88 53 res,
362 1026 132 53 scilicet
462 1026 143 53 materiam,
572 1026 55 53 &
583 1026 99 53 formam.

181 1065 73 50 &
211 1065 147 50 vtitur
313 1065 103 50 hoc
372 1065 117 50 nole
445 1065 205 50 principium
592 1065 88 50 pro-

183 1107 124 40 prie,
266 1107 69 40 &
294 1107 179 40 similiter
432 1107 97 40 hoc
487 1107 138 40 nomine
570 1107 110 40 causa,

181 1148 105 47 quia
247 1148 105 47 sunt
312 1148 118 47 nonia
391 1148 171 47 synonyma,
523 1148 92 47 cum
563 1148 118 47 vsitent

185 1181 145 50 ommuniter.
299 1181 52 50 &
319 1181 83 50 sic,
371 1181 62 50 vt
402 1181 83 50 mihi
454 1181 124 50 videtur,
547 1181 124 50 exposuit
630 1181 52 50 Ale

177 1221 105 37 xam.
242 1221 79 37 Et
282 1221 183 37 intendebat
426 1221 131 37 Arist.
518 1221 92 37 per
570 1221 105 37 hunc
622 1221 66 37 ser

182 1260 116 46 monem
259 1260 128 46 docere
349 1260 103 46 quod
413 1260 90 46 non
465 1260 116 46 omnes
542 1260 116 46 artes
606 1260 77 46 con-

188 1292 149 55 syderaut
299 1292 75 55 de
337 1292 137 55 omnibus
436 1292 137 55 causis,
536 1292 87 55 sed
573 1292 112 55 quaedam

187 1333 171 45 consyderant
323 1333 68 45 de
358 1333 91 45 caum
415 1333 125 45 formali
506 1333 114 45 tantum
574 1333 114 45 scilicet

190 1373 224 39 Mathematicae,
374 1373 66 39 &
401 1373 145 39 quaedam
506 1373 79 39 de
546 1373 132 39 tribus
625 1373 66 39 cau

185 1412 73 47 sis
226 1412 126 47 scilicet
321 1412 157 47 efficiente,
447 1412 126 47 formali,
541 1412 52 47 &
562 1412 94 47 fine,
625 1412 52 47 &
636 1412 52 47 est

183 1451 113 38 sceia
259 1451 138 38 Diuina,
359 1451 63 38 &
384 1451 138 38 quaedam
485 1451 75 38 de
523 1451 138 38 quatuor
611 1451 75 38 cau-

182 1488 95 42 sis,
242 1488 60 42 &
265 1488 83 42 est
313 1488 131 42 scenia.
408 1488 167 42 Naturalis.
539 1488 71 42 &,
575 1488 95 42 quia
622 1488 60 42 hoc

186 1525 94 37 non
239 1525 108 37 fuit
307 1525 188 37 manifestum
454 1525 81 37 in
495 1525 94 37 hoc
549 1525 121 37 loco,
616 1525 67 37 in-

180 1565 131 37 duxit
268 1565 174 37 sermonen
398 1565 87 37 in
442 1565 145 37 formam
529 1565 160 37 dubitatio

185 1602 113 52 nis,
255 1602 71 52 &
284 1602 85 52 d.
326 1602 198 52 habentibus
481 1602 198 52 principia,
622 1602 71 52 aut

182 1637 131 45 causas,
277 1637 83 45 aut
325 1637 155 45 elementa.
444 1637 72 45 i.
480 1637 131 45 quoniam
576 1637 95 45 idem
623 1637 60 45 se-

200 1681 105 47 uitur,
274 1681 63 47 si
306 1681 116 47 ponatur
390 1681 84 47 quod
443 1681 95 47 illae
506 1681 74 47 res
548 1681 116 47 habeant
622 1681 63 47 prin

185 1716 116 52 cipia
262 1716 154 52 agentia,
378 1716 90 52 aut
429 1716 154 52 finalia,
545 1716 90 52 aut
583 1716 103 52 elemen

185 1754 127 48 taria,
274 1754 89 48 aut
325 1754 127 48 omnia.
414 1754 64 48 &
440 1754 191 48 impossibile
592 1754 89 48 est
630 1754 51 48 vt

182 1791 106 51 haec
248 1791 199 51 coniunctio,
408 1791 106 51 aut,
474 1791 93 51 sit
527 1791 120 51 sicut
594 1791 93 51 copu-

182 1830 140 44 latiua:
284 1830 89 44 nam
335 1830 178 44 dispositio
475 1830 127 44 certae
564 1830 127 44 seniae
640 1830 51 44 in

702 188 160 39 uenitur
819 188 88 39 in
863 188 131 39 rebus
950 188 204 39 habentibus
1096 188 117 39 causas

701 221 153 53 quasdam
812 221 97 53 per
868 221 125 53 seiam
951 221 153 53 illarum
1048 221 153 53 causarum,

697 261 134 37 sicut
786 261 193 37 inuenitur
935 261 89 37 in
979 261 208 37 habentibus
1128 261 74 37 om-

697 299 96 48 nes
752 299 150 48 causas.
861 299 96 48 Et,
916 299 96 48 cum
971 299 137 48 posuit
1066 299 109 48 hanc
1121 299 82 48 pro-

699 334 170 51 ponem,
818 334 187 51 induxit
954 334 256 51 testimonium
1142 334 68 51 ad

710 374 185 42 verificandum
861 374 115 42 illam,
941 374 92 42 quod
999 374 104 42 ferem
1068 374 127 42 induxit
1161 374 69 42 in

700 418 234 40 posterioribus
893 418 207 40 Analyticis,
1058 418 69 40 &
1086 418 83 40 d.
1114 418 96 40 credi

703 453 84 51 mus
751 453 96 51 enim
811 453 72 51 in
848 453 157 51 vnaquaque
968 453 120 51 rerum,
1052 453 84 51 &c.
1101 453 72 51 i.
1137 453 60 51 &
1149 453 60 51 si-

699 499 103 40 gnum
764 499 116 40 eius,
841 499 103 40 quid
905 499 155 40 diximus,
1021 499 103 40 quod
1073 499 129 40 disposi-

705 527 85 48 tio
754 527 134 48 sentiae
851 527 122 48 certae
937 527 73 48 de
973 527 122 48 aliquo
1059 527 85 48 non
1095 527 110 48 acquiri

704 566 95 44 tur
758 566 108 44 nisi
825 566 81 44 ex
866 566 189 44 cognitione
1014 566 135 44 causae
1109 566 122 44 eius:

698 607 129 43 quoniam
792 607 117 43 omnis,
874 607 82 43 qui
921 607 106 43 dicit
992 607 70 43 se
1027 607 106 43 scire
1086 607 117 43 aliquid,

696 646 81 44 non
743 646 104 44 dicit
812 646 81 44 hoc
858 646 92 44 nisi
915 646 127 44 quoniam
1007 646 115 44 sciuit
1088 646 104 44 illud
1145 646 58 44 per

697 681 108 53 suas
765 681 122 53 omnes
847 681 149 53 causas,
955 681 203 53 propinquas,
1118 681 68 53 &
1131 681 68 53 re-

704 717 140 51 motas:
802 717 70 51 &
830 717 98 51 hoc
886 717 182 51 inuenitur
1025 717 84 51 in
1067 717 126 51 omni,
1137 717 70 51 qui

699 759 127 49 aliquid
792 759 93 49 scit
850 759 69 49 in
885 759 151 49 veritate,
1001 759 81 49 aut
1047 759 139 49 secundum
1140 759 69 49 exi-

700 797 203 51 stimationem:
865 797 63 51 &
890 797 101 51 quod
954 797 76 51 in
992 797 101 51 ista
1042 797 165 51 propositio-

693 844 89 37 ne
738 844 207 37 conueniunt
901 844 133 37 omnes
975 844 222 37 consyderantes

699 884 93 39 adeo
757 884 93 39 quod
815 884 104 39 etiam
885 884 162 39 Sophistae,
1012 884 69 39 vt
1047 884 104 39 dixit
1116 884 69 39 in
1139 884 58 39 po-

701 909 246 45 sterioribus.
900 909 123 45 D.d.
977 909 107 45 cum
1023 909 184 45 sciuerimus

703 950 134 44 causas
796 950 107 44 eius
863 950 187 44 simplices.
1010 950 67 44 &
1037 950 174 44 intendit,
1157 950 54 44 vt

707 992 90 49 mihi
763 992 135 49 videtur,
864 992 112 49 causas
943 992 157 49 existentes
1066 992 67 49 in
1100 992 79 49 re,
1134 992 67 49 pri-

702 1035 109 39 mas,
771 1035 95 39 non
825 1035 205 39 compositas,
989 1035 68 39 &
1016 1035 109 39 sunt
1084 1035 123 39 prima
1152 1035 55 39 ma

705 1066 132 40 teria,
797 1066 66 40 &
824 1066 132 40 vltima
916 1066 132 40 forma:
1008 1066 106 40 quae
1074 1066 106 40 enim
1127 1066 79 40 sunt

698 1107 142 46 praeter
801 1107 129 46 primam
891 1107 167 46 materiam,
1020 1107 64 46 &
1046 1107 142 46 vltimam
1136 1107 64 46 for

702 1142 95 44 mam
756 1142 189 44 cuiuslibet
904 1142 122 44 rerum
985 1142 189 44 naturalium
1120 1142 81 44 sunt

702 1185 162 47 materiae
823 1185 203 47 compositae,
985 1185 68 47 &
1012 1185 135 47 formae
1093 1185 108 47 compo-

703 1223 127 45 sitae.
792 1223 102 45 D.d.
856 1223 64 45 &
882 1223 115 45 prima
958 1223 178 45 principia.
1098 1223 64 45 &
1111 1223 89 45 inten

703 1258 108 41 dit,
771 1258 81 41 vt
812 1258 163 41 videtur,
934 1258 95 41 per
988 1258 122 41 prima
1056 1258 149 41 principia

705 1295 111 51 primas
783 1295 123 51 causas,
872 1295 89 51 quae
928 1295 89 51 sunt
983 1295 100 51 extra
1050 1295 78 51 rem
1084 1295 111 51 scilicet

707 1333 133 58 primum
800 1333 133 58 agens,
893 1333 67 58 &
920 1333 147 58 vltimum
1027 1333 120 58 finem
1093 1333 107 58 omnium

698 1371 132 39 rerum.
790 1371 106 39 D.d.
856 1371 119 39 donec
935 1371 198 39 perueniamus
1093 1371 79 39 ad
1120 1371 79 39 ele-

706 1420 111 31 menta
779 1420 111 31 eius.
853 1420 61 31 &
878 1420 147 31 intendit
988 1420 86 31 hic
1037 1420 86 31 per
1074 1420 123 31 elementa

697 1449 128 44 causas
787 1449 179 44 existentes
927 1449 77 44 in
965 1449 89 44 re,
1016 1449 191 44 propinquas,
1157 1449 38 44 &

702 1489 168 48 eentiales.
834 1489 72 48 Et
870 1489 120 48 innuit
954 1489 84 48 per
1001 1489 96 48 hoc,
1061 1489 96 48 quid
1109 1489 84 48 dixit

707 1532 97 43 quod
767 1532 145 43 doctrina
876 1532 145 43 ordinata
985 1532 85 43 est
1034 1532 145 43 incipere
1143 1532 61 43 a
1155 1532 48 43 eo

707 1565 142 51 gnitioe
810 1565 129 51 caurum
901 1565 155 51 primarum
1017 1565 90 51 rei
1056 1565 142 51 cognoscen

702 1602 86 48 dae
751 1602 172 48 perfectae,
886 1602 123 48 deinde
972 1602 160 48 intendere
1095 1602 74 48 ad
1119 1602 86 48 cogni

706 1645 110 33 tionem
783 1645 121 33 aliarum
871 1645 110 33 caurum
948 1645 143 33 remotarum
1058 1645 132 33 secundum
1146 1645 55 33 or-

709 1677 141 45 linem,
808 1677 127 45 donec
892 1677 211 45 perueniamus
1061 1677 85 45 ad
1089 1677 113 45 causas

706 1717 167 50 prpinquas.
837 1717 60 50 &
861 1717 143 50 secundum
968 1717 83 50 hoc
1016 1717 119 50 vtitur
1099 1717 83 50 hoc
1135 1717 71 50 nole

707 1756 104 38 cam,
772 1756 65 38 &
798 1756 168 38 elementum
927 1756 104 38 alio
992 1756 104 38 modo
1057 1756 78 38 ab
1095 1756 91 38 eo,
1134 1756 65 38 quo

709 1797 78 37 vsus
758 1797 69 37 est
797 1797 88 37 illic
856 1797 98 37 prius,
925 1797 118 37 secundum
1013 1797 78 37 suum
1062 1797 88 37 morem
1121 1797 59 37 in
1140 1797 69 37 haben

699 1830 81 44 do
739 1830 149 44 modicam
847 1830 230 44 soficitudinem
1036 1830 81 44 de
1063 1830 135 44 nonibus.
