1416 2066
154 181 100 56 aut
211 181 143 56 dulce,
311 181 100 56 aut
368 181 129 56 earo,
454 181 100 56 aut
511 181 100 56 os:
568 181 100 56 sed
625 181 86 56 in

170 228 188 62 vnaquaque
314 228 130 62 rerum
401 228 145 62 illud,
502 228 116 62 quod
560 228 116 62 vincit

163 277 97 61 in
211 277 113 61 ea,
276 277 258 61 existimatur.
485 277 129 61 quod
549 277 129 61 natura

166 324 99 58 eius
227 324 86 58 est
264 324 111 58 illius.

205 372 99 53 Hoc,
266 372 99 53 quod
328 372 136 53 dicit,.
427 372 74 53 Et
464 372 124 53 etiam,
551 372 74 53 si
576 372 111 53 alterum

171 412 203 50 contrariorum,
338 412 84 50 &c.
386 412 84 50 est
434 412 96 50 alia
494 412 96 50 res,
554 412 96 50 quae
601 412 84 50 indu-

167 453 86 48 xit
216 453 86 48 eos
265 453 136 48 dicere,
364 453 99 48 quod
426 453 111 48 entia
500 453 111 48 erant
562 453 123 48 insimul:

165 493 152 44 quoniam,
279 493 101 44 quia
342 493 189 44 opinabantur
494 493 101 44 quod
544 493 139 44 generatio

166 530 85 47 est
215 530 73 47 ex
251 530 183 47 contrarijs:
397 530 61 47 &
421 530 97 47 quod
482 530 158 47 contraria
592 530 85 47 sunt,

166 577 113 43 quae
237 577 113 43 sunt
308 577 198 43 principia,
463 577 156 43 oportet
577 577 85 43 vt
605 577 71 43 non

167 608 106 42 sint
233 608 213 42 oenerabilia,
406 608 120 42 neque
472 608 213 42 corruptibilia.

169 637 73 54 &
199 637 132 54 idemo
287 637 161 54 oportet
404 637 117 54 apud
477 637 103 54 eos
521 637 161 54 contraria

165 691 108 45 esse
233 691 162 45 insimul:
355 691 68 45 &
382 691 149 45 quaedam
490 691 135 45 exeunt
584 691 68 45 a
598 691 81 45 qui-

168 724 152 38 busdam.
279 724 97 38 Et,
334 724 97 38 cum
389 724 152 38 induxit
500 724 125 38 illud
569 724 111 38 primum

154 762 242 40 indubitabile,
353 762 114 40 quid
425 762 128 40 mouit
510 762 100 40 eos
567 762 86 40 ad
596 762 86 40 opi-

176 800 134 43 nandum
269 800 120 43 entia
349 800 107 43 esse
416 800 160 43 insimul,
536 800 67 43 &
563 800 107 43 quod
617 800 53 43 ge

167 837 147 44 neratio
273 837 93 44 est
327 837 147 44 exitus,
434 837 67 44 &
460 837 187 44 resolutio,
594 837 93 44 incoe

174 884 96 42 pit
229 884 178 42 declarare
366 884 124 42 illam
449 884 233 42 ambiguitatem,
641 884 69 42 &

165 916 235 46 quoquomodo
350 916 184 46 excusat
484 916 168 46 Anaxa.
584 916 101 46 eos,

175 964 80 43 qui
220 964 114 43 dicunt
300 964 91 43 esse
357 964 182 43 impossibile,
505 964 91 43 quod
551 964 125 43 generatio

169 997 94 37 est
222 997 147 37 aliquid
329 997 120 37 esse,
409 997 107 37 quod
476 997 94 37 non
530 997 120 37 erat.
610 997 67 37 &
623 997 54 37 d.

172 1033 132 50 Qam,
254 1033 115 50 cum
320 1033 132 50 omne
402 1033 231 50 generatum,
583 1033 115 50 &c.
633 1033 49 50 &

161 1070 113 44 sermo
237 1070 101 44 eius
300 1070 75 44 in
337 1070 88 44 hoc
388 1070 176 44 manifestus
526 1070 88 44 est
576 1070 88 44 per
614 1070 63 44 se.

190 1111 102 48 D.d.
254 1111 64 48 &
280 1111 115 48 prper
356 1111 191 48 paruitatem,
509 1111 89 48 &c.
560 1111 77 48 i.
586 1111 89 48 excu-

167 1148 103 37 sant
231 1148 77 37 se
270 1148 77 37 in
308 1148 103 37 hoc,
372 1148 103 37 quod
436 1148 128 37 sensus
513 1148 167 37 contradicit

167 1184 103 54 huic
231 1184 167 54 opinioni,
360 1184 154 54 dicentes
476 1184 103 54 quod
540 1184 103 54 hoc,
605 1184 103 54 quod

177 1226 121 45 apparet
265 1226 110 45 sensui
342 1226 132 45 scilicet
442 1226 88 45 quod
497 1226 143 45 generatio
607 1226 77 45 sit
640 1226 44 45 ex

167 1262 88 44 non
218 1262 113 44 ente,
293 1262 88 44 est
343 1262 125 44 perper
431 1262 175 44 paruitatem
556 1262 125 44 partium,

170 1301 92 53 non
222 1301 105 53 quod
288 1301 79 53 in
327 1301 92 53 rei
380 1301 158 53 veritate
498 1301 92 53 est
538 1301 144 53 generatio

154 1341 85 38 ex
196 1341 100 38 non
253 1341 128 38 ente.
339 1341 114 38 D.d.
410 1341 71 38 &
438 1341 114 38 ideo
509 1341 156 38 dicunt,
609 1341 71 38 &c.

165 1378 137 40 idest,
261 1378 69 40 &
289 1378 110 40 quia
357 1378 137 40 coacti
453 1378 110 40 sunt
522 1378 82 40 ad
550 1378 124 40 creden-

167 1418 99 49 dum,
228 1418 99 49 quod
290 1418 99 49 ens,
351 1418 99 49 quod
413 1418 160 49 generatur
536 1418 74 49 ex
573 1418 111 49 ente,
647 1418 62 49 &

167 1455 117 43 quod
241 1455 117 43 hoc,
314 1455 117 43 quod
387 1455 161 43 apparet
505 1455 161 43 sensui,
608 1455 73 43 est

167 1495 161 49 peccatum
287 1495 134 49 sensus
381 1495 81 49 ex
422 1495 175 49 paruitate
543 1495 134 49 partium,

163 1533 78 45 ex
202 1533 130 45 quibus
293 1533 91 45 est
345 1533 182 45 generatio,
489 1533 156 45 dixerunt
593 1533 78 45 quod

172 1568 110 42 omne
241 1568 96 42 est
296 1568 138 42 mixtum
392 1568 96 42 cum
447 1568 124 42 omni,
530 1568 124 42 licet
612 1568 96 42 non

169 1612 147 39 appareat
279 1612 135 39 sensui:
377 1612 61 39 &
402 1612 98 39 quod
463 1612 135 39 necesse
562 1612 86 39 est
598 1612 74 39 omne

169 1645 170 51 generari
296 1645 85 51 ex
339 1645 127 51 omni,
423 1645 99 51 non
480 1645 85 51 vt
522 1645 141 51 aliqua
607 1645 71 51 ter

171 1685 138 50 minata
268 1685 221 50 generarentur
447 1685 83 50 ex
489 1685 179 50 aliquibus
613 1685 69 50 ge-

172 1724 146 46 neratis
278 1724 199 46 terminatis.
438 1724 106 46 D.d.
504 1724 66 46 &
531 1724 120 46 illa,
597 1724 80 46 quae

173 1765 157 37 videntur
290 1765 104 37 esse
356 1765 157 37 diuersa,
473 1765 91 37 &c.
525 1765 78 37 i.
565 1765 65 37 &
578 1765 91 37 Anaxa

166 1800 143 51 goras,
266 1800 100 51 qui
323 1800 100 51 est
380 1800 157 51 coactus
495 1800 86 51 ad
524 1800 157 51 credendum

173 1837 110 61 omne
242 1837 165 61 generari
366 1837 83 61 ex
407 1837 124 61 omni,
490 1837 152 61 excusat
600 1837 83 61 se
628 1837 55 61 ex

696 181 97 51 hoc,
756 181 97 51 quod
817 181 133 51 apparet
914 181 121 51 sensu,
998 181 145 51 scilicet
1107 181 97 51 quia
1155 181 73 51 resl

700 229 142 45 videntur
807 229 154 45 diuersae,
925 229 130 45 dicendo
1020 229 59 45 &
1043 229 95 45 hoc,
1103 229 95 45 quod
1150 229 59 45 res

706 259 144 54 videntur
814 259 156 54 diuersae,
934 259 84 54 est
982 259 120 54 perper
1066 259 120 54 illud,
1138 259 72 54 quod

697 302 169 49 dominatur
827 302 78 49 in
866 302 104 49 illa
931 302 78 49 re
970 302 117 49 mixta
1048 302 78 49 ex
1074 302 130 49 partibui

698 336 173 42 infinitis.
833 336 74 42 v.
870 336 74 42 g.
907 336 136 42 quoniam
1006 336 99 42 tunc
1056 336 160 42 existimatur

699 376 86 54 hoc
748 376 98 54 esse
809 376 111 54 aqua,
883 376 123 54 quando
969 376 123 54 partes
1055 376 135 54 aquosae
1141 376 74 54 fue-

704 414 97 45 rint
764 414 73 45 in
801 414 73 45 eo
837 414 121 45 plures
922 414 85 45 qui
971 414 109 45 aliae
1043 414 121 45 partes
1116 414 97 45 infini

700 460 95 38 tae
755 460 136 38 mixtae
850 460 81 38 in
890 460 95 38 eo:
945 460 68 38 &
972 460 109 38 tunc
1026 460 190 38 existimantur

706 500 94 44 quod
765 500 94 44 haec
823 500 82 44 est
870 500 105 44 caro,
941 500 117 44 quando
1023 500 117 44 partes
1093 500 117 44 carnosae

696 532 142 51 fuerint
800 532 78 51 in
838 532 78 51 eo
877 532 129 51 plures
968 532 117 51 aliis
1046 532 155 51 partibus
1162 532 78 51 in

698 572 138 46 finitis
798 572 163 46 commixtis
923 572 75 46 in
960 572 88 46 eo:
1010 572 88 46 non
1060 572 100 46 quia
1123 572 75 46 in
1148 572 63 46 car

700 608 73 41 ne
736 608 85 41 non
785 608 98 41 sint
846 608 98 41 nisi
907 608 122 41 partes
992 608 146 41 carnosae
1090 608 122 41 tamndum,

700 647 121 51 sicut
780 647 215 51 existimatur:
955 647 121 51 neque
1036 647 81 51 in
1076 647 108 51 aqua
1130 647 81 51 nisi

706 684 128 51 partes
796 684 153 51 aquosae:
911 684 89 51 sed
962 684 77 51 in
1000 684 115 51 aqua,
1077 684 64 51 &
1102 684 115 51 aere,
1179 684 64 51 &

699 724 86 50 in
742 724 129 50 omni,
827 724 114 50 quod
899 724 243 50 distinguitur,
1099 724 100 50 non
1142 724 71 50 di-

698 761 177 54 stinguitur
838 761 101 54 nisi
901 761 127 54 perper
989 761 127 54 illud,
1078 761 101 54 quod
1128 761 89 54 habet

695 801 178 41 dominium
829 801 89 41 in
873 801 89 41 eo
918 801 89 41 ex
963 801 178 41 partibus
1081 801 134 41 consimi

696 838 121 45 libus
776 838 174 45 infinitis
910 838 81 45 in
951 838 148 45 numero,
1058 838 94 45 non
1112 838 81 45 in
1138 838 81 45 for-

701 878 83 53 ma.
748 878 118 53 dicunt
831 878 130 53 igitur,
926 878 95 53 quod
985 878 106 53 nihil
1056 878 83 53 est
1103 878 95 53 hic,
1150 878 71 53 quid

700 917 125 46 totum
783 917 97 46 sit
839 917 125 46 album
922 917 139 46 purum,
1020 917 97 46 aut
1075 917 139 46 nigrum
1158 917 56 46 pu

698 965 117 38 rum,
772 965 103 38 aut
830 965 132 38 dulce
918 965 146 38 purum,
1021 965 103 38 aut
1079 965 117 38 caro
1138 965 73 38 pu-

697 995 86 38 ra,
746 995 86 38 aut
795 995 74 38 os
832 995 123 38 purum,
918 995 86 38 sed
968 995 172 38 vnaquaeque
1103 995 86 38 res
1140 995 74 38 exi-

697 1036 166 38 stimatur
821 1036 110 38 esse
890 1036 83 38 de
932 1036 138 38 natura
1029 1036 152 38 illius,
1125 1036 83 38 quod

700 1069 112 51 magis
774 1069 87 51 est
824 1069 75 51 in
861 1069 87 51 ea:
911 1069 62 51 &
936 1069 99 51 quod
998 1069 112 51 illud
1072 1069 87 51 est
1122 1069 75 51 de
1147 1069 62 51 na-

702 1109 100 52 tura
765 1109 100 52 eius
828 1109 113 52 pura:
903 1109 63 52 &
928 1109 100 52 quod
991 1109 88 52 non
1041 1109 88 52 est
1092 1109 100 52 nisi
1142 1109 75 52 illa

692 1149 144 53 natura
792 1149 129 53 pura:
878 1149 72 53 &
907 1149 101 53 hoc
965 1149 101 53 est
1008 1149 129 53 falsum.

694 1229 149 37 Nationes
806 1229 174 37 afferuntur
942 1229 249 37 contraasserentes
1141 1229 75 37 prin

762 1268 118 47 cipia
841 1268 105 47 esse
906 1268 171 47 infinita.
1038 1268 105 47 Cap.
1090 1268 53 47 1.

768 1332 127 60 Iigitur
861 1332 161 60 infinitum,
987 1332 138 60 secundum
1091 1332 92 60 quod
1148 1332 81 60 in

771 1380 149 53 finitum,
882 1380 136 53 ignotum
981 1380 99 53 est,
1043 1380 149 53 secundum
1142 1380 62 53 mul

649 1360 99 64 c

715 1420 227 55 Atitudinem
893 1420 178 55 quidem,
1023 1420 113 55 aut
1071 1420 130 55 magni-

695 1461 176 53 tudinem
823 1461 208 53 infinitum
983 1461 176 53 ignotum
1095 1461 112 53 quan-

698 1505 108 54 tum
759 1505 169 54 quoddam
882 1505 123 54 est:
959 1505 185 54 secundum
1082 1505 123 54 formam

693 1543 167 54 quoque
810 1543 217 54 infinitum
977 1543 183 54 ignotum
1093 1543 117 54 quale

695 1596 162 39 quoddam
813 1596 118 39 est.
887 1596 206 39 principiis
1049 1596 133 39 autem
1123 1596 88 39 exi-

693 1632 177 42 stentibus
830 1632 177 42 infinitis
966 1632 164 42 secundum
1076 1632 136 42 multitu-

700 1673 133 42 dinem,
793 1673 66 42 &
819 1673 159 42 secundum
938 1673 159 42 speciem,
1045 1673 172 42 impossibile

693 1713 101 54 est
750 1713 101 54 ea,
808 1713 115 54 quae
880 1713 115 54 sunt
952 1713 86 54 ex
995 1713 115 54 his,
1053 1713 158 54 cognosce-

691 1752 115 50 re:
756 1752 115 50 sic
822 1752 131 50 enim
904 1752 229 50 cognoscere
1068 1752 147 50 composi

696 1795 124 47 tum
767 1795 266 47 arbitramur,
980 1795 124 47 cum
1034 1795 178 47 cognosci

691 1837 118 45 mus
759 1837 101 45 ex
809 1837 185 45 quibus,
944 1837 84 45 &
978 1837 135 45 quot
1045 1837 101 45 sit.
