1416 2066
192 181 167 52 Intendit
318 181 98 52 hic
373 181 98 52 per
429 181 181 52 elementum
555 181 167 52 principia,

194 222 84 44 qua
242 222 95 44 sunt
301 222 72 44 in
337 222 84 44 re.
385 222 60 44 &
409 222 119 44 dixit,
492 222 95 44 quod
552 222 107 44 habet
612 222 107 44 maximam

201 269 155 42 quodnem,
317 269 116 42 licet
395 269 90 42 iam
446 269 181 42 apparuerit
588 269 77 42 ex
614 269 103 42 dispu-

206 300 146 39 tatione
312 300 173 39 principia
445 300 106 39 esse
512 300 120 39 tria,
591 300 106 39 quia
645 300 66 39 ne-

204 336 93 54 cesse
266 336 73 54 est
307 336 114 54 ponetur
391 336 104 54 illud,
463 336 83 54 quid
515 336 114 54 recipit
598 336 83 54 esse
640 336 83 54 genera

204 381 105 37 tum,
270 381 118 37 ipsum
349 381 105 37 esse
414 381 184 37 subiectum,
559 381 92 37 aut
599 381 118 37 contra-

204 421 105 46 rium.
274 421 70 46 Si
310 421 117 46 igitur
391 421 117 46 fuerit
473 421 175 46 contrarium,
602 421 117 46 contiget

203 453 202 45 contrarium
361 453 173 45 alterari
491 453 86 45 in
534 453 115 45 suum
591 453 130 45 contra-

205 492 102 51 rium,
273 492 79 51 ita
318 492 91 51 quod
375 492 79 51 non
420 492 91 51 esse
477 492 147 51 alteretur
590 492 68 51 in
624 492 102 51 esse,
692 492 57 51 &

208 533 145 47 mutetur
313 533 79 47 in
353 533 132 47 illud:
445 533 105 47 quod
510 533 92 47 est
563 533 118 47 valde
629 533 92 47 ipro-

197 571 141 51 babile.
300 571 90 51 Et,
351 571 77 51 si
390 571 180 51 posuerimus
531 571 103 51 quod
583 571 141 51 subiectum

209 606 86 55 est
258 606 171 55 recipiens,
392 606 61 55 &
417 606 98 55 quod
478 606 171 55 contrarium
601 606 122 55 recedit,

206 645 175 55 continget
340 645 81 55 vt
381 645 81 55 in
421 645 189 55 substantia
570 645 94 55 non
624 645 94 55 sit
664 645 54 55 ge

198 685 133 53 neratio
295 685 133 53 omnino.
391 685 157 53 subiectum
512 685 97 53 enim
572 685 85 53 est
608 685 109 53 aliquid

206 725 145 39 demtratum
317 725 67 39 in
351 725 167 39 substantia.
485 725 56 39 &
507 725 190 39 vniversaliter
652 725 67 39 con-

211 764 115 50 tingit,
294 764 63 50 vt
326 764 115 50 aliquid
409 764 84 50 sit,
462 764 115 50 anteque
545 764 84 50 sit.
598 764 126 50 quoniam,
681 764 42 50 si

210 797 82 59 non
257 797 82 59 sit
304 797 94 59 nisi
363 797 70 59 ex
398 797 176 59 substantia,
539 797 94 59 quae
598 797 82 59 est
633 797 82 59 subie

203 839 105 43 ctum,
273 839 58 43 &
297 839 94 43 ista
355 839 164 43 substantia
484 839 82 43 sit
531 839 140 43 communis
624 839 82 43 omnib

206 879 166 55 entibus,
331 879 69 55 &
359 879 97 55 ens
414 879 97 55 non
470 879 180 55 generatur
608 879 111 55 nisi
664 879 55 55 ex

203 917 111 46 ente.
277 917 99 46 ergo
339 917 87 46 ens
388 917 87 46 est
438 917 148 46 antequam
549 917 173 46 generetur.
685 917 62 46 &

209 958 115 44 ista
280 958 115 44 quod
352 958 143 44 coegit
452 958 143 44 plures
553 958 172 44 Antiquos
668 958 57 44 ad

203 1004 161 47 negandum
323 1004 228 47 generationem.
511 1004 107 47 D.d.
578 1004 107 47 tunc
632 1004 80 47 enim

214 1037 214 38 procedimus,
385 1037 100 38 &c.
442 1037 71 38 &
471 1037 86 38 in
513 1037 100 38 via
556 1037 157 38 doctrinae

207 1077 77 49 &
237 1077 92 49 q.
284 1077 92 49 d.
330 1077 77 49 &
361 1077 216 49 intendimus
515 1077 200 49 consyderare

212 1113 89 49 prius
271 1113 59 49 de
301 1113 89 49 rebus
360 1113 168 49 vniversalibus
498 1113 148 49 communibus,
616 1113 79 49 quia
656 1113 59 49 ista

207 1158 150 36 doctrina
319 1158 88 36 est
369 1158 175 36 naturalis.
507 1158 88 36 est
557 1158 100 36 enim
607 1158 113 36 doctri-

191 1191 103 52 na,
250 1191 133 52 cuius
339 1191 251 52 propositiones
546 1191 177 52 acceptae
664 1191 59 52 in

192 1228 85 52 ea
234 1228 114 52 sunt
305 1228 170 52 maximae,
433 1228 71 52 &
462 1228 114 52 sine
532 1228 156 52 mediis,
632 1228 85 52 &cum

208 1270 97 40 hoc
264 1270 250 40 manifestiores,
472 1270 69 40 &
499 1270 97 40 non
555 1270 152 40 accidit
666 1270 83 40 in

194 1309 74 52 ea
231 1309 161 52 iteratio.
355 1309 74 52 Et
392 1309 149 52 intendit
504 1309 87 52 per
554 1309 149 52 communem
653 1309 62 52 ge-

194 1348 187 48 nerationem,
343 1348 212 48 generationem,
518 1348 100 48 quae
580 1348 87 48 fit
630 1348 75 48 in
655 1348 62 48 sub

192 1391 172 44 stantia,
321 1391 72 44 &
350 1391 86 44 in
393 1391 158 44 omnibus
508 1391 230 44 pdicamentis,
680 1391 43 44 &

210 1426 74 51 de
247 1426 173 51 substantia
382 1426 197 51 generationem
542 1426 148 51 communem
641 1426 74 51 qua-

206 1463 97 48 tuor
266 1463 170 48 corporibus
400 1463 145 48 scilicet
509 1463 109 48 igni,
582 1463 61 48 &
606 1463 121 48 aquae,
691 1463 61 48 &

209 1504 120 49 aeri,
288 1504 66 49 &
315 1504 146 49 terrae,
421 1504 66 49 &
448 1504 186 49 corporibus
581 1504 133 49 composi-

217 1539 80 51 tis,
267 1539 50 51 &
287 1539 171 51 vniversaliter
428 1539 171 51 venerationem,
568 1539 80 51 quae
619 1539 70 51 est
649 1539 70 51 vnius

203 1571 78 63 ex
242 1571 104 63 vno.
307 1571 104 63 ista
373 1571 104 63 enim
438 1571 170 63 generatio
568 1571 91 63 est
608 1571 117 63 quatuor

201 1620 253 40 elementorum,
407 1620 79 40 &
439 1620 269 40 compositorum.
645 1620 63 40 ge

212 1661 145 43 neratio
317 1661 132 43 autem,
409 1661 105 43 quae
475 1661 92 43 est
528 1661 118 43 vnius
607 1661 79 43 ex
633 1661 92 43 pluri

206 1698 112 40 bus,
276 1698 225 40 perscrutanda
459 1698 98 40 est
515 1698 84 40 in
557 1698 127 40 libro
642 1698 84 40 de
670 1698 56 40 Ge

200 1740 194 39 neratione.
353 1740 69 39 &
381 1740 97 39 hoc
436 1740 208 39 intendebat,
603 1740 97 39 cum
645 1740 69 39 di-

206 1773 108 52 xit
267 1773 154 52 deinde
375 1773 277 52 consyderabimus
605 1773 123 52 post
667 1773 61 52 de

208 1820 176 46 propriis,
344 1820 81 46 i.
384 1820 81 46 de
425 1820 162 46 propriis
533 1820 190 46 existentibus

198 1853 90 61 in
243 1853 224 61 generatione
422 1853 254 61 vniuscuiusque
616 1853 105 61 gene

737 181 109 53 rum
800 181 264 53 generabilium,
1017 181 78 53 &
1048 181 109 53 hoc
1111 181 109 53 est
1173 181 93 53 in
1204 181 62 53 om

739 221 115 50 nibus
816 221 154 50 partibus
931 221 128 50 istius
1021 221 179 50 scientiae.
1161 221 77 50 de
1187 221 64 50 ge-

731 268 191 43 neratione
878 268 147 43 autem,
981 268 73 43 &
1010 268 220 43 corruptione
1172 268 88 43 cor-

740 298 150 48 porum
840 298 250 48 simplicium,
1040 298 83 48 &
1057 298 200 48 composito-

736 336 99 42 rum
792 336 169 42 loquitur
919 336 85 42 in
961 336 127 42 libro
1046 336 113 42 peri
1102 336 141 42 Geneseos

741 377 74 41 &
771 377 104 41 in.
830 377 89 41 4.
874 377 222 41 Meteororum:
1052 377 74 41 &
1081 377 89 41 de
1111 377 148 41 propriis

738 417 245 49 vniuscuiusque
940 417 231 49 compositorum
1113 417 144 49 loquitur

738 452 75 39 in
776 452 126 39 librom
864 452 75 39 de
902 452 151 39 Mineris,
1015 452 63 39 &
1040 452 75 39 in
1077 452 100 39 lib.
1140 452 75 39 de
1165 452 88 39 Plan-

738 492 100 39 tis,
801 492 63 39 &
826 492 75 39 in
864 492 100 39 lib.
927 492 75 39 de
964 492 188 39 Animalibus.
1115 492 88 39 sed
1153 492 100 39 librum

730 533 96 53 de
778 533 176 53 Mineris
906 533 112 53 non
970 533 192 53 habemus,
1115 533 144 53 neque
1195 533 64 53 de

733 570 160 39 Plantis,
852 570 106 39 nisi
919 570 106 39 duos
972 570 160 39 tractatus.

771 612 155 47 Dicimus
884 612 113 47 enim
954 612 127 47 fieri
1039 612 85 47 ex
1081 612 113 47 alio
1137 612 113 47 aliud,

731 653 78 46 &
763 653 94 46 ex
809 653 156 46 altero
919 653 187 46 alterum,
1059 653 109 46 aut
1106 653 140 46 simpli-

733 692 104 47 cia
792 692 193 47 dicentes,
941 692 104 47 aut
1000 692 208 47 composita.
1148 692 104 47 dico-

735 733 130 43 autem
821 733 101 43 hoc
879 733 116 43 sic.
951 733 101 43 est
1009 733 116 43 enim
1082 733 130 43 fieri
1154 733 101 43 homi-

731 777 121 49 nem
800 777 207 49 musicum,
955 777 121 49 est
1024 777 155 49 autem
1128 777 86 49 &
1163 777 121 49 non

735 817 195 49 musicum
877 817 213 49 quippiam
1036 817 159 49 fieri
1125 817 124 49 musi-

733 864 137 49 cum,
818 864 119 49 aut
887 864 119 49 non
955 864 188 49 musicum
1074 864 171 49 hominem,

734 901 151 45 honem
835 901 201 45 musicum.
985 901 184 45 Simplex
1102 901 151 45 igitur,

735 949 127 44 dico
814 949 127 44 quod
893 949 158 44 factum
1004 949 127 44 est,
1083 949 174 44 homnem,
1210 949 79 44 &

737 984 124 56 non
808 984 213 56 musicum,
968 984 89 56 &
1003 984 142 56 quod
1092 984 124 56 fit
1145 984 106 56 sim-

740 1028 143 47 plex,
835 1028 190 47 musicum:
978 1028 222 47 compositum
1137 1028 111 47 autem

734 1069 82 49 &
766 1069 132 49 quod
849 1069 132 49 fit,
931 1069 82 49 &
964 1069 132 49 quod
1046 1069 165 49 factum
1145 1069 99 49 est,

731 1118 113 38 cum
796 1118 113 38 non
860 1118 178 38 musicum
990 1118 178 38 hominem
1103 1118 146 38 dicimus

727 1153 174 50 fieri
843 1153 212 50 musicum
997 1153 193 50 honem.
1113 1153 135 50 Horum

731 1196 132 54 autem
819 1196 102 54 hoc
878 1196 146 54 quidem
980 1196 102 54 non
1039 1196 132 54 solum
1112 1196 146 54 dicitur,

735 1237 98 53 hoc
791 1237 154 53 aliquid
903 1237 140 53 fieri,
1001 1237 98 53 sed
1058 1237 126 53 etiam
1142 1237 84 53 ex
1170 1237 84 53 hoc,

728 1280 106 43 vt
781 1280 106 43 ex
834 1280 123 43 non
905 1280 176 43 musico
1028 1280 211 43 musicus.
1169 1280 88 43 hoc

736 1325 135 45 autem
826 1325 105 45 non
886 1325 165 45 dicitur
1007 1325 90 45 in
1052 1325 180 45 omnibus.
1172 1325 75 45 non

733 1365 121 45 enim
809 1365 91 45 ex
854 1365 136 45 hoine
945 1365 152 45 factus
1051 1365 106 45 est
1097 1365 136 45 musicus

734 1407 116 44 sed
801 1407 133 44 homo
884 1407 166 44 factus
1000 1407 116 44 est
1049 1407 166 44 musicus.

785 1453 175 65 Dicamus
913 1453 159 65 igitur
1024 1453 143 65 quod,
1120 1453 112 65 cum
1167 1453 80 65 di-

732 1501 143 53 cimus
827 1501 174 53 aliquid
954 1501 190 53 generari
1097 1501 95 53 ex
1128 1501 127 53 aliquo

730 1549 141 69 alio,
824 1549 78 69 &
856 1549 126 69 quod
934 1549 267 69 vniuersaliter
1138 1549 110 69 gene-

730 1596 154 65 rabile
837 1596 200 65 generatur
991 1596 92 65 ex
1037 1596 169 65 aliquo,
1145 1596 108 65 forte

734 1659 207 47 intendimus
897 1659 207 47 simplicia,
1059 1659 74 47 &
1089 1659 133 47 forte
1162 1659 89 47 com-

736 1697 158 57 posita.
851 1697 72 57 &
880 1697 187 57 intelligo
1024 1697 115 57 hoc,
1096 1697 115 57 quod
1153 1697 101 57 narra

733 1753 95 49 bo
781 1753 127 49 homo
860 1753 111 49 fit
924 1753 191 49 musicus,
1067 1753 79 49 &
1098 1753 111 49 non
1146 1753 111 49 musi-

730 1793 112 63 cus
794 1793 112 63 fit
858 1793 191 63 musicus,
1001 1793 80 63 &
1033 1793 128 63 homo
1113 1793 112 63 non
1160 1793 96 63 musi

738 1837 97 69 cus
794 1837 97 69 sit
849 1837 111 69 homo
919 1837 167 69 musicus.
1044 1837 181 69 intelligo
1170 1837 84 69 hic,
