1416 2066
173 181 146 69 tanto
270 181 146 69 magis
367 181 195 69 expulsio
513 181 130 69 erit
578 181 130 69 semper

191 233 211 43 velocior.
353 233 162 43 Vacuum
466 233 130 43 vero
547 233 146 43 nulla
628 233 81 43 ha-

196 281 105 66 bet
256 281 255 66 comparationem
466 281 90 66 ad
511 281 165 66 corpus,
631 281 105 66 per

188 332 128 63 quam
268 332 160 63 corpus
380 332 176 63 excedat
508 332 160 63 ipsum,
604 332 96 63 que-

188 380 195 62 admodum
330 380 178 62 nullam
455 380 160 62 habet
543 380 160 62 compara

189 428 143 62 tionem
289 428 143 62 illud,
389 428 115 62 quod
461 428 100 62 non
518 428 157 62 dicitur
618 428 86 62 vnum

194 476 150 62 omnino
299 476 90 62 ad
344 476 150 62 illud,
449 476 120 62 quod
524 476 165 62 dicitur
629 476 75 62 nu-

192 526 160 64 merus.
304 526 176 64 Quatuor
432 526 144 64 enim,
527 526 96 64 si
559 526 144 64 excedut

195 573 126 53 tria
274 573 110 53 per
337 573 142 53 vnum,
431 573 189 53 excedunt
573 573 110 53 duo
620 573 79 53 per

194 625 164 60 magis,
308 625 98 60 et
358 625 197 60 excedunt
505 625 131 60 vnum
587 625 115 60 per
636 625 66 60 ma

193 677 118 61 gis
260 677 101 61 ad
311 677 118 61 non
378 677 151 61 vnum,
479 677 118 61 non
546 677 134 61 vnum
613 677 101 61 vero

711 180 161 64 nullam
823 180 145 64 habet
920 180 273 64 proportionem,
1129 180 112 64 quaus

719 236 171 58 excedat
844 236 156 58 ipsum.
953 236 187 58 excedens
1093 236 125 58 enim
1155 236 78 58 di-

716 284 158 62 uiditur
831 284 202 62 necessario
989 284 86 62 in
1032 284 101 62 id,
1090 284 115 62 quod
1148 284 86 62 exce

715 340 172 54 ditur,
835 340 86 54 &
870 340 241 54 augmentum.
1059 340 138 54 ergo
1128 340 103 54 qua-

715 380 114 46 tuor
786 380 200 46 diuiduntur
943 380 86 46 in
986 380 114 46 haec
1058 380 114 46 duo,
1129 380 86 46 in
1158 380 71 46 ex-

720 428 164 66 cessum,
839 428 75 66 &
869 428 89 66 et
914 428 89 66 in
959 428 104 66 non
1018 428 134 66 vnum.
1108 428 89 66 Et
1138 428 89 66 ideo

714 482 147 56 Linea
812 482 147 56 etiam
909 482 114 56 non
975 482 179 56 excedit
1089 482 130 56 punctu

717 525 105 62 cum
777 525 105 62 non
837 525 210 62 componitur
1003 525 90 62 ex
1048 525 180 62 punctis.
1168 525 60 62 Et

715 572 225 62 similiter
888 572 173 62 vacuum
1009 572 121 62 non
1078 572 156 62 habet
1165 572 69 62 ad

720 636 159 55 plenum
831 636 270 55 proportionem:
1054 636 127 55 ergo
1118 636 111 55 neque

710 685 134 33 etiam
800 685 134 33 motus
889 685 119 33 erit
964 685 89 33 in
993 685 75 33 eo.

219 1811 114 52 Haec
290 1811 100 52 est
347 1811 114 52 alia
419 1811 243 52 demonstratio,
619 1811 86 52 in
648 1811 71 52 qua

183 1853 179 51 declarat
317 1853 119 51 quod
392 1853 223 51 impossibile
570 1853 104 51 est
630 1853 74 51 m
645 1853 74 51 tum

183 1892 135 50 fieri
273 1892 180 50 mediante
408 1892 135 50 vacuo
499 1892 195 50 separato.
634 1892 60 50 Et

185 1933 127 54 dixit:
274 1933 76 54 Et
312 1933 152 54 apparet,
427 1933 89 54 &c.
478 1933 76 54 i.
516 1933 64 54 &
541 1933 102 54 hoc,
605 1933 102 54 quod
655 1933 64 54 di

697 1812 106 52 ximus
768 1812 141 52 scilicet
874 1812 94 52 quod
933 1812 177 52 impossibile
1074 1812 82 52 est
1121 1812 71 52 vt
1145 1812 82 52 motus

696 1852 101 53 fiat
760 1852 76 53 in
798 1852 127 53 vacuo,
886 1852 139 53 apparet
987 1852 76 53 ex
1025 1852 101 53 hoc,
1089 1852 139 53 quoniam
1177 1852 51 53 vi

696 1892 136 53 demus
787 1892 166 53 corpora
908 1892 151 53 grauia
1013 1892 197 53 diuersari
1165 1892 91 53 in

693 1928 128 43 motu
773 1928 192 43 secundum
917 1928 257 43 velocitatem,
1126 1928 80 43 &
1142 1928 80 43 tar
