1416 2066
184 156 79 38 sed
229 156 147 38 transitio
342 156 68 38 de
376 156 79 38 non
421 156 90 38 esse
477 156 68 38 ad
511 156 90 38 esse
568 156 79 38 per
613 156 90 38 med.
658 156 45 38 um

185 190 99 35 sieri
251 190 110 35 solet,
328 190 66 35 vt
361 190 132 35 testatur
461 190 165 35 Philosophus
593 190 66 35 in
626 190 99 35 quin¬

185 221 76 39 to
223 221 76 39 de
261 221 190 39 generatione
413 221 165 39 animalium
540 221 152 39 capitulo
642 221 63 39 pri

187 251 85 33 mo.
236 251 159 33 Soluitur.
358 251 110 33 inter
431 251 85 33 non
479 251 98 33 esse
540 251 61 33 &
565 251 98 33 esse
614 251 85 33 abso-

184 284 101 31 lute
247 284 88 31 non
298 284 88 31 est
348 284 139 31 medium,
449 284 63 31 &
474 284 113 31 talia
550 284 101 31 sunt
600 284 101 31 extre-

182 312 70 35 ma
217 312 223 35 contradictionis
405 312 59 35 &
428 312 199 35 generationis:
593 312 82 35 sed
639 312 82 35 in¬

181 347 81 30 ter
228 347 81 30 non
274 347 93 30 esse
332 347 185 30 simpliciter,
483 347 58 30 &
506 347 93 30 esse
564 347 70 30 in
599 347 93 30 actu
645 347 58 30 se-

181 376 135 34 cundo,
276 376 108 34 quod
344 376 95 34 est
398 376 108 34 esse
466 376 189 34 perfectum,
601 376 108 34 mediat

183 410 102 32 actus
251 410 124 32 primus.
341 410 57 32 &
364 410 79 32 ita
409 410 170 32 Aristoteles
545 410 102 32 dicit
601 410 102 32 aliter-

184 443 137 31 nansiri
283 443 75 31 ex
321 443 100 31 pura
383 443 174 31 priuatione
520 443 75 31 ad
557 443 112 31 actum
620 443 87 31 secun

189 474 96 34 dum
244 474 96 34 per
299 474 124 34 actum
381 474 151 34 primum.
491 474 96 34 qui
546 474 151 34 secundo
642 474 55 34 de

187 500 108 38 anima
259 500 96 38 est,
319 500 108 38 sicut
391 500 132 38 somnus,
487 500 60 38 &
511 500 156 38 scientia:
619 500 84 38 actus

190 540 88 30 vero
245 540 132 30 secundus
344 540 77 30 est
388 540 99 30 sicut
454 540 132 30 vigilia,
553 540 55 30 &
575 540 99 30 sicut
630 540 66 30 con-

190 567 152 35 syderare.
307 567 58 35 &
331 567 94 35 illo
389 567 94 35 modo
448 567 175 35 Aristoteles
576 567 129 35 loquitur,

185 599 83 35 ibi
233 599 154 35 asserens,
351 599 95 35 quod
410 599 154 35 transitio
529 599 71 35 de
565 599 83 35 non
612 599 95 35 esse
660 599 47 35 ad

186 630 94 36 esse
245 630 82 36 per
292 630 117 36 medium
374 630 106 36 fieri
445 630 117 36 solet,
527 630 153 36 quaesiuit
633 630 70 36 enim

184 660 90 37 ibi
235 660 115 37 vtrum
312 660 77 37 in
351 660 115 37 prima
427 660 154 37 animalis
530 660 166 37 generatione

189 692 119 37 somnus
272 692 155 37 praecedat
391 692 155 37 vigiliam,
511 692 71 37 an
546 692 131 37 vigilia
630 692 71 37 som-

188 731 99 35 num,
250 731 62 35 &
274 731 149 35 asserit,
386 731 161 35 propterea
510 731 99 35 quia
572 731 124 35 somnus
646 731 50 35 ta

189 755 82 32 lis
236 755 82 32 sua
283 755 118 32 natura
366 755 94 32 esse
425 755 141 32 videtur,
530 755 71 32 vt
566 755 141 32 viuendi,
672 755 59 32 &

186 789 93 39 non
239 789 146 39 viuendi
345 789 225 39 interliminium
530 789 106 39 est,
596 789 66 39 &
609 789 93 39 neque

183 820 125 30 omnino
270 820 88 30 sit
320 820 88 30 qui
370 820 138 30 dormit,
470 820 113 30 neque
545 820 88 30 non
595 820 100 30 sit:
645 820 50 30 vi

180 852 126 30 uitur
264 852 112 30 enim
334 852 196 30 potissimum
488 852 154 30 propter
586 852 112 30 sensum

182 880 98 33 sed,
243 880 74 33 si
280 880 123 33 animal
366 880 123 33 habere
452 880 123 33 sensum
538 880 135 33 necesse
624 880 74 33 est,

181 914 72 32 &
209 914 115 32 tunc
281 914 144 32 primum
382 914 101 32 est
440 914 144 32 animal
541 914 101 32 cum
584 914 115 32 primum

182 949 157 36 contingit
303 949 133 36 sensus,
399 949 121 36 primam
484 949 109 36 illam
544 949 157 36 dispositio-

181 980 98 35 nem
237 980 98 35 non
293 980 155 35 somnum,
406 980 98 35 sed
462 980 155 35 similem
575 980 127 35 somno
645 980 56 35 pu

185 1012 137 30 tandum
281 1012 110 30 est,
350 1012 96 30 &c.
405 1012 96 30 ibi
460 1012 110 30 vult
529 1012 124 30 actum
597 1012 110 30 primum

187 1044 134 38 mediare
284 1044 110 38 inter
358 1044 85 38 non
406 1044 98 38 esse
467 1044 61 38 &
492 1044 98 38 esse
553 1044 73 38 in
589 1044 98 38 actu
638 1044 61 38 se-

193 1068 111 41 cundo
266 1068 61 41 &
279 1068 135 41 perfecto,

221 1099 144 39 Secunda
326 1099 209 39 contradictio
496 1099 92 39 est
548 1099 79 39 in
574 1099 131 39 commento

186 1133 142 30 octauo.
289 1133 116 30 Dicit
367 1133 142 30 Commen.
470 1133 103 30 quod
535 1133 142 30 materia
638 1133 90 30 non

183 1170 91 33 est
235 1170 78 33 in
274 1170 117 33 loco.
353 1170 170 33 oppositum
483 1170 144 33 apparet
588 1170 117 33 primo
653 1170 52 33 de

189 1193 186 34 generatione
337 1193 136 34 commen.
436 1193 87 34 27.
486 1193 87 34 vbi
535 1193 136 34 dicitur
622 1193 74 34 quo-

192 1222 115 37 illud,
272 1222 69 37 ex
306 1222 80 37 quo
352 1222 126 37 aliquid
444 1222 160 37 generatur,
570 1222 126 37 necesse
650 1222 57 37 est

190 1257 70 33 vt
225 1257 81 33 sit
272 1257 70 33 in
307 1257 105 33 loco.
376 1257 151 33 Soluitur.
493 1257 140 33 materiam
597 1257 81 33 non
632 1257 70 33 esse

183 1292 67 30 in
216 1292 90 30 loco
273 1292 79 30 per
317 1292 79 30 se,
362 1292 79 30 sed
407 1292 79 30 per
452 1292 146 30 accidens.
564 1292 123 30 ratione
643 1292 56 30 vi-

188 1323 123 38 delicet
277 1323 112 38 totius
355 1323 145 38 generati,
467 1323 100 38 cuius
534 1323 89 38 ipsa
589 1323 78 38 est
623 1323 78 38 pars,

185 1351 94 35 quod
244 1351 117 35 quidem
326 1351 82 35 per
373 1351 70 35 se
408 1351 82 35 est
455 1351 70 35 in
490 1351 105 35 loco.
560 1351 70 35 Et
584 1351 117 35 Philoso-

188 1382 94 41 phus
247 1382 142 41 destruit
354 1382 83 41 hic
401 1382 142 41 materiam
507 1382 83 41 non
554 1382 94 41 esse
613 1382 71 41 in
637 1382 59 41 lo-

185 1416 78 34 co,
229 1416 67 34 vt
263 1416 78 34 est
308 1416 134 34 separata
408 1416 56 34 a
430 1416 134 34 physicis
531 1416 167 34 corporibus,
653 1416 45 34 vt

185 1448 197 41 imaginabantur
348 1448 139 41 Antiqui.
452 1448 104 41 tamen
521 1448 69 41 vt
556 1448 81 41 est
602 1448 69 41 in
626 1448 69 41 phy-

190 1480 95 34 sicis
253 1480 158 34 corporibus,
379 1480 74 34 sic
421 1480 74 34 est
463 1480 63 34 in
494 1480 84 34 loco
547 1480 74 34 per
589 1480 137 34 accidens:

193 1511 94 40 quia
252 1511 129 40 locatur
346 1511 71 40 ad
381 1511 165 40 locationem
511 1511 129 40 illius,
605 1511 82 40 cui
640 1511 59 40 per

184 1541 77 37 se
223 1541 141 37 debetur
325 1541 128 37 locus.
415 1541 115 37 Esset
492 1541 115 37 tamen
569 1541 90 37 hic
607 1541 90 37 locus

185 1574 181 36 dubitation
327 1574 78 36 is
366 1574 78 36 in
405 1574 91 36 via
457 1574 168 36 Commenta.
586 1574 78 36 an
612 1574 78 36 mate

179 1605 77 37 ria
223 1605 77 37 sit
267 1605 66 37 in
300 1605 88 37 loco
356 1605 77 37 non
400 1605 121 37 ratione
488 1605 121 37 totius,
577 1605 77 37 sed
610 1605 88 37 ratio-

179 1637 70 37 ne
214 1637 93 37 sui,
273 1637 82 37 vel
320 1637 129 37 ratione
413 1637 140 37 alicuius
518 1637 187 37 consequentis
658 1637 47 37 ad

182 1668 124 36 ipsam.
268 1668 74 36 Et
305 1668 136 36 videtur
404 1668 99 36 quod
466 1668 99 36 sic.
528 1668 87 36 nam
565 1668 136 36 stantibus

181 1699 206 41 quantitatibus
350 1699 194 41 interminatis
507 1699 169 41 coxeternis
628 1699 73 41 ipsi

189 1731 156 31 materiae,
309 1731 132 31 videtur
405 1731 96 31 quod
464 1731 96 31 sibi
524 1731 132 31 debetur
608 1731 84 31 locus

180 1763 91 32 Nam
232 1763 143 32 videtur
336 1763 104 32 quod
401 1763 117 32 ratio
480 1763 143 32 locandi
571 1763 130 32 absolute

183 1793 131 33 sumatur
278 1793 60 33 a
302 1793 179 33 quantitate,
446 1793 107 33 iuxta
517 1793 107 33 illud
577 1793 119 33 Philoso-

186 1827 87 38 phi
235 1827 124 38 quarto
322 1827 149 38 physico.
434 1827 112 38 textu
508 1827 136 38 commen.
607 1827 87 38 76.
644 1827 50 38 Si

182 1861 136 29 corpus
277 1861 122 29 cubum
359 1861 176 29 separatum
494 1861 68 29 a
508 1861 190 29 qualitatibus

179 1887 194 35 fensibilibus
336 1887 133 35 ponatur
433 1887 73 35 in
470 1887 109 35 aqua,
542 1887 121 35 tantum
615 1887 85 35 cedit

719 157 96 33 sibi
779 157 108 33 aqua,
851 157 120 33 quanta
934 157 84 33 est
982 157 84 33 sua
1030 157 155 33 dimensio.
1149 157 72 33 Ad
1185 157 84 33 hoc
1221 157 36 33 s

721 189 147 37 diceretur
834 189 90 37 quod
890 189 124 37 materia
981 189 79 37 sub
1026 189 192 37 quantitatibus
1184 189 79 37 in¬

719 220 173 36 terminatis
855 220 185 36 consyderata
1003 220 74 36 vt
1040 220 161 36 abstrabit
1164 220 74 36 ab
1189 220 49 36 om

723 253 73 30 ni
759 253 109 30 forma
832 253 206 30 substantiali,
1002 253 61 30 &
1026 253 73 30 ab
1063 253 97 30 omni
1111 253 134 30 qualitate

721 281 135 34 sensibili,
828 281 58 34 vt
857 281 68 34 sic
895 281 68 34 non
934 281 68 34 est
973 281 77 34 ens,
1021 281 77 34 nisi
1069 281 58 34 in
1098 281 87 34 anima
1146 281 97 34 secundum

722 316 96 31 viam
782 316 120 31 Auerr.
866 316 84 31 12.
914 316 108 31 meta.
987 316 96 31 com.
1047 316 84 31 14.
1095 316 60 31 &
1119 316 84 31 ita
1155 316 84 31 etiam

720 348 145 38 dicetetur
831 348 89 38 esse
887 348 67 38 in
920 348 89 38 loco
976 348 134 38 secundum
1065 348 178 38 imaginationem,

719 381 87 29 aut
768 381 162 29 diceretur
893 381 100 29 esse
956 381 75 29 in
993 381 100 29 loco
1043 381 200 29 indeterminate.

722 410 80 33 sed
767 410 91 33 quod
824 410 80 33 sit
870 410 68 33 in
904 410 114 33 aliquo
983 410 91 33 loco
1040 410 171 33 determinato
1165 410 80 33 requi

719 443 110 39 ritur
792 443 159 39 quantitas
915 443 159 39 terminata
1037 443 61 39 &
1061 443 122 39 forma,
1147 443 73 39 ad
1172 443 73 39 quam

722 476 180 31 consequitur
866 476 108 31 talis
938 476 168 31 quantitas.
1070 476 60 31 &
1094 476 84 31 sic
1130 476 108 31 dicimus

722 504 163 34 subiectum
848 504 201 34 generationis
1011 504 88 34 non
1061 504 163 34 occupare.
1174 504 63 34 lo-

720 537 89 31 cum
771 537 215 31 determinatum,
948 537 63 31 &
974 537 76 31 si
1012 537 114 31 illud
1088 537 89 31 sit
1126 537 114 31 materia

727 568 134 45 quanta.
824 568 146 45 Soluitur
934 568 122 45 igitur
1019 568 195 45 contradictio
1166 568 73 45 quod

726 598 125 41 Commen.
817 598 80 41 non
862 598 102 41 dixit
931 598 91 41 quod
988 598 114 41 illud,
1067 598 68 41 ex
1101 598 80 41 quo
1136 598 102 41 aliquid

724 631 137 37 generatur
829 631 74 37 sit
871 631 63 37 in
902 631 84 37 loco
955 631 74 37 per
997 631 74 37 se,
1039 631 74 37 sed
1081 631 95 37 dixit
1144 631 84 37 quod
1186 631 53 37 hoc

727 662 84 37 est,
779 662 73 37 aut
821 662 73 37 per
863 662 73 37 se,
904 662 73 37 aut
946 662 73 37 per
988 662 136 37 accidens,
1093 662 94 37 sicut
1145 662 94 37 dicimus

725 689 75 34 de
763 689 151 34 materia.
876 689 100 34 ecce
939 689 100 34 quod
1002 689 100 34 vult
1064 689 151 34 materiam
1165 689 75 34 esse

718 723 73 44 in
754 723 97 44 loco
815 723 85 44 per
864 723 158 44 accidens.
985 723 85 44 fed
1034 723 121 44 quando
1119 723 121 44 dixit:
1191 723 49 44 f-

728 755 127 35 physico.
823 755 116 35 commen.
908 755 63 35 6.
940 755 84 35 quod
992 755 116 35 materia
1077 755 74 35 non
1119 755 74 35 est
1161 755 63 35 in
1182 755 53 35 lo-

723 788 77 39 co,
767 788 153 39 intellexit
887 788 77 39 eam
931 788 77 39 non
975 788 88 39 esse
1030 788 66 39 in
1063 788 88 39 loco
1117 788 77 39 per
1161 788 77 39 se.
1205 788 55 39 &

720 817 96 33 ista
780 817 84 33 non
828 817 205 33 contradicunt.
997 817 84 33 Aut
1045 817 133 33 aliter,
1142 817 84 33 non
1178 817 60 33 est

721 850 70 32 in
756 850 94 32 loco
815 850 188 32 determinato,
967 850 82 32 est
1014 850 94 32 bene
1073 850 70 32 in
1108 850 94 32 loco
1155 850 82 32 inde-

721 877 173 45 terminato.
857 877 87 45 Sed
906 877 112 45 prima
981 877 136 45 solutio
1080 877 87 45 est
1129 877 112 45 magis
1191 877 50 45 ad

716 912 142 35 mentem
815 912 213 35 Philosophi,
985 912 71 35 &
1013 912 184 35 Commenta.
1141 912 99 35 primo

721 942 68 44 de
755 942 170 44 generatione
890 942 90 44 tex.
947 942 124 44 commen.
1037 942 68 44 2.
1071 942 68 44 7.
1105 942 102 44 sicut
1162 942 79 44 vide-

719 974 70 39 re
743 974 117 39 poteris.

762 1005 111 38 Tertia
840 1005 144 38 contradi.
951 1005 78 38 est
995 1005 67 38 in
1028 1005 89 38 com.
1084 1005 67 38 9.
1117 1005 100 38 Dicit
1172 1005 67 38 Com.

722 1044 84 35 quod
774 1044 178 35 contrarietas,
920 1044 84 35 quae
973 1044 73 35 est
1014 1044 63 35 in
1046 1044 157 35 loco,latet.
1171 1044 52 35 &
1182 1044 52 35 ean

720 1068 84 38 dem
768 1068 168 38 sententiam
900 1068 120 38 habet.
984 1068 72 38 S.
1020 1068 144 38 physico.
1128 1068 96 38 com.
1176 1068 60 38 16.

721 1100 115 38 Huius
798 1100 115 38 tamen
874 1100 165 38 oppositum
1001 1100 140 38 videtur
1103 1100 140 38 dicere.
1192 1100 51 38 S.

723 1131 155 32 metaphysi.
844 1131 121 32 commen.
933 1131 66 32 4.
966 1131 66 32 &.
999 1131 77 32 10.
1043 1131 133 32 metaphy.
1143 1131 88 32 com.
1187 1131 55 32 13.

723 1165 74 29 vbi
766 1165 95 29 habet
829 1165 84 29 quod
882 1165 169 29 contrarietas
1019 1165 63 29 in
1050 1165 74 29 rei
1092 1165 127 29 veritate
1177 1165 63 29 pri-

728 1192 68 35 mo
762 1192 147 35 inuenitur
875 1192 68 35 in
909 1192 91 35 eis,
966 1192 91 35 quae
1023 1192 91 35 sunt
1079 1192 68 35 in
1113 1192 102 35 loco,
1170 1192 68 35 ideo

724 1225 130 33 accepta
819 1225 83 33 est
866 1225 71 33 in
902 1225 178 33 definitione
1044 1225 190 33 contrariorum
1187 1225 59 33 di-

720 1258 134 32 stantia,
820 1258 78 32 cum
865 1258 134 32 dicitur,
965 1258 145 32 contraria
1076 1258 100 32 sunt,
1143 1258 89 32 quae
1187 1258 56 32 sub

719 1293 117 31 eodem
797 1293 130 31 genere
888 1293 130 31 posita
979 1293 130 31 maxime
1069 1293 156 31 distant.
1173 1293 65 31 Re-

725 1316 156 44 spondetur,
848 1316 123 44 vtdigem
937 1316 123 44 Commen.
1027 1316 67 44 4.
1060 1316 112 44 coeli,
1138 1316 89 44 com.
1183 1316 56 44 36.

726 1356 86 38 quod
780 1356 183 38 contrarietas,
931 1356 86 38 quae
985 1356 75 38 est
1028 1356 65 38 in
1060 1356 108 38 forma,
1135 1356 54 38 &
1146 1356 97 38 qualita

716 1388 79 30 te,
761 1388 56 30 &
783 1388 68 30 in
817 1388 101 30 loco,
885 1388 124 30 dicitur
975 1388 158 30 aequiuoce.
1099 1388 90 30 quia
1144 1388 101 30 contra-

719 1419 83 32 ria
766 1419 71 32 in
802 1419 165 32 qualitate,
932 1419 59 32 &
955 1419 71 32 in
991 1419 106 32 aliis
1050 1419 189 32 praedicamentis

717 1447 104 35 sunt
782 1447 117 35 solum
861 1447 91 35 duo
913 1447 78 35 in
952 1447 131 35 forma,
1043 1447 65 35 &
1069 1447 104 35 sunt
1135 1447 104 35 vnum
1187 1447 52 35 in

717 1483 151 31 subiecto:
833 1483 81 31 sed
880 1483 151 31 contraria
996 1483 70 31 in
1030 1483 93 31 loco
1088 1483 93 31 sunt
1135 1483 104 31 contra-

721 1511 87 35 ria
770 1511 87 35 tam
820 1511 149 35 secundum
932 1511 174 35 subiectum,
1069 1511 100 35 quam
1119 1511 124 35 secundum

713 1543 146 35 forram.
819 1543 80 35 Et
859 1543 106 35 quia
925 1543 80 35 de
965 1543 146 35 ratione
1057 1543 186 35 contrariorum

721 1575 79 35 est
766 1575 158 35 distantia:
890 1575 56 35 &
913 1575 90 35 plus
969 1575 124 35 distant
1059 1575 102 35 illa,
1127 1575 90 35 quae
1172 1575 68 35 sunt

722 1606 85 37 duo
771 1606 73 37 in
807 1606 122 37 forma,
893 1606 61 37 &
917 1606 85 37 duo
966 1606 73 37 in
1002 1606 159 37 subiecto,
1124 1606 98 37 quam
1173 1606 61 37 il-

722 1637 77 42 a,
761 1637 103 42 quae
825 1637 103 42 sunt
889 1637 90 42 duo
940 1637 77 42 in
979 1637 115 42 forma
1056 1637 64 42 &
1081 1637 103 42 vnum
1132 1637 103 42 subie-

720 1668 96 39 cto:
780 1668 96 39 ideo
840 1668 192 39 contrarietas
997 1668 72 39 ex
1033 1668 120 39 natura
1117 1668 84 39 rei
1153 1668 84 39 primo

714 1708 147 30 competit
824 1708 171 30 contrarijs
959 1708 73 30 in
995 1708 98 30 loco
1056 1708 98 30 quam
1118 1708 110 30 aliis
1179 1708 61 30 con

716 1733 139 37 trarijs.
820 1733 127 37 Accedit
913 1733 69 37 ad
947 1733 92 37 hoc,
1005 1733 69 37 vt
1040 1733 104 37 dicit
1109 1733 104 37 etiam
1167 1733 69 37 Com.

722 1772 77 30 to.
766 1772 99 30 meta.
832 1772 88 30 com.
886 1772 77 30 13.
930 1772 142 30 distantia
1040 1772 66 30 in
1073 1772 88 30 loco
1127 1772 77 30 est
1160 1772 77 30 maxi-

715 1795 71 31 ma,
756 1795 122 31 scilicet
847 1795 102 31 centri
919 1795 61 31 ad
949 1795 204 31 circumferentiam:
1123 1795 51 31 &
1143 1795 82 31 ista
1184 1795 51 31 di-

717 1827 130 32 stantia
812 1827 83 32 est
859 1827 107 32 causa
931 1827 71 32 in
966 1827 202 32 contrarietate
1120 1827 119 32 substan-

711 1856 116 34 tiarum
792 1856 139 34 corporum
897 1856 162 34 propriorum
1024 1856 104 34 istis
1093 1856 116 34 locis.
1163 1856 69 34 ideo

710 1886 189 36 contrarietas
864 1886 107 36 primo
935 1886 154 36 repetitur
1053 1886 71 36 ex
1089 1886 130 36 materia
1172 1886 59 36 rei
