1416 2066
151 180 181 68 Beccatum
287 180 136 68 autem
378 180 106 68 fit
438 180 76 68 &
468 180 91 68 in
514 180 136 68 ijns,
589 180 91 68 quae

162 228 112 59 fiunt
236 228 150 59 secundum
349 228 125 59 artem.
436 228 150 59 scripsit
548 228 112 59 enim,
611 228 62 59 non

154 271 163 43 recte
263 271 290 43 Grammaticus,
499 271 91 43 &
517 271 163 43 propina

166 317 118 37 uit
233 317 118 37 non
301 317 151 37 recte
402 317 185 37 Medicus
520 317 151 37 medica-

157 357 164 52 mentum.
276 357 134 52 quare
365 357 208 52 manifestum
529 357 104 52 est
589 357 119 52 quod

168 399 165 43 contingit
295 399 63 43 &
320 399 76 43 in
358 399 101 43 ijs,
422 399 101 43 quae
485 399 152 43 secundum
586 399 89 43 natu-

162 445 105 37 ram
222 445 150 37 fiunt.
327 445 90 37 Si
372 445 150 37 igitur
476 445 120 37 sunt
536 445 135 37 quaedam

163 485 151 45 secundum
277 485 126 45 artem,
365 485 76 45 in
403 485 126 45 quibus
491 485 101 45 quod
554 485 113 45 recte
617 485 63 45 sit

168 533 109 45 prper
241 533 134 45 aliquid
338 533 97 45 sit,
399 533 73 45 in
435 533 85 45 ijs
484 533 121 45 autem,
569 533 97 45 quae
617 533 61 45 pec

165 567 151 52 cantur,
275 567 165 52 alicuius
399 567 138 52 quidem
495 567 138 52 gerera
578 567 96 52 aggre

166 612 94 49 dit,
225 612 82 49 sed
272 612 175 49 frustratur,
412 612 152 49 similiter
529 612 117 49 vtique
611 612 70 49 se
634 612 47 49 ha

158 650 125 48 bet
229 650 89 48 &
265 650 107 48 in
318 650 231 48 Physicis,
496 650 89 48 &
514 650 160 48 monstra

162 701 163 45 peccata
281 701 119 45 sunt
355 701 163 45 illius,
473 701 119 45 quod
533 701 148 45 propter.

164 734 149 52 aliquid
273 734 122 52 agit.
354 734 68 52 &
381 734 81 52 in
421 734 95 52 ijs
475 734 149 52 igitur,
583 734 108 52 quae
637 734 41 52 a

173 779 205 39 principio,
335 779 147 39 vtique
423 779 249 39 compositionibus

166 820 205 51 bouigena,
324 820 95 51 si
372 820 111 51 non
435 820 95 51 ad
482 820 174 51 quendam
593 820 79 51 ter

155 869 161 37 minum,
267 869 96 37 ac
316 869 145 37 finem
412 869 193 37 poterant
540 869 129 37 venire

167 903 186 43 corrupto
306 903 155 43 vtique
414 903 201 43 principio
553 903 124 43 aliquo

166 942 186 52 fiebant,
305 942 93 52 vt
352 942 124 52 nunc
414 942 140 52 semine.

212 982 99 61 Sed
268 982 155 61 accidit
381 982 155 61 peccatu
494 982 85 61 in
536 982 99 61 eo,
592 982 113 61 quod

166 1037 112 46 fit
230 1037 112 46 per
294 1037 161 46 artem.
407 1037 241 46 Grammaticus
584 1037 96 46 enim

162 1082 223 61 barbarilat
337 1082 223 61 quandoque,
512 1082 80 61 &
528 1082 143 61 Medicus

165 1131 135 55 nocet
255 1131 90 55 in
300 1131 135 55 dando
390 1131 210 55 medicinam:
539 1131 135 55 manife-

170 1176 102 66 stum
234 1176 90 66 est
285 1176 141 66 igitur,
388 1176 102 66 quia
452 1176 153 66 possbile
567 1176 90 66 est
605 1176 64 66 si-

166 1226 144 62 militer
271 1226 157 62 accidere
389 1226 79 62 in
428 1226 92 62 eo,
480 1226 105 62 quod
546 1226 92 62 est
585 1226 92 62 secun

160 1273 108 50 dum
221 1273 154 50 cursum
329 1273 216 50 naturalem.
499 1273 93 50 Et
546 1273 93 50 in
576 1273 93 50 his,

163 1320 106 56 quae
229 1320 120 56 fiunt
309 1320 93 56 per
362 1320 106 56 arte
429 1320 133 56 illud,
522 1320 106 56 quod
575 1320 93 56 cadi-

164 1370 136 50 recte,
260 1370 95 50 est
314 1370 149 50 propter
423 1370 163 50 aliquid,
545 1370 68 50 &
558 1370 109 50 illud,

162 1429 87 53 in
206 1429 102 53 quo
264 1429 160 53 accidit
380 1429 189 53 peceatum,
511 1429 160 53 quaeritur

163 1469 144 62 propter
267 1469 157 62 aliquid,
385 1469 91 62 sed
437 1469 157 62 quaerens
555 1469 91 62 non
607 1469 91 62 in¬

165 1513 127 58 uenit
250 1513 113 58 suam
320 1513 226 58 intentionem,
504 1513 71 58 &
518 1513 155 58 similiter

164 1573 108 45 est
225 1573 93 45 de
272 1573 170 45 natura,
395 1573 77 45 &
426 1573 216 45 monstruosa
580 1573 93 45 sunt

169 1609 99 60 res
225 1609 183 60 extraneae
366 1609 85 60 ab
408 1609 127 60 illo,
493 1609 155 60 propter
591 1609 85 60 quod

164 1657 126 59 sunt.
248 1657 112 59 illa
317 1657 112 59 enim
387 1657 139 59 vacea,
485 1657 126 59 cuius
555 1657 126 59 superio

161 1706 86 63 ra
204 1706 143 63 fuerut
304 1706 129 63 homo,
389 1706 71 63 a
418 1706 186 63 principio
561 1706 114 63 fuit
618 1706 57 63 ex

158 1754 221 56 corruptione
335 1754 176 56 aliciius
467 1754 176 56 principu
585 1754 88 56 sio-

160 1803 100 58 rum
217 1803 244 58 principiorum,
418 1803 100 58 ita
475 1803 115 58 quod
547 1803 100 58 non
590 1803 86 58 fuit

156 1848 203 58 possibile
313 1848 203 58 peruenire
469 1848 94 58 ad
500 1848 172 58 terminum,

688 181 68 53 &
716 181 81 53 ad
756 181 122 53 finem
838 181 163 53 intentu,
960 181 122 53 sicut
1041 181 204 53 inuenimusu,

689 233 121 57 nunc
764 233 91 57 in
810 233 166 57 sperma,
931 233 121 57 quod
991 233 212 57 corrumpitur.

733 300 100 44 Quia
795 300 100 44 illi
857 300 149 44 dicebant
969 300 100 44 quod
1031 300 112 44 causa
1094 300 124 44 ordinis,

692 341 83 43 in
734 341 207 43 generatione
899 341 97 43 est
955 341 138 43 casus,
1051 341 179 43 quemadmo¬

688 380 99 45 dum
745 380 128 45 causa
830 380 270 45 monstruositatis
1057 380 99 45 est
1099 380 114 45 casus,

689 421 152 49 incoepit
804 421 102 49 dare
867 421 165 49 dicituram
994 421 114 49 inter
1058 421 152 49 attributio

690 460 96 37 nem
745 460 138 37 illius
842 460 124 37 casus
924 460 83 37 ad
965 460 165 37 naturam,
1089 460 69 37 &
1103 460 110 37 istius

694 497 77 53 ad
733 497 128 53 illam.
823 497 116 53 causa
900 497 103 53 enim
964 497 128 53 illius
1054 497 128 53 casus,
1131 497 77 53 quem

698 537 92 41 illi
755 537 126 41 dicunt,
847 537 80 41 est
893 537 126 41 natura,
985 537 103 41 causa
1054 537 103 41 autem
1111 537 92 41 istius

693 576 106 48 est
753 576 241 48 impedimentum
949 576 181 48 naturae,
1085 576 75 48 &
1100 576 106 48 pecca

699 613 94 45 um
746 613 125 45 eius
825 613 78 45 a
856 613 110 45 non
918 613 188 45 veniendo
1059 613 94 45 ad
1090 613 110 45 illam

692 653 233 45 intentionem.
882 653 146 45 Deinde
984 653 175 45 incoepit
1101 653 102 45 assi-

694 690 127 40 milare
783 690 115 40 artem
860 690 140 40 naturae
962 690 76 40 in
1000 690 102 40 hoc,
1064 690 102 40 quod
1115 690 89 40 casus

692 740 138 30 accidit
793 740 75 30 in
831 740 151 30 vtroque,
943 740 63 30 &
969 740 126 30 dixit:
1056 740 88 30 Sed
1094 740 113 30 accidit

697 772 192 46 peccatum,
845 772 104 46 &c.
904 772 89 46 i.
949 772 222 46 quemadmodum
1111 772 89 46 pos-

696 813 126 41 sibile
785 813 88 41 est
835 813 76 41 vt
873 813 139 41 accidat
974 813 151 41 peccatum
1087 813 76 41 in
1113 813 88 41 arte,

700 853 93 36 vt
746 853 232 36 Grammaticum
931 853 247 36 barbarixare,
1132 853 77 36 &
1147 853 62 36 Me

699 885 108 53 dicum
771 885 120 53 errare
854 885 72 53 in
890 885 143 53 potione,
998 885 155 53 similiter
1105 885 96 53 possi-

698 924 103 46 bile
762 924 90 46 est
814 924 77 46 vt
853 924 90 46 hoc
904 924 142 46 accidit
1007 924 64 46 a
1033 924 142 46 natura.
1136 924 64 46 &
1149 924 51 46 di

691 972 88 37 xit
742 972 100 37 hoc,
804 972 100 37 quia
867 972 138 37 aliquis
967 972 100 37 poet
1030 972 138 37 dicere,
1130 972 75 37 si
1155 972 50 37 na

691 1004 102 53 tura
755 1004 127 53 agitur
844 1004 191 53 prpaliquid,
997 1004 191 53 impossibile
1136 1004 64 53 est

694 1044 83 46 vt
736 1044 153 46 accidat
847 1044 97 46 hic
902 1044 125 46 casus
986 1044 153 46 omnino:
1097 1044 69 46 &
1111 1044 83 46 sic,

685 1091 109 31 aut
748 1091 109 31 non
810 1091 140 31 erunt
903 1091 296 31 monstruositates
1137 1091 62 31 om

687 1132 127 30 nino,
771 1132 99 30 aut
828 1132 268 30 monstruositates
1053 1132 127 30 erunt
1124 1132 70 30 in-

691 1164 123 42 tentae
777 1164 61 42 a
801 1164 135 42 natura.
899 1164 61 42 &
924 1164 98 42 ideo
985 1164 184 42 notificauit
1120 1164 74 42 quod

696 1204 122 38 istae
777 1204 257 38 monstruositates
993 1204 162 38 accidunt
1114 1204 81 38 ex
1141 1204 54 38 er

693 1239 102 44 rore
757 1239 153 44 naturae,
871 1239 115 44 sicut
948 1239 140 44 accidit
1050 1239 76 44 in
1075 1239 102 44 arte.-

714 1277 90 53 Et,
766 1277 90 53 cum
817 1277 129 53 posuit
907 1277 103 53 quod
972 1277 77 53 in
1011 1277 142 53 actione
1101 1277 90 53 natu-

690 1316 87 46 rae
739 1316 87 46 est
789 1316 174 46 rectitudo,
925 1316 62 46 &
950 1316 161 46 peceatum,
1074 1316 112 46 sicut
1136 1316 62 46 est

697 1356 82 50 in
738 1356 151 50 actione
848 1356 137 50 artis,
944 1356 165 50 incoepit
1054 1356 151 50 declarare

693 1393 90 50 quod
749 1393 146 50 rectitudo
861 1393 67 50 in
894 1393 123 50 actione
984 1393 123 50 naturae
1074 1393 78 50 est
1107 1393 90 50 perper

691 1434 159 52 aliquid,
810 1434 66 52 &
836 1434 159 52 peccatum
956 1434 106 52 est,
1022 1434 132 52 quando
1101 1434 106 52 natura

692 1477 109 53 errat
765 1477 73 53 ab
801 1477 109 53 illo,
874 1477 121 53 perper
959 1477 97 53 quod
1020 1477 109 53 agit,
1093 1477 61 53 &
1105 1477 97 53 posuit

695 1511 90 54 hoc
747 1511 77 54 in
785 1511 116 54 arte,
862 1511 116 54 quasi
939 1511 116 54 anus,
1016 1511 64 54 &
1042 1511 77 54 in
1081 1511 90 54 na,
1119 1511 90 54 quasi

694 1549 192 50 consequens,
848 1549 64 50 &
874 1549 115 50 dixit
951 1549 128 50 illud,
1040 1549 103 50 quod
1104 1549 90 50 fit
1143 1549 64 50 re-

689 1588 107 39 cte,
755 1588 80 39 &c
796 1588 80 39 i.
836 1588 94 39 cum
889 1588 120 39 actio
969 1588 120 39 recta
1050 1588 80 39 in
1090 1588 107 39 arte
1143 1588 67 39 est

694 1629 120 37 actio
774 1629 160 37 inducens
894 1629 80 37 ad
934 1629 120 37 finem
1014 1629 160 37 intentum
1121 1629 80 37 sine

692 1669 147 37 aliquo
795 1669 235 37 impedimento,
986 1669 176 37 peccatum
1104 1669 103 37 autem

699 1704 71 51 in
735 1704 71 51 eo
770 1704 94 51 est,
829 1704 118 51 quando
912 1704 83 51 non
959 1704 130 51 inducit
1053 1704 71 51 ad
1089 1704 106 51 illum
1148 1704 59 51 fi-

691 1745 103 41 nem
750 1745 221 41 quaerendum,
927 1745 103 41 sed
986 1745 88 41 ad
1030 1745 147 41 aliud,
1133 1745 103 41 non

687 1787 143 39 intentum.
797 1787 143 39 similiter
907 1787 77 39 est
952 1787 66 39 de
985 1787 121 39 peccato
1073 1787 132 39 naturae,
1172 1787 55 39 &

694 1820 110 46 eius
763 1820 220 46 rectitudine.
942 1820 96 46 Et,
997 1820 96 46 cum
1039 1820 165 46 declarauit

693 1869 104 45 quod
758 1869 78 45 in
797 1869 130 45 natura
888 1869 104 45 pont
954 1869 156 45 accidere
1058 1869 143 45 percatum,
