1416 2066
193 173 100 46 Ista
256 173 88 46 est
306 173 126 46 tertia
394 173 188 46 declaratio,
545 173 63 46 &
558 173 100 46 dicit:

147 215 81 43 Et
188 215 122 43 etiam
269 215 81 43 si
310 215 122 43 motus
391 215 135 43 totius
472 215 190 43 magnitudinis

159 253 125 49 fuerit
246 253 125 49 alius,
333 253 75 49 i.
370 253 112 49 alius
445 253 62 49 a
470 253 100 49 motu
520 253 137 49 composito

159 293 91 50 ex
204 293 152 50 duobus
311 293 167 50 motibus
433 293 167 50 partium
539 293 122 50 magni-

157 330 147 40 tudinis
263 330 107 40 pHa.
330 330 80 40 v.
370 330 80 40 g.
410 330 120 40 motus
490 330 107 40 TrE.
556 330 107 40 D.d.
610 330 53 40 di

167 367 162 43 uideturex
291 367 87 43 eo,
341 367 87 43 &c.
391 367 75 43 i.
428 367 137 43 quoniam
515 367 150 43 magnitudo,

164 413 114 39 quam
235 413 186 39 diuidimus
378 413 86 39 in
421 413 114 39 duas
492 413 114 39 ptes
550 413 114 39 aequa-

163 445 75 38 les
206 445 129 38 scilicet
303 445 54 38 A
324 445 64 38 p,
356 445 54 38 &
378 445 64 38 pr
410 445 64 38 c,
442 445 54 38 &
464 445 129 38 posuimus
560 445 75 38 per
603 445 54 38 n
614 445 43 38 mo

165 479 102 50 tum
224 479 116 50 AE,&
296 479 87 50 Ha
340 479 131 50 motum
427 479 102 50 Ec,
485 479 87 50 si
514 479 145 50 posueri-

162 517 98 51 mus
218 517 112 51 quod
288 517 126 51 motus
372 517 140 51 istius
469 517 140 51 totius
553 517 112 51 magni-

159 553 125 42 tudinis
249 553 136 42 scilicet
351 553 91 42 ABC,
408 553 79 42 sit
453 553 102 42 alius
521 553 57 42 a
544 553 91 42 moto
589 553 68 42 com.

161 596 162 45 gregato
279 596 88 45 ex
323 596 88 45 pr
367 596 118 45 HHa,
441 596 103 45 qui
500 596 118 45 sunt
559 596 103 45 motus

167 628 123 52 partium
256 628 112 52 illius
334 628 134 52 scilicet
435 628 100 52 ABBC,
502 628 67 52 v.
535 628 67 52 g.
569 628 100 52 motus
625 628 33 52 i

157 670 70 36 E
185 670 155 36 necesse
298 670 98 36 est
354 670 84 36 vt
396 670 112 36 iste
466 670 127 36 motus
536 670 127 36 TTdiui-

147 703 123 40 datur
229 703 82 40 in
270 703 109 40 duos
339 703 123 40 motus
421 703 164 40 scilicet
544 703 82 40 in
571 703 96 40 motum

168 748 148 46 vtriusque
281 748 125 46 partium
372 748 182 46 magnitudinis
519 748 136 46 scilicet
622 748 57 46 A
633 748 34 46 B

160 788 81 39 Bc,
207 788 139 39 quoniam,
311 788 81 39 cum
357 788 104 39 totum
426 788 139 39 mouetur,
530 788 115 39 partes
599 788 58 39 mo-

158 814 156 44 uebuntur
275 814 104 44 D.d.
340 814 65 44 &
366 814 117 44 erunt
443 814 104 44 isti
508 814 104 44 duo,
573 814 91 44 &c.
612 814 52 44 i.

163 852 124 52 erunt
246 852 111 52 isti
315 852 97 52 duo
371 852 138 52 motus,
467 852 83 52 in
509 852 111 52 quos
564 852 97 52 diui-

159 892 131 38 ditur
246 892 131 38 motus
333 892 102 38 TE,
391 892 116 38 quem
463 892 174 38 posuimus
579 892 87 38 esse

157 927 118 43 alium
236 927 118 43 motum
314 927 66 43 a
341 927 105 43 motu
406 927 118 43 prae,
485 927 158 43 aequales
590 927 66 43 duo

153 965 104 48 bus
212 965 177 48 motibus,
345 965 89 48 in
390 965 118 48 quos
464 965 192 48 diuiditur
597 965 59 48 mo

162 1004 77 38 tus
206 1004 77 38 per
250 1004 66 38 ae
282 1004 131 38 scilicet
381 1004 98 38 motus
446 1004 87 38 pHa.
501 1004 55 38 &
523 1004 77 38 cum
567 1004 87 38 isti
610 1004 55 38 duo

162 1044 102 38 motus
230 1044 125 38 fuerunt
321 1044 136 38 aequales
423 1044 79 38 eis
468 1044 136 38 scilicet
559 1044 102 38 motibus

160 1077 137 53 duarum
256 1077 233 53 magnitudinum.
448 1077 110 53 ergo
517 1077 110 53 sunt
572 1077 82 53 vnus

163 1124 99 38 motus
229 1124 99 38 idem,
295 1124 132 38 scilicet
394 1124 88 38 quod
450 1124 99 38 motus
516 1124 77 38 rqu
560 1124 88 38 erit
604 1124 55 38 mo-

163 1156 100 38 tus
220 1156 114 38 DH,&
291 1156 129 38 motus
377 1156 86 38 q0
420 1156 86 38 E,
463 1156 114 38 erit
534 1156 129 38 motus
606 1156 57 38 ni

166 1189 73 50 ax.
207 1189 114 50 quoniam
290 1189 155 50 inpossibile
414 1189 73 50 est
456 1189 62 50 vt
487 1189 73 50 vna
528 1189 135 50 magnitudo
622 1189 41 50 ha

165 1225 104 42 beat,
235 1225 92 42 nisi
292 1225 92 42 vnum
350 1225 104 42 motum
419 1225 138 42 scilicet
523 1225 150 42 magnitudo
626 1225 35 42 A

148 1269 76 37 s,
186 1269 63 37 &
211 1269 164 37 magnitudo
338 1269 88 37 &c,
388 1269 101 37 quae
451 1269 101 37 sunt
514 1269 126 37 pertes
590 1269 63 37 to-

157 1301 117 54 tius
230 1301 248 54 magnitudinis.
435 1301 88 54 Et
479 1301 102 54 hoc
523 1301 131 54 intende

158 1337 99 41 bat,
219 1337 86 41 cum
269 1337 123 41 dixit:
355 1337 148 41 quondoam
466 1337 99 41 vnum
527 1337 111 41 habet
589 1337 74 41 vnum

160 1381 138 37 motum,
257 1381 83 37 i.
298 1381 97 37 cum
354 1381 138 37 fuerit
451 1381 111 37 vnus
520 1381 124 37 motus
589 1381 69 37 TQo

164 1419 99 43 tur,
225 1419 99 43 quae
287 1419 99 43 sunt
349 1419 123 43 partes
435 1419 111 43 motus
509 1419 74 43 TT
534 1419 123 43 aequales

159 1452 163 38 duobus
273 1452 180 38 motibus
404 1452 147 38 pHHa,
502 1452 131 38 quae
567 1452 98 38 sunt

160 1493 144 46 partes
261 1493 144 46 duorum
362 1493 144 46 motuum
463 1493 116 46 pra,
535 1493 72 46 &
564 1493 116 46 ptes
622 1493 43 46 r

164 1525 126 45 quoi,
248 1525 70 45 &
276 1525 140 45 pHsunt
374 1525 126 45 vnius
443 1525 210 45 magnitudinis,

164 1564 111 50 licet
238 1564 197 50 magnitudinis
398 1564 86 50 AE,
447 1564 62 50 &
472 1564 99 50 sunt
521 1564 136 50 aequales,

161 1597 67 41 &
187 1597 121 41 motus
268 1597 107 41 quil
335 1597 94 41 te,
388 1597 67 41 &
415 1597 80 41 Ha
455 1597 107 41 sunt
522 1597 121 41 vnius
589 1597 67 41 ma-

158 1637 145 46 gnitudinis
272 1637 73 46 est
313 1637 125 46 scilicet
407 1637 52 46 i
428 1637 62 46 c,
459 1637 52 46 &
479 1637 83 46 sunt
531 1637 93 46 etiam
583 1637 73 46 equa-

157 1674 112 50 les:
227 1674 70 50 &
255 1674 98 50 vna
311 1674 182 50 magnitudo
451 1674 98 50 non
507 1674 126 50 habet
577 1674 84 50 nisi

162 1711 114 49 vnum
233 1711 142 49 motum:
333 1711 114 49 ergo
404 1711 128 49 motus
489 1711 85 49 ro
532 1711 100 49 est
575 1711 85 49 idem

153 1752 102 43 cum
212 1752 117 43 motu
285 1752 117 43 pRi,
358 1752 73 43 &
387 1752 132 43 motus
475 1752 73 43 &
504 1752 73 43 E
533 1752 102 43 est
577 1752 88 43 idem

162 1785 93 49 cum
215 1785 106 49 motu
281 1785 66 49 n
308 1785 80 49 a.
348 1785 93 49 Et,
401 1785 93 49 cum
454 1785 186 49 declarauit
587 1785 80 49 hoc,

676 173 70 45 d.
711 173 93 45 ergo
770 173 128 45 necesse
863 173 93 45 est,
921 173 70 45 si
957 173 105 45 motus
1027 173 82 45 rr,
1073 173 82 45 &c.
1120 173 70 45 i.
1155 173 58 45 &

681 216 91 48 cum
733 216 117 48 motus
811 216 91 48 rt,
863 216 104 48 quem
928 216 156 48 posuimus
1045 216 117 48 alium
1123 216 65 48 a
1136 216 52 48 mo

682 252 75 53 tu
719 252 87 53 per
769 252 87 53 ae,
819 252 62 53 &
843 252 174 53 posuerimus
980 252 100 53 quod
1043 252 112 53 motus
1105 252 87 53 magni

679 300 143 30 tudinis
783 300 169 30 diuiditur
913 300 78 30 in
952 300 104 30 duas
1017 300 130 30 pertes
1095 300 91 30 motus

683 328 95 43 per
738 328 81 43 a,
778 328 108 43 quae
846 328 108 43 sunt
914 328 136 43 partes
1009 328 122 43 ABBC:
1077 328 108 43 heces-

677 365 80 46 se
717 365 93 46 est
770 365 80 46 vt
810 365 120 46 motus
889 365 80 46 rE
929 365 93 46 sit
983 365 160 46 aequalis
1089 365 93 46 motui

683 413 88 30 pa:
734 413 76 30 &,
772 413 88 30 cum
822 413 101 30 sint
885 413 164 30 aequales,
1011 413 63 30 &
1037 413 101 30 sunt
1100 413 76 30 in
1125 413 63 30 vna

681 445 215 38 magnitudine,
855 445 107 38 ergo
922 445 107 38 sunt
990 445 121 38 idem:
1070 445 94 38 cum
1110 445 81 38 vnum

685 485 121 37 motum
765 485 94 37 non
819 485 148 37 habeat,
927 485 108 37 nisi
995 485 108 37 vnum
1062 485 135 37 motum.
1143 485 54 37 Et

681 517 86 45 cum
730 517 123 45 voluit
816 517 172 45 confirmare
951 517 86 45 eos
1001 517 98 45 esse
1050 517 135 45 aequales,

687 554 73 40 d.
723 554 73 40 Si
760 554 121 40 igitur
845 554 158 40 diminuit,
966 554 85 40 &c.
1014 554 73 40 i.
1051 554 61 40 &
1075 554 109 40 totus
1136 554 49 40 mo

689 597 87 37 tus
738 597 87 37 rt,
788 597 74 37 si
825 597 173 37 diminuitur
961 597 62 37 a
985 597 99 37 toto
1047 597 99 37 moto
1096 597 87 37 paer,

683 630 93 37 tunc
741 630 104 37 nihil
811 630 162 37 inuenitur,
939 630 81 37 cui
985 630 174 37 atttibuatur
1112 630 70 37 iste

679 664 129 51 motus
764 664 200 51 diminutus,
922 664 143 51 neque,
1022 664 129 51 toti,
1093 664 100 51 neque

689 708 108 38 parti.
765 708 86 38 toti
818 708 97 38 vero,
883 708 86 38 quia
937 708 108 38 illdm,
1012 708 86 38 quid
1055 708 129 38 diminuitur

676 741 85 45 ab
718 741 100 45 hoc
775 741 128 45 motu,
861 741 100 45 est
918 741 128 45 motus
1003 741 171 45 partium,
1117 741 85 45 aut,

682 772 103 57 quia
746 772 116 57 motus
823 772 167 57 diminutus
952 772 90 57 est
1003 772 116 57 ille,
1080 772 90 57 qui
1119 772 64 57 di-

688 812 108 46 uiditur
767 812 59 46 in
796 812 88 46 omnes
855 812 98 46 pertes
923 812 118 46 scilicet
1012 812 78 46 ptes
1061 812 88 46 moti.
1119 812 49 46 &
1129 812 59 46 ideo

681 856 68 47 d.
715 856 68 47 Si
748 856 113 47 igitur
827 856 146 47 diminuit,
940 856 79 47 &c.
985 856 68 47 i.
1018 856 56 47 &
1041 856 90 47 ista
1097 856 90 47 pers
1142 856 45 47 di

679 890 140 49 minuta
777 890 70 49 a
805 890 112 49 motu
875 890 98 49 non
931 890 182 49 inuenitur
1058 890 126 49 aliquid

677 926 80 51 de
717 926 214 51 magnitudine,
891 926 94 51 cui
945 926 214 51 attribuatur,
1106 926 80 51 nisi

680 965 118 53 esset
759 965 170 53 possibile
890 965 79 53 vt
929 965 92 53 vna
981 965 170 53 magnitudo
1099 965 92 53 habe-

680 1004 84 48 ret
728 1004 96 48 plus
788 1004 84 48 qua
835 1004 96 48 vnum
895 1004 120 48 motum.
979 1004 96 48 vnde
1027 1004 155 48 impossibile

681 1038 76 44 em
719 1038 76 44 vt
758 1038 102 44 haec
821 1038 165 44 diminutio
948 1038 191 44 attribuatur
1088 1038 102 44 alicui

684 1077 109 50 omnino
760 1077 98 50 tori,
826 1077 76 50 aut
869 1077 109 50 parti:
945 1077 120 50 quoniam
1033 1077 109 50 to:um,
1109 1077 54 50 &
1120 1077 65 50 par-

680 1115 93 39 tes
733 1115 132 39 habent
825 1115 119 39 motus
904 1115 119 39 alios
984 1115 79 39 ab
1023 1115 132 39 istis.
1103 1115 79 39 D.d.

680 1154 106 40 neque
751 1154 141 40 alterius
856 1154 129 40 omnino,
950 1154 82 40 &c.
997 1154 70 40 i.
1032 1154 59 40 &
1056 1154 94 40 ista
1103 1154 82 40 dimi-

679 1189 117 37 nutio,
761 1189 94 37 quae
820 1189 82 37 est
866 1189 70 37 in
902 1189 105 37 motu,
972 1189 175 37 inpossibile
1112 1189 82 37 est
1147 1189 47 37 vt

677 1225 225 41 attribuatur
857 1225 120 41 alii
932 1225 120 41 moto
1007 1225 75 41 a
1037 1225 135 41 toto,
1127 1225 75 41 &
1142 1225 45 41 a

685 1263 122 48 parte.
770 1263 122 48 quonam
856 1263 183 48 impossibile
1002 1263 85 48 est
1051 1263 73 48 vt
1075 1263 110 48 diminu-

682 1296 96 53 tio
737 1296 165 53 existens
861 1296 82 53 in
902 1296 110 53 moto
971 1296 137 53 istius
1053 1296 124 53 magnitu

683 1337 106 51 dinis
754 1337 177 51 attribuatur
895 1337 94 51 alii
954 1337 106 51 moto,
1025 1337 141 51 quoniam,
1119 1337 59 51 cum

681 1373 98 45 duo
737 1373 112 45 mota
807 1373 155 45 fuerint
920 1373 155 45 diuersa
1018 1373 169 45 abinuicem,

679 1413 107 37 tunc
745 1413 120 37 motus
825 1413 120 37 eorum
905 1413 93 37 non
958 1413 107 37 erit
1025 1413 187 37 continuus:

678 1452 85 38 &,
720 1452 99 38 cum
777 1452 99 38 non
834 1452 142 38 fuerit
933 1452 198 38 continuus:
1089 1452 71 38 &
1117 1452 99 38 non

685 1485 84 37 erit
738 1485 95 37 vnus.
801 1485 84 37 D.d.
854 1485 63 37 Et
886 1485 148 37 similiter,
1002 1485 74 37 &c.
1044 1485 63 37 i.
1076 1485 53 37 &
1086 1485 95 37 simili-

679 1525 102 37 ter
738 1525 131 37 motus
825 1525 146 37 addens
927 1525 102 37 non
985 1525 116 37 erit
1043 1525 146 37 alicuius

682 1562 104 40 moti
747 1562 143 40 omnino,
851 1562 104 40 quia
916 1562 143 40 addidit
1019 1562 117 40 super
1084 1562 104 40 partes

677 1602 123 46 moti,
759 1602 109 46 quia
828 1602 109 46 vnum
896 1602 123 46 motum
978 1602 96 46 non
1033 1602 137 46 habet,
1115 1602 68 46 ni-

682 1637 64 47 si
714 1637 86 47 vnum
768 1637 107 47 motum,
843 1637 53 47 &
864 1637 182 47 vniversaliter
1014 1637 128 47 sequitur
1110 1637 64 47 vt
1132 1637 53 47 mo-

679 1676 91 39 tus
731 1676 91 39 sit
783 1676 142 39 partis,
886 1676 65 39 &
912 1676 91 39 non
964 1676 104 39 sit.
1029 1676 117 39 Motum
1093 1676 91 39 autem

684 1707 91 54 non
736 1707 104 54 esse
801 1707 130 54 partis
892 1707 104 54 est,
957 1707 104 54 quia
1022 1707 117 54 motus
1087 1707 104 54 totiui

680 1749 141 50 diuisus
783 1749 90 50 est
834 1749 77 50 in
873 1749 116 50 omnes
950 1749 141 50 partes,
1053 1749 64 50 &
1066 1749 128 50 diminuen

682 1788 93 38 tur
735 1788 80 38 ex
775 1788 80 38 eo
815 1788 107 38 iste
882 1788 133 38 motus.
975 1788 120 38 Ipsum
1055 1788 107 38 vero
1108 1788 80 38 esse
