1416 2066
219 148 70 40 &
247 148 264 40 combinationibus
470 148 153 40 quatuor
567 148 167 40 qualitatun

230 188 146 32 primarum
340 188 85 32 non
388 188 195 32 sufficienter
547 188 183 32 ostendisset
681 188 49 32 nu

221 220 124 30 merum
304 220 221 30 quaternarium
483 220 221 30 elementorum.
649 220 96 30 dicit

224 249 80 40 enim
274 249 80 40 quod
324 249 130 40 caliditas
424 249 50 40 &
444 249 120 40 ficcitas
535 249 150 40 constituunt
655 249 70 40 ign
685 249 50 40 est

223 278 90 41 quod
279 278 68 41 si
313 278 136 41 vidisset
415 278 124 41 aliquam
505 278 170 41 humiditatem
630 278 113 41 siccira-

225 316 62 30 ti
256 316 93 30 ignis
318 316 134 30 coniungi,
421 316 103 30 vtique
493 316 52 30 &
514 316 103 30 illius
586 316 155 30 meminisset.
710 316 52 30 &

217 342 81 37 hoc
264 342 128 37 videtur
357 342 128 37 sentire
449 342 104 37 etiam
519 342 174 37 Commentator
658 342 81 37 in.
693 342 46 37 3.

219 375 117 35 coeli.
301 375 129 35 commen.
395 375 58 35 S
418 375 70 35 7.
453 375 70 35 Si
488 375 105 35 autem
559 375 164 35 authoritas
676 375 58 35 Com

222 405 173 37 mentatoris
358 405 198 37 intelligatur
518 405 136 37 quantum
617 405 74 37 ad
642 405 99 37 posse,

217 437 150 37 scilicet
330 437 100 37 quod
393 437 100 37 vnum
456 437 163 37 elementum
581 437 88 37 non
631 437 113 37 habet
694 437 50 37 am

217 469 75 36 bas
260 469 65 36 in
293 469 97 36 fine,
357 469 75 36 sic
400 469 75 36 sum
443 469 75 36 cum
486 469 97 36 ipso,
551 469 97 36 quia,
616 469 65 36 vt
648 469 75 36 est
680 469 54 36 ip-

225 502 91 37 sius
282 502 160 37 Philosophi
407 502 160 37 sententia.
533 502 69 37 2.
568 502 69 37 de
590 502 149 37 generatione

225 531 92 40 tex.
282 531 126 40 commen.
374 531 80 40 49.
420 531 115 40 mixtio
500 531 80 40 non
546 531 92 40 fit,
603 531 115 40 quando
672 531 69 40 alte

223 566 86 38 rum
272 566 159 38 dominatur
394 566 110 38 super
467 566 147 38 alterum,
577 566 110 38 neque
638 566 98 38 quando

221 597 124 42 habent
308 597 149 42 aequalem
420 597 174 42 potentiam.
556 597 75 42 Si
594 597 100 42 enim
643 597 100 42 poten-

224 629 77 37 tia
268 629 133 37 alterius
368 629 110 37 fuerit
445 629 166 37 simpliciter
577 629 144 37 dominans,
677 629 66 37 cor-

224 661 123 34 ruptio
310 661 98 34 erit
371 661 147 34 dominati
481 661 61 34 &
506 661 159 34 generatio
616 661 123 34 dominam-

219 697 86 34 tis.
273 697 64 34 &,
305 697 64 34 si
337 697 129 34 aequales
434 697 118 34 fuerint
520 697 150 34 potentiae,
638 697 86 34 tunc
691 697 75 34 non

226 722 90 33 fiet
282 722 157 33 alteratio,
406 722 101 33 sicut
473 722 157 33 declaratum
597 722 79 33 est
642 722 67 33 in
676 722 67 33 4.
698 722 45 33 me

224 754 115 42 reoro.
305 754 115 42 supple
386 754 69 42 tu
421 754 69 42 in
455 754 115 42 commen
536 754 81 42 10.
582 754 138 42 superius
674 754 58 42 al-

224 784 127 34 legato.
317 784 69 34 &,
352 784 81 34 cum
398 784 139 34 potentia
502 784 139 34 alterius
607 784 116 34 fuerit
676 784 58 34 do-

218 823 135 35 minans
312 823 162 35 dominati
433 823 94 35 non
487 823 162 35 dominans
595 823 148 35 simplici-

222 843 93 44 ter,
280 843 174 44 generabitur
420 843 70 44 ex
455 843 81 44 eis
501 843 128 44 aliquod
594 843 128 44 medium,
687 843 81 44 sed

221 885 115 33 tamen
298 885 154 33 declinat
414 885 77 33 ad
452 885 128 33 partem
542 885 180 33 dominatis,
670 885 77 33 haec

230 912 196 35 Commentator.
389 912 110 35 Patet
463 912 123 35 igitur
549 912 159 35 exponendo
659 912 86 35 Auer.

229 943 85 44 per
277 943 158 44 Auerroem,
399 943 97 44 quod
459 943 145 44 elementa
568 943 85 44 non
617 943 121 44 habent
690 943 48 44 am

227 973 81 37 bas
274 973 162 37 qualitates
401 973 69 37 in
435 973 104 37 fine:
505 973 81 37 non
551 973 127 37 quantum
644 973 69 37 ad
667 973 69 37 gra-

231 1007 86 35 dum,
285 1007 76 35 ita
328 1007 86 35 quod
382 1007 76 35 vna
426 1007 76 35 sit
469 1007 65 35 in
501 1007 108 35 summo,
577 1007 54 35 &
599 1007 86 35 alia
653 1007 76 35 sit
685 1007 54 35 re-

231 1041 104 30 missa
301 1041 81 30 per
347 1041 93 30 suum
405 1041 174 30 contrarium,
544 1041 104 30 sicut
602 1041 139 30 communiter

225 1072 102 34 omnes
293 1072 171 34 posteriores
430 1072 182 34 exposuerunt:
578 1072 80 34 sed
623 1072 80 34 hoc
657 1072 80 34 intel

226 1101 137 37 ligitur
325 1101 137 37 quantum
425 1101 75 37 ad
462 1101 162 37 potentiam
587 1101 137 37 agendi:
674 1101 62 37 si-

225 1135 80 35 cur
270 1135 126 35 ipsemet
362 1135 126 35 seipsum
454 1135 137 35 declarat
557 1135 69 35 in
591 1135 115 35 verbis
660 1135 80 35 alle-

237 1167 103 37 gatis.
309 1167 62 37 Et
339 1167 72 37 sic
380 1167 164 37 verificantur
514 1167 92 37 dicta
575 1167 154 37 Philosophi,
688 1167 51 37 qua

236 1199 133 41 adinuicem
338 1199 123 41 videntur
430 1199 123 41 aduersa.
522 1199 102 41 quando
594 1199 82 41 enim
645 1199 92 41 dixit
696 1199 51 41 pri

231 1232 75 35 mo
268 1232 174 35 meteororum
405 1232 125 35 terram
492 1232 100 35 esse
542 1232 199 35 frigidissimam,

225 1262 95 36 hoc
280 1262 95 36 est
334 1262 123 36 verum
416 1262 150 36 quantum
525 1262 82 36 ad
566 1262 150 36 gradum,
661 1262 82 36 quia

229 1295 77 36 non
273 1295 77 36 est
317 1295 110 36 terrae
394 1295 154 36 frigiditas
514 1295 154 36 caliditati
624 1295 121 36 permixta,

232 1326 70 36 vt
267 1326 94 36 bene
326 1326 105 36 dixit
396 1326 164 36 Alexander.
525 1326 117 36 quando
607 1326 94 36 vero
653 1326 94 36 dixit.

235 1360 67 42 2.
268 1360 67 42 de
302 1360 178 42 generatione.
446 1360 78 42 33.
491 1360 100 42 aquam
558 1360 89 42 esse
614 1360 100 42 magis
669 1360 67 42 fri-

228 1393 84 38 gidi
280 1393 73 38 qui
322 1393 115 38 humidi,
405 1393 52 38 &
426 1393 105 38 terram
499 1393 94 38 magis
562 1393 94 38 sicci
625 1393 84 38 quid
667 1393 73 38 frigi

230 1420 81 44 di,
277 1420 81 44 hoc
323 1420 185 44 intelligitur
474 1420 127 44 quantum
566 1420 69 44 ad
601 1420 116 44 posse.
671 1420 69 44 quia

231 1455 86 34 plus
285 1455 108 34 potest
361 1455 162 34 infrigidare
491 1455 86 34 aqua
545 1455 86 34 quam
599 1455 108 34 terra:
664 1455 86 34 sicut,

230 1483 107 41 sensus
305 1483 160 41 demonstrat.
433 1483 75 41 Aut
476 1483 107 41 aliter
551 1483 107 41 potest
626 1483 85 41 dici
679 1483 85 41 quod

227 1516 184 35 Philosophus
374 1516 86 35 ibi
423 1516 86 35 non
472 1516 147 35 comparat
582 1516 98 35 vnum
631 1516 110 35 elemen-

231 1547 78 33 tum
275 1547 112 33 alteri
354 1547 67 33 in
387 1547 100 33 eadem
454 1547 156 33 qualitate,
577 1547 78 33 ita
621 1547 89 33 quod
666 1547 78 33 velit

226 1581 108 37 aquam
298 1581 96 37 esse
358 1581 108 37 terra
430 1581 192 37 frigidiorem:
587 1581 84 37 hoc
635 1581 96 37 enim
683 1581 60 37 non

233 1613 128 32 dicitur
327 1613 70 32 in
362 1613 128 32 litera:
455 1613 82 32 sed
502 1613 82 32 ibi
549 1613 175 32 comparantur
677 1613 70 32 duae

229 1645 179 39 qualitates
370 1645 77 39 ad
408 1645 115 39 vnum,
485 1645 64 39 &
510 1645 102 39 idem
574 1645 179 39 elementum.
702 1645 38 39 &

234 1677 103 37 quia
299 1677 77 37 ab
337 1677 103 37 vno,
402 1677 168 37 inquantum
531 1677 116 37 vnum,
608 1677 90 37 non
647 1677 90 37 proue

226 1704 83 34 nit
274 1704 154 34 immediate
392 1704 95 34 nisi
451 1704 107 34 vnum,
523 1704 130 34 propter
618 1704 83 34 hoc
653 1704 95 34 dicun-

230 1737 82 37 tur
277 1737 105 37 ignem
347 1737 82 37 per
393 1737 105 37 prius
463 1737 93 37 sibi
522 1737 175 37 determinare
650 1737 93 37 calidi

234 1768 97 35 tatem
299 1768 86 35 quae
352 1768 161 35 siccitatem,
481 1768 54 35 &
503 1768 97 35 aerem
567 1768 75 35 per
610 1768 97 35 prius
664 1768 75 35 humi-

233 1801 116 34 ditatem
317 1801 84 34 quae
369 1801 168 34 caliditatem.
506 1801 74 34 cum
548 1801 74 34 hoc
590 1801 95 34 tamen
653 1801 84 34 stat
695 1801 53 34 tam

230 1834 109 32 lignis
306 1834 87 32 quae
361 1834 98 32 aeris
426 1834 163 32 caliditatem
557 1834 109 32 summam
633 1834 98 32 esse.
688 1834 54 32 nul

230 1866 64 32 la
262 1866 86 32 enim
316 1866 64 32 in
348 1866 75 32 hoc
391 1866 75 32 est
434 1866 182 32 contradictio,
584 1866 86 32 quod
638 1866 97 32 eadem
691 1866 54 32 qua

223 1897 114 50 litas
299 1897 76 50 in
337 1897 114 50 summo
413 1897 127 50 possit
502 1897 152 50 reperiri
616 1897 76 50 in
642 1897 101 50 duobus

760 148 139 46 subiectis
867 148 107 46 specie
942 148 193 46 differentibus,
1103 148 96 46 sicut
1167 148 107 46 patet.
1231 148 43 46 Ad

756 187 235 31 contradictionem
954 187 124 31 igitur
1041 187 173 31 formaliter
1164 187 112 31 respon-

763 219 118 32 dentes
846 219 141 32 dicimus,
951 219 94 32 quod
1010 219 118 32 quando
1093 219 106 32 dicit
1151 219 118 32 Comenta-

754 252 73 31 tor
795 252 84 31 quod
848 252 168 31 contrarietas
984 252 73 31 est
1026 252 94 31 magis
1089 252 147 31 sensibilis
1204 252 63 31 in
1225 252 52 31 ex-

753 281 108 32 tremis
829 281 87 32 quae
883 281 65 32 in
916 281 119 32 medijs:
1002 281 97 32 illud
1067 281 97 32 habet
1132 281 141 32 veritatem
1230 281 43 32 de

752 316 126 30 mediis
841 316 88 30 per
891 316 214 30 compositionem
1067 316 76 30 ex
1105 316 164 30 exrremis,
1218 316 63 30 non

756 349 121 38 autem
836 349 121 38 habet
917 349 121 38 locum
998 349 81 38 de
1038 349 135 38 mediis
1133 349 94 38 per
1173 349 108 38 compa-

758 380 178 30 rationem.
896 380 110 30 aqua
964 380 124 30 autem
1047 380 96 30 est
1102 380 137 30 medium
1184 380 96 30 inter

759 407 140 43 terram
857 407 70 43 &
885 407 126 43 ignem
969 407 154 43 secundo
1081 407 126 43 modo.
1165 407 112 43 Quod
1221 407 56 43 si

755 439 131 40 dicatur
851 439 96 40 quod
910 439 191 40 Commentator,
1066 439 60 40 &
1090 439 179 40 Philosophus
1221 439 60 40 lo-

757 471 121 35 quuntur
845 471 66 35 de
878 471 110 35 medijs
954 471 131 35 secundum
1053 471 197 35 comparationem,
1206 471 66 35 quia

756 501 113 45 laudat
835 501 113 45 illos,
914 501 79 45 qui
960 501 147 45 posuerunt
1073 501 102 45 aerem
1141 501 91 45 esse
1186 501 91 45 subie-

764 535 98 41 ctum,
829 535 76 41 vel
873 535 109 41 aquam,
949 535 109 41 potius
1025 535 87 41 quae
1079 535 109 41 illos,
1155 535 76 41 qui
1188 535 87 41 posue-

759 564 90 38 runt
815 564 102 38 ignem
883 564 79 38 vel
928 564 124 38 terram.
1018 564 181 38 Respondetur,
1165 564 90 38 quod
1210 564 68 38 Phi-

764 604 130 31 losophus
862 604 130 31 loquitur
960 604 76 31 ibi
1003 604 130 31 secundum
1101 604 141 31 opinionem
1199 604 76 31 Anti-

761 629 144 37 nuorum,
865 629 91 37 qui
918 629 170 37 credebant
1048 629 117 37 aquam
1126 629 78 37 ex
1166 629 91 37 quo
1205 629 65 37 est

763 660 103 36 medium
835 660 124 36 secundum
928 660 103 36 situm,
1000 660 52 36 &
1021 660 93 36 etiam
1083 660 124 36 secundum
1166 660 103 36 compara-

757 691 115 39 tionem
838 691 104 39 inter
908 691 150 39 elementa,
1023 691 104 39 sicut
1092 691 139 39 testatur
1185 691 92 39 Commen

763 724 63 36 A.
794 724 105 36 coeli.
868 724 116 36 commen.
952 724 74 36 26.
994 724 84 36 quod
1046 724 116 36 haberet
1130 724 95 36 minus
1183 724 95 36 sensibi

757 754 75 34 les
800 754 150 34 qualitates
918 754 86 34 quae
972 754 97 34 terra
1036 754 75 34 vel
1079 754 107 34 ignis.
1154 754 86 34 quod
1197 754 75 34 tamen

757 786 90 39 non
808 786 90 39 est
860 786 128 39 verum,
949 786 128 39 maxime
1039 786 154 39 loquendo
1155 786 77 39 de
1180 786 90 39 aqua,

762 818 68 33 vt
796 818 158 33 comparatur
920 818 113 33 terrae
999 818 68 33 in
1033 818 181 33 qualitatibus
1169 818 102 33 altera-

768 849 99 33 iuis,
834 849 99 33 sicut
900 849 77 33 est
944 849 154 33 srigiditas
1066 849 55 33 &
1088 849 154 33 humiditas.
1198 849 77 33 nulli

762 885 89 38 enim
817 885 111 38 dubium
895 885 77 38 est
939 885 89 38 quod
994 885 155 38 frigiditas
1116 885 100 38 aquae
1182 885 77 38 est
1216 885 55 38 ma-

761 914 67 36 gis
800 914 134 36 sensibilis
905 914 76 36 quae
952 914 134 36 frigiditas
1057 914 105 36 terrae.
1134 914 57 36 Si
1162 914 76 36 vero
1201 914 76 36 intel-

763 949 134 30 ligatur
860 949 171 30 propositio
995 949 134 30 Commen.
1092 949 110 30 etiam
1165 949 73 30 in
1190 949 85 30 istis

758 972 115 46 medijs
839 972 139 46 secundum
943 972 104 46 situm
1012 972 58 46 &
1036 972 208 46 comparationem,
1197 972 81 46 dici-

758 1005 86 37 mus
807 1005 220 37 contratietatem
990 1005 73 37 in
1027 1005 134 37 niediis
1124 1005 134 37 talibus
1210 1005 73 37 esse

756 1044 97 31 minus
821 1044 151 31 sensibilem
939 1044 86 31 quae
993 1044 75 31 sit
1036 1044 172 31 contrarietas
1176 1044 65 31 in
1198 1044 75 31 extre

763 1076 91 31 mis,
819 1076 102 31 verum
887 1076 79 31 est
932 1076 125 31 quantum
1023 1076 68 31 ad
1057 1076 158 31 qualitates
1170 1076 102 31 locali-

762 1104 81 35 ter
808 1104 138 35 motiuas.
911 1104 92 35 quia
969 1104 104 35 terra
1038 1104 81 35 est
1084 1104 115 35 grauis
1153 1104 127 35 simplici-

758 1136 91 41 ter,
815 1136 91 41 aqua
872 1136 103 41 autem
940 1136 80 41 est
986 1136 114 41 grauis
1066 1136 69 41 in
1100 1136 148 41 respectu.
1203 1136 80 41 simi-

760 1168 91 34 liter
820 1168 70 34 aer
861 1168 70 34 est
901 1168 91 34 leuis
961 1168 60 34 in
991 1168 131 34 respectu,
1092 1168 70 34 sed
1132 1168 91 34 ignis
1193 1168 70 34 est
1223 1168 50 34 le-

757 1200 77 34 uis
801 1200 187 34 simipliciter,
955 1200 77 34 quo
999 1200 77 34 aut
1043 1200 66 34 ad
1076 1200 154 34 qualitates
1186 1200 88 34 altera

763 1236 100 30 tiuas
830 1236 78 30 non
874 1236 100 30 credo
941 1236 100 30 illam
1008 1236 189 30 propositionem
1164 1236 89 30 esse
1208 1236 67 30 vni-

765 1265 150 41 uersaliter
883 1265 97 41 veram
948 1265 64 41 in
980 1265 118 41 talibus
1066 1265 118 41 mediis,
1151 1265 75 41 non
1194 1265 75 41 per
1226 1265 54 41 com

758 1300 163 36 positionem
886 1300 163 36 extremorum
1014 1300 209 36 resultantibus,
1176 1300 105 36 licet,.

763 1325 150 40 quandoque
878 1325 161 40 verificari
1004 1325 127 40 possit.
1096 1325 104 40 sicut
1154 1325 127 40 caliditas

760 1358 95 37 ignis
823 1358 74 37 est
865 1358 95 37 magis
928 1358 147 37 sensibilis
1043 1358 84 37 quai
1096 1358 137 37 caliditas
1190 1358 84 37 aeris.

762 1389 76 37 ned
806 1389 87 37 quod
860 1389 186 37 vniuersaliter
1013 1389 164 37 verificetur
1144 1389 76 37 hoc
1188 1389 76 37 non
1220 1389 55 37 vi-

762 1420 97 34 deo.
822 1420 72 34 Et
859 1420 85 34 per
907 1420 85 34 hoc
955 1420 109 34 patet
1028 1420 72 34 ad
1064 1420 193 34 authoritatem
1209 1420 72 34 Phi-

762 1452 133 32 losophi
859 1452 60 32 &
883 1452 205 32 Commentatoris
1052 1452 97 32 hic.
1112 1452 85 32 Sed
1160 1452 72 32 ad
1184 1452 97 32 autho-

758 1485 133 37 ritatem
855 1485 109 37 eius.
927 1485 72 37 2.
963 1485 72 37 de
999 1485 181 37 generatione
1144 1485 85 37 iam
1180 1485 97 37 dictum

764 1515 88 40 est.
819 1515 88 40 ista
874 1515 99 40 sunt,
940 1515 88 40 quae
995 1515 132 40 sentimus
1093 1515 66 40 in
1126 1515 77 40 hac
1159 1515 110 40 materiat

761 1546 94 43 quae
820 1546 105 43 licet
890 1546 94 43 noua
949 1546 164 43 videantur,
1078 1546 105 43 forte
1148 1546 105 43 tamen
1207 1546 70 43 sunt

760 1579 104 34 tatis
830 1579 138 34 antiqua,
933 1579 104 34 sicut
1002 1579 127 34 poteris
1095 1579 138 34 intueri.
1198 1579 81 34 Non
1233 1579 46 34 me

760 1612 108 32 latet
832 1612 157 32 concordia
953 1612 169 32 Modernorum
1085 1612 157 32 dicentium
1194 1612 84 32 aquam

760 1640 177 34 frigidiorem
901 1640 106 34 terra
972 1640 129 34 quantum
1066 1640 71 34 ad
1101 1640 129 34 gradum,
1184 1640 94 34 terram

761 1676 123 42 autem
843 1676 204 42 frigidiorem
1007 1676 150 42 quantum
1116 1676 82 42 ad
1143 1676 136 42 formam:.

768 1705 97 34 iuia
828 1705 157 34 multitudo
949 1705 121 34 formae
1034 1705 169 34 insequitur
1155 1705 121 34 multitu-

762 1736 93 34 dinem
823 1736 134 34 materiae.
926 1736 93 34 tamen
988 1736 103 34 primum
1060 1736 103 34 dictum
1132 1736 93 34 eorum
1194 1736 72 34 non
1225 1736 51 34 cre

761 1768 62 34 do
792 1768 93 34 verum
854 1768 93 34 esse:
916 1768 83 34 quia
968 1768 72 34 non
1009 1768 93 34 video
1071 1768 114 34 quomodo
1154 1768 104 34 posset
1216 1768 52 34 te-

763 1805 90 35 neri
819 1805 169 35 simplicitas
955 1805 68 35 in
989 1805 147 35 elementis
1102 1805 79 35 cum
1135 1805 136 35 remissione

764 1831 128 35 alterius
860 1831 150 35 qualitatis
978 1831 75 35 per
1021 1831 160 35 admixtionem
1149 1831 75 35 cum
1192 1831 75 35 suo
1224 1831 53 35 com

761 1862 120 36 trario.
849 1862 66 36 Et
881 1862 66 36 tu
914 1862 142 36 magnifice
1023 1862 98 36 diune
1089 1862 164 36 Marceantom,
1209 1862 66 36 su

760 1897 81 41 per
807 1897 81 41 hoc
853 1897 196 41 consyderabis,
1014 1897 138 41 sufficit
1118 1897 92 41 mihi
1164 1897 115 41 excitare
