1416 2066
154 181 166 61 fuerint
274 181 166 61 plures,
395 181 151 61 melius
500 181 105 61 est
545 181 136 61 opinari

173 232 117 58 ipsos
251 232 104 58 esse
316 232 156 58 finitos,
434 232 104 58 quam
499 232 182 58 infinitos.
629 232 52 58 co

165 281 209 50 tingentia
326 281 145 50 enim,
422 281 112 50 cum
486 281 129 50 sint
550 281 129 50 eadem,

173 329 156 58 oportet
286 329 113 58 esse
357 329 141 58 melius
456 329 141 58 habere
541 329 141 58 finitos.

167 376 95 59 res
222 376 109 59 enim
290 376 109 59 quae
357 376 109 59 sunt
425 376 95 59 per
479 376 163 59 naturam,
588 376 95 59 opor-

170 424 94 58 tet
223 424 80 58 vt
263 424 188 58 accipiatur
411 424 80 58 in
451 424 94 58 eis
505 424 107 58 pars
558 424 121 58 finita,

174 468 72 63 &
202 468 143 63 melior
303 468 86 63 in
346 468 86 63 eo
389 468 115 63 quod
460 468 100 63 est
503 468 172 63 possibile,

169 525 80 46 &
201 525 127 46 vnum
280 525 207 46 sufficit.
439 525 95 46 et
487 525 143 46 prima
567 525 111 46 rerum

166 572 111 50 quae
235 572 97 50 non
291 572 180 50 mouentur,
429 572 111 50 erit
498 572 166 50 aeterna,
623 572 69 50 &

164 609 214 57 principium
332 609 137 57 motus
423 609 92 57 in
469 609 122 57 alus
530 609 122 57 rebus.

215 669 90 54 Cum
266 669 179 54 declaratum
407 669 90 54 sit
458 669 115 54 quod,
535 669 77 54 si
561 669 115 54 necessa

176 711 87 52 tio
225 711 87 52 est
275 711 87 52 hic
324 711 111 52 motus
398 711 161 52 aeternus,
522 711 99 52 quod
572 711 111 52 necessa

155 749 100 46 rio
212 749 114 46 erit
283 749 100 46 hic
340 749 128 46 motor
426 749 185 46 aeternus,
568 749 71 46 &
582 749 100 46 motum

163 787 190 40 aeternum.
310 787 88 40 &,
353 787 117 40 quia
426 787 102 40 non
485 787 161 40 apparet
587 787 88 40 hoc,

169 823 132 43 vtrum
258 823 103 43 sit
316 823 132 43 vnum,
405 823 103 43 aut
463 823 147 43 plura,
566 823 103 43 sed
610 823 74 43 hoc

176 862 123 49 tantum
262 862 160 49 apparuit,
385 862 99 49 quod
447 862 136 49 necesse
545 862 86 49 est
595 862 74 49 vt
619 862 62 49 sit

167 900 98 39 hic
223 900 126 39 motor
307 900 140 39 talis,
405 900 168 39 incoepit
517 900 154 39 consydera

169 935 80 53 re
209 935 106 53 quid
275 935 93 53 est
328 935 146 53 dignius
435 935 133 53 ponere
528 935 80 53 in
568 935 93 53 hoc
608 935 66 53 lo-

172 973 85 50 co.
221 973 98 50 ista
282 973 98 50 enim
343 973 195 50 perscrutatio
501 973 134 50 propria
599 973 85 50 est
635 973 49 50 Me

174 1019 196 42 taphysicae.
331 1019 78 42 Et
370 1019 131 42 dixit.
462 1019 65 42 &
488 1019 78 42 si
527 1019 144 42 fuerint
619 1019 65 42 plu

176 1048 88 52 res
227 1048 101 52 vno,
290 1048 88 52 &c.
340 1048 76 52 i.
378 1048 63 52 &
403 1048 76 52 si
441 1048 101 52 iste
504 1048 126 52 motor,
592 1048 88 52 qui
630 1048 50 52 de

178 1088 144 42 claratus
286 1088 96 42 fuit
346 1088 96 42 esse
406 1088 156 42 aeternus,
525 1088 120 42 fuerit
597 1088 72 42 vnus

169 1124 150 47 aeternum
281 1124 100 47 erit
344 1124 113 47 vnum:
419 1124 75 47 &,
456 1124 75 47 si
494 1124 138 47 plures,
581 1124 100 47 aeter-

172 1165 86 37 na
215 1165 128 37 erunt
300 1165 143 37 plura.
400 1165 114 37 D.d.
471 1165 100 37 Sed
528 1165 143 37 melius
614 1165 71 37 est

177 1203 123 39 opinari,
269 1203 72 39 &c.
310 1203 61 39 i.
341 1203 61 39 vt
371 1203 82 39 mihi
422 1203 123 39 viersali
514 1203 82 39 quod
566 1203 72 39 est
596 1203 72 39 meli-

175 1235 144 52 opinari
280 1235 105 52 quod
345 1235 105 52 iste
410 1235 118 52 motor
489 1235 92 52 est
541 1235 118 52 vnus,
607 1235 78 52 quia

179 1277 83 37 est
227 1277 154 37 sensibile
345 1277 143 37 scilicet
452 1277 119 37 mundus
524 1277 154 37 complebitur

170 1316 83 45 per
218 1316 107 45 tria,
289 1316 142 45 scilicet
395 1316 83 45 per
443 1316 130 45 motorem
538 1316 154 45 aeternum,
644 1316 36 45 &

171 1351 134 43 motum
261 1351 179 43 aeternum
395 1351 89 43 ab
439 1351 104 43 eo,
499 1351 75 43 &
529 1351 104 43 per
574 1351 104 43 motum

177 1396 107 39 non
238 1396 183 39 motorem:
375 1396 76 39 &
405 1396 122 39 ista
466 1396 213 39 complebuntur

177 1434 89 43 per
228 1434 114 43 vnum.
304 1434 76 43 &,
343 1434 89 43 cum
393 1434 191 43 complebitur
546 1434 89 43 per
584 1434 89 43 vnum.

172 1464 153 42 melius
279 1464 107 42 est
340 1464 92 42 vt
385 1464 198 42 inuematur
538 1464 107 42 per
584 1464 92 42 vnum

176 1505 91 47 non
228 1505 91 47 per
280 1505 131 47 plura.
372 1505 104 47 D.d.
437 1505 65 47 &
463 1505 78 47 si
502 1505 144 47 fuerint
594 1505 78 47 plu-

168 1549 113 30 res,
239 1549 141 30 melius
338 1549 113 30 est,
408 1549 99 30 &c.
465 1549 156 30 D.dedit
564 1549 113 30 causan

171 1579 77 48 in
210 1579 103 48 hoc,
274 1579 64 48 &
300 1579 129 48 dixit:
390 1579 206 48 contingentia
557 1579 103 48 enim
609 1579 64 48 &c.

175 1616 68 50 i.
209 1616 136 50 quoniam,
310 1616 68 50 si
344 1616 113 50 illud,
423 1616 90 50 quod
480 1616 147 50 contingit
593 1616 68 50 in
615 1616 57 50 mun

168 1654 83 44 do
210 1654 69 44 a
237 1654 179 44 positione
375 1654 152 44 istorum
472 1654 207 44 principiorum,

178 1692 72 46 vt
214 1692 95 46 sint
273 1692 131 46 finita,
369 1692 60 46 &
393 1692 95 46 esse
452 1692 143 46 infinita
560 1692 83 46 sit
596 1692 83 46 idem,

172 1728 102 50 tunc
236 1728 128 50 ponere
326 1728 77 50 ea
364 1728 102 50 esse
428 1728 153 50 infinita
543 1728 90 50 est
581 1728 90 50 super

170 1767 158 36 ssiuum,
285 1767 72 36 &
313 1767 129 36 extra
400 1767 172 36 naturam.
529 1767 86 36 Et
558 1767 129 36 intende

169 1804 94 54 bat
222 1804 94 54 per
276 1804 228 54 contingentia,
464 1804 188 54 apparentia
598 1804 81 54 hic,

703 172 108 61 licet
775 172 108 61 illa,
846 172 96 61 quae
906 172 120 61 cogunt
990 172 84 61 nos
1038 172 120 61 ponere
1121 172 84 61 hic
1157 172 72 61 esse

713 217 172 50 rincipia
842 217 172 50 aeterna.
971 217 86 50 Et
1014 217 129 50 quasi
1100 217 86 50 d.
1129 217 86 50 quo-

703 257 125 49 niam,
787 257 139 49 quando
884 257 125 49 illa,
967 257 111 49 quae
1037 257 153 49 apparet
1135 257 84 49 hic,

700 296 232 51 perficiuntur,
891 296 150 51 ponendo
1001 296 177 51 principia
1123 296 96 51 aeter

701 334 90 41 na,
752 334 103 41 siue
817 334 141 41 finita,
919 334 103 41 siue
983 334 167 41 infinita,
1111 334 103 41 tunc
1163 334 51 41 me

707 372 91 51 lius
763 372 91 51 erit
820 372 114 51 ponere
900 372 68 51 ea
934 372 125 51 finita.
1025 372 102 51 illud
1093 372 91 51 enim
1139 372 68 51 quod

701 419 187 45 perficitur
847 419 93 45 per
901 419 160 45 finitum,
1020 419 133 45 melius
1114 419 93 45 est
1154 419 53 45 vl

700 448 201 43 inueniatur
858 448 101 43 per
915 448 173 43 finitum.
1045 448 173 43 D.dixit:
1160 448 43 43 &

703 493 120 35 vnum
778 493 194 35 sufficit,
927 493 90 35 i.
972 493 75 35 &
1002 493 120 35 vnum
1077 493 134 35 motum
1151 493 60 35 ex

702 530 80 40 se
742 530 134 40 semper
835 530 161 40 sufficit
956 530 80 40 in
996 530 161 40 reddendo
1103 530 107 40 causas

696 572 152 38 eorum,
802 572 121 38 quae
878 572 182 38 apparent
1015 572 121 38 hic.
1075 572 137 38 ponendo

703 601 114 41 enim
774 601 114 41 hoc,
846 601 114 41 tunc
917 601 100 41 res
974 601 157 41 motoris
1074 601 143 41 habebunt

695 643 215 45 principium
863 643 199 45 aeternum,
1017 643 77 45 &
1047 643 123 45 tunc
1109 643 107 45 istud

703 684 216 43 principium
872 684 185 43 mediante
1011 684 123 43 moto
1072 684 139 43 aeterno

700 713 121 52 erit
775 713 211 52 principium
941 713 151 52 rerum,
1047 713 121 52 quae
1107 713 106 52 mouen

703 757 108 46 tur
764 757 216 46 quandoque,
934 757 77 46 &
965 757 200 46 quiescunt
1103 757 108 46 quan-

705 789 136 50 dloque
801 789 150 50 semper:
910 789 68 50 &
937 789 95 50 per
991 789 109 50 hanc
1046 789 163 50 positionem

702 830 200 36 complebitur
861 830 93 36 hic
915 830 120 36 esse.
995 830 80 36 &,
1035 830 80 36 si
1075 830 107 36 non,
1128 830 93 36 esset

700 868 206 44 difficile,
862 868 118 44 immo
936 868 221 44 impossibile
1097 868 118 44 ponere

698 900 181 54 aeternum
833 900 120 54 esse
909 900 211 54 principium
1059 900 151 54 generabi

697 938 92 48 le,
749 938 66 48 &
762 938 197 48 corruptibile.

742 1005 188 46 Manifestum
889 1005 121 46 autem
970 1005 94 46 est
1023 1005 80 46 ex
1063 1005 107 46 hoc,
1131 1005 107 46 quod

696 1046 167 44 necesse
817 1046 106 44 est
878 1046 122 44 esse
954 1046 167 44 aliquid
1076 1046 137 44 vnum,
1167 1046 76 44 &

694 1085 208 50 perpetuum
854 1085 160 50 primum
966 1085 176 50 mouens.
1078 1085 128 50 Osten-

696 1125 94 53 sum
749 1125 94 53 est
803 1125 107 53 enim
870 1125 107 53 quod
937 1125 147 53 necesse
1044 1125 94 53 est
1084 1125 121 53 semper-

694 1170 132 46 motum
783 1170 132 46 esse.
871 1170 88 46 si
915 1170 118 46 vero
988 1170 162 46 semper,
1091 1170 118 46 neces-

695 1205 87 54 se
739 1205 102 54 est
797 1205 73 54 &
826 1205 189 54 continuum
972 1205 131 54 esse.
1059 1205 131 54 eteni
1132 1205 87 54 quid

696 1248 161 50 semper
808 1248 129 50 est,
889 1248 209 50 continuum
1049 1248 129 50 est:
1114 1248 96 50 quod

697 1290 143 41 autem
792 1290 254 41 consequenter
999 1290 127 41 est,
1078 1290 111 41 non
1126 1290 79 41 est

697 1328 219 42 continuum.
869 1328 94 42 At
916 1328 141 42 vero,
1010 1328 94 42 si
1041 1328 172 42 continuus

703 1375 116 35 est,
775 1375 116 35 vnus
847 1375 116 35 est.
920 1375 116 35 vnus
992 1375 145 35 autem,
1093 1375 87 35 si
1137 1375 72 35 &
1151 1375 58 35 ab

702 1412 115 48 vno
767 1412 198 48 mouente,
916 1412 82 48 &
949 1412 148 48 vnius
1047 1412 132 48 sit,
1113 1412 99 48 quod

693 1452 178 46 mouetur.
826 1452 89 46 si
871 1452 118 46 enim
945 1452 163 46 quiddam
1063 1452 148 46 aliud,
1167 1452 74 46 &

697 1501 144 37 aliud
793 1501 192 37 mouebit,
937 1501 112 37 non
1001 1501 208 37 continuus
1145 1501 64 37 to

699 1535 106 53 tus
759 1535 151 53 motus,
865 1535 106 53 sed
926 1535 242 53 consequenter
1107 1535 106 53 erit.

694 1571 95 47 Ex
742 1571 111 47 his
805 1571 158 47 igitur
916 1571 222 47 crediderit
1074 1571 143 47 aliquis

690 1613 144 45 esse
780 1613 144 45 quid
870 1613 180 45 primum
978 1613 198 45 immobile.

744 1653 90 62 Et
789 1653 164 62 apparet
908 1653 90 62 ex
953 1653 105 62 hoc
1013 1653 119 62 quod
1088 1653 105 62 nos
1132 1653 75 62 di-

693 1701 142 62 cemus
788 1701 142 62 etia,
882 1701 126 62 quod
961 1701 110 62 est
1008 1701 205 62 necessarium

701 1751 95 53 vt
749 1751 142 53 motor
843 1751 158 53 primus
954 1751 111 53 sit
1017 1751 126 53 vnum
1081 1751 126 53 aeter-

692 1789 99 69 nu.
748 1789 197 69 Declaratum
903 1789 99 69 est
960 1789 113 69 enim
1030 1789 113 69 quod
1086 1789 127 69 necesse
