1416 2066
166 180 267 51 extremitate
379 180 124 51 Had
451 180 107 51 B,
504 180 107 51 ad
557 180 89 51 H
575 180 142 51 reuer.

180 228 168 58 tendo,
298 228 84 58 &
331 228 185 58 insimul
465 228 134 58 fuit
549 228 101 58 in
583 228 134 58 puncto

185 285 107 37 E,
239 285 89 37 &
274 285 214 37 Cmouetur
435 285 107 37 de
471 285 232 37 extremitate

183 320 78 51 &
215 320 233 51 aequaliter,
401 320 78 51 &
432 320 93 51 in
479 320 140 51 eadem
557 320 140 51 veloci-

186 368 135 49 tate,
276 368 120 49 tunc
351 368 75 49 C
381 368 165 49 incedit
500 368 150 49 citius
605 368 90 49 ad
635 368 60 49 O,

184 413 142 65 quam
273 413 124 65 Aad
344 413 107 65 H.
397 413 160 65 illud
504 413 142 65 enim
593 413 142 65 quod

189 461 155 64 incedit
301 461 84 64 in
344 461 183 64 processu,
484 461 155 64 necesse
597 461 98 64 est
639 461 56 64 vt

184 508 170 63 incedat
307 508 170 63 citius.
431 508 170 63 AIgitur
554 508 108 63 non
600 508 93 63 fuit

184 552 94 65 in
231 552 94 65 E,
278 552 78 65 &
309 552 234 65 separabitur
496 552 94 65 ab
543 552 94 65 eo
574 552 125 65 isimul

179 604 80 55 &
211 604 207 55 similiter
370 604 127 55 fuit
450 604 207 55 diuersum.
593 604 96 55 quo-

187 647 120 59 niam,
267 647 80 59 si
307 647 120 59 esset
387 647 161 59 insimul,
508 647 94 59 non
548 647 147 59 diuersa

180 693 141 62 retur,
278 693 98 62 sed
335 693 155 62 necesse
447 693 98 62 est
503 693 84 62 vt
531 693 155 62 quiescat,

169 744 137 59 CErgo
260 744 106 59 non
321 744 167 59 oportet
442 744 152 59 ponere
549 744 137 59 quod,
625 744 76 59 cum

176 788 162 59 Afuit
284 788 108 59 in
338 788 108 59 B,
392 788 234 59 mouebatur
573 788 90 59 A
609 788 108 59 ab
645 788 72 59 ex

178 836 147 54 tremo
276 836 98 54 E.
325 836 196 54 quoniam,
472 836 98 54 si
521 836 147 54 Afuit
619 836 98 54 in
652 836 65 54 B,

177 881 80 49 &
209 881 208 49 separatum
369 881 112 49 est
433 881 96 49 ab
481 881 112 49 eo,
545 881 96 49 et
593 881 112 49 hoc
641 881 64 49 im

692 180 191 62 possibile
839 180 103 62 est
898 180 117 62 esse
971 180 176 62 insimul,
1088 180 147 62 quoniam.

692 228 161 62 positum
809 228 102 62 est
868 228 117 62 quod
941 228 102 62 hoc
999 228 117 62 fuit
1072 228 88 62 in
1101 228 117 62 diffe-

708 285 156 53 rentia
818 285 203 53 temporis,
974 285 109 53 non
1036 285 94 53 in
1067 285 156 53 tempore.

709 321 201 65 Manifestum
867 321 101 65 est
924 321 158 65 igitur,
1039 321 115 65 quod
1111 321 86 65 in
1140 321 86 65 com.

703 368 133 58 tinuo
792 368 221 58 impossibile
969 368 103 58 est
1028 368 89 58 vt
1072 368 103 58 hoc
1117 368 103 58 dica-

709 412 114 65 tur.
780 412 86 65 in
823 412 157 65 restexo
937 412 114 65 vero
1009 412 157 65 necesse
1123 412 100 65 est
1166 412 57 65 vt

706 461 80 61 hoc
751 461 137 61 dicatur,
854 461 137 61 scilicet
957 461 103 61 quies
1025 461 137 61 quoniam,
1128 461 68 61 si
1151 461 68 61 qua-

707 508 107 46 do
761 508 231 46 Amouetur,
938 508 178 46 fuerit
1045 508 178 46 extremum

707 557 91 55 E,
752 557 151 55 finis,
858 557 75 55 &
888 557 226 55 principium,
1069 557 121 55 tunc
1129 557 91 55 vno-

716 599 163 59 puncto.
835 599 148 59 vtetur
938 599 104 59 pro
997 599 163 59 duobus.
1115 599 74 59 &
1130 599 89 59 ideo

705 644 150 62 necesse
815 644 96 62 est
869 644 191 62 quiescere,
1020 644 96 62 non
1075 644 109 62 ita,
1143 644 109 62 quod

702 693 175 57 insimul
829 693 206 57 proueniat
988 693 95 57 ad
1035 693 95 57 B,
1083 693 79 57 &
1099 693 111 57 rece-

709 741 96 54 dat
764 741 68 54 a
791 741 109 54 B.&,
860 741 82 54 si
901 741 96 54 non
955 741 68 54 ,
983 741 109 54 tunc
1051 741 123 54 illic
1119 741 96 54 insi-

690 788 117 62 mul
757 788 168 62 esset,
875 788 84 62 &
908 788 117 62 non
975 788 151 62 esset
1076 788 101 62 in
1110 788 117 62 eodem

674 837 182 45 instanti.
