<?xml version="1.0" encoding="UTF-8"?>
<alto xmlns:xsi="http://www.w3.org/2001/XMLSchema-instance"
      xmlns="http://www.loc.gov/standards/alto/ns-v2#"
      xmlns:page="http://schema.primaresearch.org/PAGE/gts/pagecontent/2013-07-15"
      xsi:schemaLocation="http://www.loc.gov/standards/alto/ns-v2# http://www.loc.gov/standards/alto/alto.xsd">
   <Description>
      <MeasurementUnit>pixel</MeasurementUnit>
      <OCRProcessing ID="IdOcr">
         <ocrProcessingStep>
            <processingDateTime>2021-02-13T08:26:46.265-05:00</processingDateTime>
            <processingSoftware>
               <softwareCreator>READ COOP</softwareCreator>
               <softwareName>Transkribus</softwareName>
            </processingSoftware>
         </ocrProcessingStep>
      </OCRProcessing>
   </Description>
   <Tags/>
   <Layout>
      <Page ID="Page1" PHYSICAL_IMG_NR="1" HEIGHT="2066" WIDTH="1416">
         <TopMargin HEIGHT="0" WIDTH="1416" VPOS="0" HPOS="0"/>
         <LeftMargin HEIGHT="2066" WIDTH="0" VPOS="0" HPOS="0"/>
         <RightMargin HEIGHT="2066" WIDTH="0" VPOS="0" HPOS="1416"/>
         <BottomMargin HEIGHT="0" WIDTH="1416" VPOS="2066" HPOS="0"/>
         <PrintSpace HEIGHT="2066" WIDTH="1416" VPOS="0" HPOS="0">
            <TextBlock ID="TextRegion_1611948294671_5760"
                       HEIGHT="1810"
                       WIDTH="523"
                       VPOS="140"
                       HPOS="213">
               <Shape>
                  <Polygon POINTS="213,140 736,140 736,1950 213,1950"/>
               </Shape>
               <TextLine ID="line_1611948286264_5750"
                         BASELINE="234"
                         HEIGHT="53"
                         WIDTH="496"
                         VPOS="181"
                         HPOS="208">
                  <String HEIGHT="53"
                          WIDTH="135"
                          VPOS="181"
                          HPOS="193"
                          CONTENT="poris"/>
                  <SP HEIGHT="53" WIDTH="15" VPOS="181" HPOS="328"/>
                  <String HEIGHT="53"
                          WIDTH="135"
                          VPOS="181"
                          HPOS="283"
                          CONTENT="debet"/>
                  <SP HEIGHT="53" WIDTH="15" VPOS="181" HPOS="418"/>
                  <String HEIGHT="53"
                          WIDTH="135"
                          VPOS="181"
                          HPOS="373"
                          CONTENT="sciri"/>
                  <SP HEIGHT="53" WIDTH="15" VPOS="181" HPOS="509"/>
                  <String HEIGHT="53" WIDTH="105" VPOS="181" HPOS="464" CONTENT="per"/>
                  <SP HEIGHT="53" WIDTH="15" VPOS="181" HPOS="569"/>
                  <String HEIGHT="53"
                          WIDTH="180"
                          VPOS="181"
                          HPOS="524"
                          CONTENT="notiorem"/>
                  <SP HEIGHT="53" WIDTH="15" VPOS="181" HPOS="704"/>
                  <String HEIGHT="53" WIDTH="60" VPOS="181" HPOS="644" CONTENT="mo"/>
               </TextLine>
               <TextLine ID="r4l4"
                         BASELINE="266"
                         HEIGHT="37"
                         WIDTH="488"
                         VPOS="229"
                         HPOS="228">
                  <String HEIGHT="37"
                          WIDTH="125"
                          VPOS="229"
                          HPOS="214"
                          CONTENT="tuum,"/>
                  <SP HEIGHT="37" WIDTH="14" VPOS="229" HPOS="340"/>
                  <String HEIGHT="37" WIDTH="70" VPOS="229" HPOS="298" CONTENT="&amp;"/>
                  <SP HEIGHT="37" WIDTH="14" VPOS="229" HPOS="367"/>
                  <String HEIGHT="37"
                          WIDTH="153"
                          VPOS="229"
                          HPOS="326"
                          CONTENT="priorem"/>
                  <SP HEIGHT="37" WIDTH="14" VPOS="229" HPOS="479"/>
                  <String HEIGHT="37"
                          WIDTH="167"
                          VPOS="229"
                          HPOS="437"
                          CONTENT="illorum,"/>
                  <SP HEIGHT="37" WIDTH="14" VPOS="229" HPOS="604"/>
                  <String HEIGHT="37" WIDTH="98" VPOS="229" HPOS="563" CONTENT="qui"/>
                  <SP HEIGHT="37" WIDTH="14" VPOS="229" HPOS="660"/>
                  <String HEIGHT="37" WIDTH="98" VPOS="229" HPOS="618" CONTENT="est"/>
                  <SP HEIGHT="37" WIDTH="14" VPOS="229" HPOS="716"/>
                  <String HEIGHT="37" WIDTH="56" VPOS="229" HPOS="660" CONTENT="mo"/>
               </TextLine>
               <TextLine ID="r4l6"
                         BASELINE="306"
                         HEIGHT="44"
                         WIDTH="489"
                         VPOS="262"
                         HPOS="226">
                  <String HEIGHT="44" WIDTH="88" VPOS="262" HPOS="213" CONTENT="tus"/>
                  <SP HEIGHT="44" WIDTH="13" VPOS="262" HPOS="301"/>
                  <String HEIGHT="44"
                          WIDTH="150"
                          VPOS="262"
                          HPOS="264"
                          CONTENT="diurnus,"/>
                  <SP HEIGHT="44" WIDTH="13" VPOS="262" HPOS="414"/>
                  <String HEIGHT="44" WIDTH="75" VPOS="262" HPOS="376" CONTENT="vt"/>
                  <SP HEIGHT="44" WIDTH="13" VPOS="262" HPOS="452"/>
                  <String HEIGHT="44"
                          WIDTH="100"
                          VPOS="262"
                          HPOS="414"
                          CONTENT="post"/>
                  <SP HEIGHT="44" WIDTH="13" VPOS="262" HPOS="514"/>
                  <String HEIGHT="44"
                          WIDTH="125"
                          VPOS="262"
                          HPOS="477"
                          CONTENT="dicet."/>
                  <SP HEIGHT="44" WIDTH="13" VPOS="262" HPOS="602"/>
                  <String HEIGHT="44"
                          WIDTH="100"
                          VPOS="262"
                          HPOS="565"
                          CONTENT="D.d."/>
                  <SP HEIGHT="44" WIDTH="13" VPOS="262" HPOS="665"/>
                  <String HEIGHT="44"
                          WIDTH="100"
                          VPOS="262"
                          HPOS="615"
                          CONTENT="illud,"/>
               </TextLine>
               <TextLine ID="r4l8"
                         BASELINE="353"
                         HEIGHT="52"
                         WIDTH="485"
                         VPOS="301"
                         HPOS="226">
                  <String HEIGHT="52" WIDTH="99" VPOS="301" HPOS="214" CONTENT="quod"/>
                  <SP HEIGHT="52" WIDTH="12" VPOS="301" HPOS="313"/>
                  <String HEIGHT="52"
                          WIDTH="149"
                          VPOS="301"
                          HPOS="276"
                          CONTENT="sequitur"/>
                  <SP HEIGHT="52" WIDTH="12" VPOS="301" HPOS="425"/>
                  <String HEIGHT="52" WIDTH="75" VPOS="301" HPOS="388" CONTENT="ex"/>
                  <SP HEIGHT="52" WIDTH="12" VPOS="301" HPOS="462"/>
                  <String HEIGHT="52" WIDTH="99" VPOS="301" HPOS="425" CONTENT="hoc,"/>
                  <SP HEIGHT="52" WIDTH="12" VPOS="301" HPOS="524"/>
                  <String HEIGHT="52" WIDTH="62" VPOS="301" HPOS="487" CONTENT="&amp;"/>
                  <SP HEIGHT="52" WIDTH="12" VPOS="301" HPOS="549"/>
                  <String HEIGHT="52" WIDTH="99" VPOS="301" HPOS="512" CONTENT="est,"/>
                  <SP HEIGHT="52" WIDTH="12" VPOS="301" HPOS="612"/>
                  <String HEIGHT="52" WIDTH="99" VPOS="301" HPOS="574" CONTENT="quod"/>
                  <SP HEIGHT="52" WIDTH="12" VPOS="301" HPOS="674"/>
                  <String HEIGHT="52"
                          WIDTH="87"
                          VPOS="301"
                          HPOS="624"
                          CONTENT="dice"
                          SUBS_TYPE="HypPart1"
                          SUBS_CONTENT="dicere"/>
                  <HYP CONTENT="-"/>
               </TextLine>
               <TextLine ID="r4l10"
                         BASELINE="390"
                         HEIGHT="48"
                         WIDTH="489"
                         VPOS="342"
                         HPOS="225">
                  <String HEIGHT="48"
                          WIDTH="79"
                          VPOS="342"
                          HPOS="212"
                          CONTENT="re"
                          SUBS_TYPE="HypPart2"
                          SUBS_CONTENT="dicere"/>
                  <SP HEIGHT="48" WIDTH="13" VPOS="342" HPOS="291"/>
                  <String HEIGHT="48"
                          WIDTH="119"
                          VPOS="342"
                          HPOS="251"
                          CONTENT="motum"/>
                  <SP HEIGHT="48" WIDTH="13" VPOS="342" HPOS="370"/>
                  <String HEIGHT="48"
                          WIDTH="106"
                          VPOS="342"
                          HPOS="331"
                          CONTENT="esse"/>
                  <SP HEIGHT="48" WIDTH="13" VPOS="342" HPOS="436"/>
                  <String HEIGHT="48" WIDTH="79" VPOS="342" HPOS="397" CONTENT="in"/>
                  <SP HEIGHT="48" WIDTH="13" VPOS="342" HPOS="476"/>
                  <String HEIGHT="48"
                          WIDTH="145"
                          VPOS="342"
                          HPOS="436"
                          CONTENT="tempore"/>
                  <SP HEIGHT="48" WIDTH="13" VPOS="342" HPOS="582"/>
                  <String HEIGHT="48" WIDTH="93" VPOS="342" HPOS="542" CONTENT="est"/>
                  <SP HEIGHT="48" WIDTH="13" VPOS="342" HPOS="635"/>
                  <String HEIGHT="48"
                          WIDTH="106"
                          VPOS="342"
                          HPOS="595"
                          CONTENT="idem"/>
                  <SP HEIGHT="48" WIDTH="13" VPOS="342" HPOS="701"/>
                  <String HEIGHT="48" WIDTH="66" VPOS="342" HPOS="648" CONTENT="cum"/>
               </TextLine>
               <TextLine ID="r4l12"
                         BASELINE="418"
                         HEIGHT="37"
                         WIDTH="494"
                         VPOS="381"
                         HPOS="221">
                  <String HEIGHT="37"
                          WIDTH="150"
                          VPOS="381"
                          HPOS="206"
                          CONTENT="dicere"/>
                  <SP HEIGHT="37" WIDTH="15" VPOS="381" HPOS="356"/>
                  <String HEIGHT="37"
                          WIDTH="150"
                          VPOS="381"
                          HPOS="311"
                          CONTENT="tempus"/>
                  <SP HEIGHT="37" WIDTH="15" VPOS="381" HPOS="461"/>
                  <String HEIGHT="37"
                          WIDTH="195"
                          VPOS="381"
                          HPOS="416"
                          CONTENT="mensurare"/>
                  <SP HEIGHT="37" WIDTH="15" VPOS="381" HPOS="610"/>
                  <String HEIGHT="37"
                          WIDTH="135"
                          VPOS="381"
                          HPOS="565"
                          CONTENT="illum"/>
                  <SP HEIGHT="37" WIDTH="15" VPOS="381" HPOS="700"/>
                  <String HEIGHT="37"
                          WIDTH="75"
                          VPOS="381"
                          HPOS="640"
                          CONTENT="mo"
                          SUBS_TYPE="HypPart1"
                          SUBS_CONTENT="motum,"/>
                  <HYP CONTENT="-"/>
               </TextLine>
               <TextLine ID="r4l13"
                         BASELINE="459"
                         HEIGHT="39"
                         WIDTH="474"
                         VPOS="420"
                         HPOS="224">
                  <String HEIGHT="39"
                          WIDTH="92"
                          VPOS="420"
                          HPOS="212"
                          CONTENT="tum,"
                          SUBS_TYPE="HypPart2"
                          SUBS_CONTENT="motum,"/>
                  <SP HEIGHT="39" WIDTH="12" VPOS="420" HPOS="305"/>
                  <String HEIGHT="39" WIDTH="92" VPOS="420" HPOS="270" CONTENT="haec"/>
                  <SP HEIGHT="39" WIDTH="12" VPOS="420" HPOS="363"/>
                  <String HEIGHT="39" WIDTH="81" VPOS="420" HPOS="328" CONTENT="est"/>
                  <SP HEIGHT="39" WIDTH="12" VPOS="420" HPOS="409"/>
                  <String HEIGHT="39"
                          WIDTH="139"
                          VPOS="420"
                          HPOS="374"
                          CONTENT="intentio"/>
                  <SP HEIGHT="39" WIDTH="12" VPOS="420" HPOS="513"/>
                  <String HEIGHT="39"
                          WIDTH="104"
                          VPOS="420"
                          HPOS="478"
                          CONTENT="eius,"/>
                  <SP HEIGHT="39" WIDTH="12" VPOS="420" HPOS="582"/>
                  <String HEIGHT="39" WIDTH="92" VPOS="420" HPOS="548" CONTENT="quid"/>
                  <SP HEIGHT="39" WIDTH="12" VPOS="420" HPOS="640"/>
                  <String HEIGHT="39"
                          WIDTH="104"
                          VPOS="420"
                          HPOS="594"
                          CONTENT="dicimus"/>
               </TextLine>
               <TextLine ID="r4l15"
                         BASELINE="504"
                         HEIGHT="48"
                         WIDTH="479"
                         VPOS="456"
                         HPOS="223">
                  <String HEIGHT="48"
                          WIDTH="109"
                          VPOS="456"
                          HPOS="209"
                          CONTENT="quod"/>
                  <SP HEIGHT="48" WIDTH="14" VPOS="456" HPOS="319"/>
                  <String HEIGHT="48"
                          WIDTH="178"
                          VPOS="456"
                          HPOS="278"
                          CONTENT="numeratum"/>
                  <SP HEIGHT="48" WIDTH="14" VPOS="456" HPOS="456"/>
                  <String HEIGHT="48" WIDTH="96" VPOS="456" HPOS="415" CONTENT="est"/>
                  <SP HEIGHT="48" WIDTH="14" VPOS="456" HPOS="510"/>
                  <String HEIGHT="48" WIDTH="82" VPOS="456" HPOS="469" CONTENT="in"/>
                  <SP HEIGHT="48" WIDTH="14" VPOS="456" HPOS="551"/>
                  <String HEIGHT="48"
                          WIDTH="151"
                          VPOS="456"
                          HPOS="510"
                          CONTENT="numero."/>
                  <SP HEIGHT="48" WIDTH="14" VPOS="456" HPOS="661"/>
                  <String HEIGHT="48" WIDTH="82" VPOS="456" HPOS="620" CONTENT="&amp;."/>
                  <SP HEIGHT="48" WIDTH="14" VPOS="456" HPOS="702"/>
                  <String HEIGHT="48" WIDTH="55" VPOS="456" HPOS="647" CONTENT="d."/>
               </TextLine>
               <TextLine ID="r4l17"
                         BASELINE="538"
                         HEIGHT="37"
                         WIDTH="483"
                         VPOS="501"
                         HPOS="224">
                  <String HEIGHT="37"
                          WIDTH="117"
                          VPOS="501"
                          HPOS="211"
                          CONTENT="motum"/>
                  <SP HEIGHT="37" WIDTH="13" VPOS="501" HPOS="328"/>
                  <String HEIGHT="37"
                          WIDTH="104"
                          VPOS="501"
                          HPOS="289"
                          CONTENT="enim"/>
                  <SP HEIGHT="37" WIDTH="13" VPOS="501" HPOS="394"/>
                  <String HEIGHT="37"
                          WIDTH="104"
                          VPOS="501"
                          HPOS="355"
                          CONTENT="esse"/>
                  <SP HEIGHT="37" WIDTH="13" VPOS="501" HPOS="459"/>
                  <String HEIGHT="37" WIDTH="78" VPOS="501" HPOS="420" CONTENT="in"/>
                  <SP HEIGHT="37" WIDTH="13" VPOS="501" HPOS="498"/>
                  <String HEIGHT="37"
                          WIDTH="157"
                          VPOS="501"
                          HPOS="459"
                          CONTENT="tempore,"/>
                  <SP HEIGHT="37" WIDTH="13" VPOS="501" HPOS="616"/>
                  <String HEIGHT="37" WIDTH="91" VPOS="501" HPOS="576" CONTENT="&amp;c."/>
                  <SP HEIGHT="37" WIDTH="13" VPOS="501" HPOS="668"/>
                  <String HEIGHT="37" WIDTH="78" VPOS="501" HPOS="629" CONTENT="i."/>
                  <SP HEIGHT="37" WIDTH="13" VPOS="501" HPOS="707"/>
                  <String HEIGHT="37" WIDTH="65" VPOS="501" HPOS="668" CONTENT="&amp;"/>
                  <SP HEIGHT="37" WIDTH="13" VPOS="501" HPOS="733"/>
                  <String HEIGHT="37" WIDTH="26" VPOS="501" HPOS="681" CONTENT=""/>
               </TextLine>
               <TextLine ID="r4l19"
                         BASELINE="578"
                         HEIGHT="46"
                         WIDTH="488"
                         VPOS="532"
                         HPOS="222">
                  <String HEIGHT="46" WIDTH="95" VPOS="532" HPOS="208" CONTENT="cum"/>
                  <SP HEIGHT="46" WIDTH="14" VPOS="532" HPOS="303"/>
                  <String HEIGHT="46" WIDTH="95" VPOS="532" HPOS="263" CONTENT="ita"/>
                  <SP HEIGHT="46" WIDTH="14" VPOS="532" HPOS="358"/>
                  <String HEIGHT="46" WIDTH="95" VPOS="532" HPOS="317" CONTENT="sit"/>
                  <SP HEIGHT="46" WIDTH="14" VPOS="532" HPOS="412"/>
                  <String HEIGHT="46" WIDTH="81" VPOS="532" HPOS="371" CONTENT="de"/>
                  <SP HEIGHT="46" WIDTH="14" VPOS="532" HPOS="452"/>
                  <String HEIGHT="46"
                          WIDTH="108"
                          VPOS="532"
                          HPOS="412"
                          CONTENT="modo"/>
                  <SP HEIGHT="46" WIDTH="14" VPOS="532" HPOS="520"/>
                  <String HEIGHT="46"
                          WIDTH="230"
                          VPOS="532"
                          HPOS="480"
                          CONTENT="mensurationis"/>
                  <SP HEIGHT="46" WIDTH="14" VPOS="532" HPOS="710"/>
                  <String HEIGHT="46" WIDTH="54" VPOS="532" HPOS="656" CONTENT="mo"/>
               </TextLine>
               <TextLine ID="r4l21"
                         BASELINE="623"
                         HEIGHT="50"
                         WIDTH="496"
                         VPOS="573"
                         HPOS="225">
                  <String HEIGHT="50" WIDTH="87" VPOS="573" HPOS="213" CONTENT="tus"/>
                  <SP HEIGHT="50" WIDTH="12" VPOS="573" HPOS="299"/>
                  <String HEIGHT="50" WIDTH="62" VPOS="573" HPOS="262" CONTENT="a"/>
                  <SP HEIGHT="50" WIDTH="12" VPOS="573" HPOS="324"/>
                  <String HEIGHT="50"
                          WIDTH="149"
                          VPOS="573"
                          HPOS="287"
                          CONTENT="tempore."/>
                  <SP HEIGHT="50" WIDTH="12" VPOS="573" HPOS="436"/>
                  <String HEIGHT="50" WIDTH="99" VPOS="573" HPOS="399" CONTENT="ergo"/>
                  <SP HEIGHT="50" WIDTH="12" VPOS="573" HPOS="498"/>
                  <String HEIGHT="50"
                          WIDTH="149"
                          VPOS="573"
                          HPOS="461"
                          CONTENT="intentio"/>
                  <SP HEIGHT="50" WIDTH="12" VPOS="573" HPOS="609"/>
                  <String HEIGHT="50"
                          WIDTH="112"
                          VPOS="573"
                          HPOS="572"
                          CONTENT="eius,"/>
                  <SP HEIGHT="50" WIDTH="12" VPOS="573" HPOS="684"/>
                  <String HEIGHT="50" WIDTH="99" VPOS="573" HPOS="647" CONTENT="quid"/>
                  <SP HEIGHT="50" WIDTH="12" VPOS="573" HPOS="746"/>
                  <String HEIGHT="50" WIDTH="25" VPOS="573" HPOS="696" CONTENT=""/>
               </TextLine>
               <TextLine ID="r4l22"
                         BASELINE="659"
                         HEIGHT="47"
                         WIDTH="495"
                         VPOS="612"
                         HPOS="220">
                  <String HEIGHT="47"
                          WIDTH="143"
                          VPOS="612"
                          HPOS="207"
                          CONTENT="dicimus"/>
                  <SP HEIGHT="47" WIDTH="13" VPOS="612" HPOS="350"/>
                  <String HEIGHT="47"
                          WIDTH="104"
                          VPOS="612"
                          HPOS="311"
                          CONTENT="quod"/>
                  <SP HEIGHT="47" WIDTH="13" VPOS="612" HPOS="415"/>
                  <String HEIGHT="47"
                          WIDTH="117"
                          VPOS="612"
                          HPOS="376"
                          CONTENT="motus"/>
                  <SP HEIGHT="47" WIDTH="13" VPOS="612" HPOS="494"/>
                  <String HEIGHT="47" WIDTH="91" VPOS="612" HPOS="454" CONTENT="est"/>
                  <SP HEIGHT="47" WIDTH="13" VPOS="612" HPOS="546"/>
                  <String HEIGHT="47" WIDTH="78" VPOS="612" HPOS="507" CONTENT="in"/>
                  <SP HEIGHT="47" WIDTH="13" VPOS="612" HPOS="585"/>
                  <String HEIGHT="47"
                          WIDTH="156"
                          VPOS="612"
                          HPOS="546"
                          CONTENT="tempore,"/>
                  <SP HEIGHT="47" WIDTH="13" VPOS="612" HPOS="702"/>
                  <String HEIGHT="47" WIDTH="65" VPOS="612" HPOS="650" CONTENT="est"/>
               </TextLine>
               <TextLine ID="r4l24"
                         BASELINE="699"
                         HEIGHT="50"
                         WIDTH="493"
                         VPOS="649"
                         HPOS="222">
                  <String HEIGHT="50"
                          WIDTH="120"
                          VPOS="649"
                          HPOS="207"
                          CONTENT="quod"/>
                  <SP HEIGHT="50" WIDTH="15" VPOS="649" HPOS="327"/>
                  <String HEIGHT="50"
                          WIDTH="134"
                          VPOS="649"
                          HPOS="282"
                          CONTENT="motus"/>
                  <SP HEIGHT="50" WIDTH="15" VPOS="649" HPOS="416"/>
                  <String HEIGHT="50"
                          WIDTH="209"
                          VPOS="649"
                          HPOS="371"
                          CONTENT="mensuratur"/>
                  <SP HEIGHT="50" WIDTH="15" VPOS="649" HPOS="581"/>
                  <String HEIGHT="50" WIDTH="105" VPOS="649" HPOS="536" CONTENT="per"/>
                  <SP HEIGHT="50" WIDTH="15" VPOS="649" HPOS="640"/>
                  <String HEIGHT="50"
                          WIDTH="134"
                          VPOS="649"
                          HPOS="581"
                          CONTENT="tempus,"/>
               </TextLine>
               <TextLine ID="r4l26"
                         BASELINE="741"
                         HEIGHT="53"
                         WIDTH="490"
                         VPOS="688"
                         HPOS="227">
                  <String HEIGHT="53"
                          WIDTH="110"
                          VPOS="688"
                          HPOS="215"
                          CONTENT="licet"/>
                  <SP HEIGHT="53" WIDTH="12" VPOS="688" HPOS="325"/>
                  <String HEIGHT="53"
                          WIDTH="135"
                          VPOS="688"
                          HPOS="288"
                          CONTENT="quoniam"/>
                  <SP HEIGHT="53" WIDTH="12" VPOS="688" HPOS="423"/>
                  <String HEIGHT="53"
                          WIDTH="110"
                          VPOS="688"
                          HPOS="386"
                          CONTENT="motus"/>
                  <SP HEIGHT="53" WIDTH="12" VPOS="688" HPOS="497"/>
                  <String HEIGHT="53"
                          WIDTH="147"
                          VPOS="688"
                          HPOS="460"
                          CONTENT="mensurat"/>
                  <SP HEIGHT="53" WIDTH="12" VPOS="688" HPOS="607"/>
                  <String HEIGHT="53"
                          WIDTH="123"
                          VPOS="688"
                          HPOS="570"
                          CONTENT="ipsum,"/>
                  <SP HEIGHT="53" WIDTH="12" VPOS="688" HPOS="693"/>
                  <String HEIGHT="53" WIDTH="86" VPOS="688" HPOS="656" CONTENT="non"/>
                  <SP HEIGHT="53" WIDTH="12" VPOS="688" HPOS="742"/>
                  <String HEIGHT="53" WIDTH="25" VPOS="688" HPOS="693" CONTENT=""/>
               </TextLine>
               <TextLine ID="r4l28"
                         BASELINE="778"
                         HEIGHT="51"
                         WIDTH="492"
                         VPOS="727"
                         HPOS="222">
                  <String HEIGHT="51"
                          WIDTH="119"
                          VPOS="727"
                          HPOS="207"
                          CONTENT="esse"/>
                  <SP HEIGHT="51" WIDTH="15" VPOS="727" HPOS="326"/>
                  <String HEIGHT="51"
                          WIDTH="164"
                          VPOS="727"
                          HPOS="282"
                          CONTENT="ipsius:"/>
                  <SP HEIGHT="51" WIDTH="15" VPOS="727" HPOS="446"/>
                  <String HEIGHT="51"
                          WIDTH="149"
                          VPOS="727"
                          HPOS="401"
                          CONTENT="tempus"/>
                  <SP HEIGHT="51" WIDTH="15" VPOS="727" HPOS="550"/>
                  <String HEIGHT="51"
                          WIDTH="119"
                          VPOS="727"
                          HPOS="505"
                          CONTENT="vero"/>
                  <SP HEIGHT="51" WIDTH="15" VPOS="727" HPOS="625"/>
                  <String HEIGHT="51"
                          WIDTH="149"
                          VPOS="727"
                          HPOS="565"
                          CONTENT="mensurat"/>
               </TextLine>
               <TextLine ID="r4l30"
                         BASELINE="811"
                         HEIGHT="46"
                         WIDTH="492"
                         VPOS="765"
                         HPOS="224">
                  <String HEIGHT="46" WIDTH="72" VPOS="765" HPOS="212" CONTENT="de"/>
                  <SP HEIGHT="46" WIDTH="12" VPOS="765" HPOS="284"/>
                  <String HEIGHT="46" WIDTH="96" VPOS="765" HPOS="248" CONTENT="motu"/>
                  <SP HEIGHT="46" WIDTH="12" VPOS="765" HPOS="344"/>
                  <String HEIGHT="46"
                          WIDTH="144"
                          VPOS="765"
                          HPOS="308"
                          CONTENT="vtrunque"/>
                  <SP HEIGHT="46" WIDTH="12" VPOS="765" HPOS="452"/>
                  <String HEIGHT="46"
                          WIDTH="144"
                          VPOS="765"
                          HPOS="416"
                          CONTENT="scilicet"/>
                  <SP HEIGHT="46" WIDTH="12" VPOS="765" HPOS="560"/>
                  <String HEIGHT="46"
                          WIDTH="192"
                          VPOS="765"
                          HPOS="524"
                          CONTENT="quantitatem,"/>
                  <SP HEIGHT="46" WIDTH="12" VPOS="765" HPOS="716"/>
                  <String HEIGHT="46" WIDTH="60" VPOS="765" HPOS="680" CONTENT="&amp;"/>
                  <SP HEIGHT="46" WIDTH="12" VPOS="765" HPOS="740"/>
                  <String HEIGHT="46" WIDTH="24" VPOS="765" HPOS="692" CONTENT=""/>
               </TextLine>
               <TextLine ID="r4l31"
                         BASELINE="851"
                         HEIGHT="41"
                         WIDTH="492"
                         VPOS="810"
                         HPOS="220">
                  <String HEIGHT="41"
                          WIDTH="127"
                          VPOS="810"
                          HPOS="206"
                          CONTENT="esse."/>
                  <SP HEIGHT="41" WIDTH="14" VPOS="810" HPOS="332"/>
                  <String HEIGHT="41" WIDTH="70" VPOS="810" HPOS="290" CONTENT="&amp;"/>
                  <SP HEIGHT="41" WIDTH="14" VPOS="810" HPOS="361"/>
                  <String HEIGHT="41" WIDTH="98" VPOS="810" HPOS="318" CONTENT="hoc"/>
                  <SP HEIGHT="41" WIDTH="14" VPOS="810" HPOS="417"/>
                  <String HEIGHT="41"
                          WIDTH="155"
                          VPOS="810"
                          HPOS="375"
                          CONTENT="accidit"/>
                  <SP HEIGHT="41" WIDTH="14" VPOS="810" HPOS="529"/>
                  <String HEIGHT="41"
                          WIDTH="141"
                          VPOS="810"
                          HPOS="487"
                          CONTENT="motui:"/>
                  <SP HEIGHT="41" WIDTH="14" VPOS="810" HPOS="628"/>
                  <String HEIGHT="41"
                          WIDTH="112"
                          VPOS="810"
                          HPOS="585"
                          CONTENT="quia"/>
                  <SP HEIGHT="41" WIDTH="14" VPOS="810" HPOS="698"/>
                  <String HEIGHT="41" WIDTH="70" VPOS="810" HPOS="642" CONTENT="non"/>
               </TextLine>
               <TextLine ID="r4l33"
                         BASELINE="898"
                         HEIGHT="54"
                         WIDTH="487"
                         VPOS="844"
                         HPOS="228">
                  <String HEIGHT="54" WIDTH="73" VPOS="844" HPOS="218" CONTENT="est"/>
                  <SP HEIGHT="54" WIDTH="10" VPOS="844" HPOS="290"/>
                  <String HEIGHT="54" WIDTH="73" VPOS="844" HPOS="259" CONTENT="ens"/>
                  <SP HEIGHT="54" WIDTH="10" VPOS="844" HPOS="332"/>
                  <String HEIGHT="54"
                          WIDTH="124"
                          VPOS="844"
                          HPOS="301"
                          CONTENT="secundum"/>
                  <SP HEIGHT="54" WIDTH="10" VPOS="844" HPOS="425"/>
                  <String HEIGHT="54"
                          WIDTH="93"
                          VPOS="844"
                          HPOS="394"
                          CONTENT="omnes"/>
                  <SP HEIGHT="54" WIDTH="10" VPOS="844" HPOS="487"/>
                  <String HEIGHT="54" WIDTH="83" VPOS="844" HPOS="456" CONTENT="suas"/>
                  <SP HEIGHT="54" WIDTH="10" VPOS="844" HPOS="539"/>
                  <String HEIGHT="54"
                          WIDTH="104"
                          VPOS="844"
                          HPOS="508"
                          CONTENT="partes"/>
                  <SP HEIGHT="54" WIDTH="10" VPOS="844" HPOS="611"/>
                  <String HEIGHT="54" WIDTH="62" VPOS="844" HPOS="580" CONTENT="in"/>
                  <SP HEIGHT="54" WIDTH="10" VPOS="844" HPOS="642"/>
                  <String HEIGHT="54"
                          WIDTH="93"
                          VPOS="844"
                          HPOS="611"
                          CONTENT="actu:"/>
                  <SP HEIGHT="54" WIDTH="10" VPOS="844" HPOS="705"/>
                  <String HEIGHT="54"
                          WIDTH="52"
                          VPOS="844"
                          HPOS="663"
                          CONTENT="si"
                          SUBS_TYPE="HypPart1"
                          SUBS_CONTENT="sicut"/>
                  <HYP CONTENT="-"/>
               </TextLine>
               <TextLine ID="r4l35"
                         BASELINE="935"
                         HEIGHT="50"
                         WIDTH="486"
                         VPOS="885"
                         HPOS="231">
                  <String HEIGHT="50"
                          WIDTH="92"
                          VPOS="885"
                          HPOS="218"
                          CONTENT="cut"
                          SUBS_TYPE="HypPart2"
                          SUBS_CONTENT="sicut"/>
                  <SP HEIGHT="50" WIDTH="13" VPOS="885" HPOS="310"/>
                  <String HEIGHT="50" WIDTH="92" VPOS="885" HPOS="270" CONTENT="est"/>
                  <SP HEIGHT="50" WIDTH="13" VPOS="885" HPOS="362"/>
                  <String HEIGHT="50"
                          WIDTH="184"
                          VPOS="885"
                          HPOS="323"
                          CONTENT="dispositio"/>
                  <SP HEIGHT="50" WIDTH="13" VPOS="885" HPOS="507"/>
                  <String HEIGHT="50" WIDTH="79" VPOS="885" HPOS="467" CONTENT="in"/>
                  <SP HEIGHT="50" WIDTH="13" VPOS="885" HPOS="546"/>
                  <String HEIGHT="50"
                          WIDTH="158"
                          VPOS="885"
                          HPOS="507"
                          CONTENT="mensura."/>
                  <SP HEIGHT="50" WIDTH="13" VPOS="885" HPOS="664"/>
                  <String HEIGHT="50" WIDTH="66" VPOS="885" HPOS="625" CONTENT="&amp;"/>
                  <SP HEIGHT="50" WIDTH="13" VPOS="885" HPOS="691"/>
                  <String HEIGHT="50"
                          WIDTH="79"
                          VPOS="885"
                          HPOS="638"
                          CONTENT="for"
                          SUBS_TYPE="HypPart1"
                          SUBS_CONTENT="forte"/>
                  <HYP CONTENT="-"/>
               </TextLine>
               <TextLine ID="r4l37"
                         BASELINE="962"
                         HEIGHT="30"
                         WIDTH="487"
                         VPOS="932"
                         HPOS="228">
                  <String HEIGHT="30"
                          WIDTH="77"
                          VPOS="932"
                          HPOS="215"
                          CONTENT="te"
                          SUBS_TYPE="HypPart2"
                          SUBS_CONTENT="forte"/>
                  <SP HEIGHT="30" WIDTH="13" VPOS="932" HPOS="292"/>
                  <String HEIGHT="30" WIDTH="90" VPOS="932" HPOS="254" CONTENT="hoc"/>
                  <SP HEIGHT="30" WIDTH="13" VPOS="932" HPOS="343"/>
                  <String HEIGHT="30"
                          WIDTH="192"
                          VPOS="932"
                          HPOS="305"
                          CONTENT="intendebat,"/>
                  <SP HEIGHT="30" WIDTH="13" VPOS="932" HPOS="497"/>
                  <String HEIGHT="30"
                          WIDTH="103"
                          VPOS="932"
                          HPOS="459"
                          CONTENT="cum."/>
                  <SP HEIGHT="30" WIDTH="13" VPOS="932" HPOS="561"/>
                  <String HEIGHT="30" WIDTH="77" VPOS="932" HPOS="523" CONTENT="d."/>
                  <SP HEIGHT="30" WIDTH="13" VPOS="932" HPOS="600"/>
                  <String HEIGHT="30"
                          WIDTH="154"
                          VPOS="932"
                          HPOS="561"
                          CONTENT="mensurat"/>
                  <SP HEIGHT="30" WIDTH="13" VPOS="932" HPOS="715"/>
                  <String HEIGHT="30" WIDTH="51" VPOS="932" HPOS="664" CONTENT="in"/>
               </TextLine>
               <TextLine ID="r4l39"
                         BASELINE="1002"
                         HEIGHT="37"
                         WIDTH="489"
                         VPOS="965"
                         HPOS="229">
                  <String HEIGHT="37"
                          WIDTH="132"
                          VPOS="965"
                          HPOS="216"
                          CONTENT="simul,"/>
                  <SP HEIGHT="37" WIDTH="13" VPOS="965" HPOS="348"/>
                  <String HEIGHT="37" WIDTH="93" VPOS="965" HPOS="308" CONTENT="&amp;c."/>
                  <SP HEIGHT="37" WIDTH="13" VPOS="965" HPOS="401"/>
                  <String HEIGHT="37"
                          WIDTH="106"
                          VPOS="965"
                          HPOS="361"
                          CONTENT="D.d."/>
                  <SP HEIGHT="37" WIDTH="13" VPOS="965" HPOS="467"/>
                  <String HEIGHT="37" WIDTH="66" VPOS="965" HPOS="427" CONTENT="&amp;"/>
                  <SP HEIGHT="37" WIDTH="13" VPOS="965" HPOS="493"/>
                  <String HEIGHT="37"
                          WIDTH="159"
                          VPOS="965"
                          HPOS="454"
                          CONTENT="intentio"/>
                  <SP HEIGHT="37" WIDTH="13" VPOS="965" HPOS="612"/>
                  <String HEIGHT="37"
                          WIDTH="119"
                          VPOS="965"
                          HPOS="573"
                          CONTENT="eius,"/>
                  <SP HEIGHT="37" WIDTH="13" VPOS="965" HPOS="692"/>
                  <String HEIGHT="37" WIDTH="79" VPOS="965" HPOS="639" CONTENT="quid"/>
               </TextLine>
               <TextLine ID="r4l40"
                         BASELINE="1050"
                         HEIGHT="40"
                         WIDTH="488"
                         VPOS="1010"
                         HPOS="228">
                  <String HEIGHT="40" WIDTH="88" VPOS="1010" HPOS="215" CONTENT="est"/>
                  <SP HEIGHT="40" WIDTH="13" VPOS="1010" HPOS="303"/>
                  <String HEIGHT="40" WIDTH="75" VPOS="1010" HPOS="266" CONTENT="in"/>
                  <SP HEIGHT="40" WIDTH="13" VPOS="1010" HPOS="341"/>
                  <String HEIGHT="40"
                          WIDTH="150"
                          VPOS="1010"
                          HPOS="303"
                          CONTENT="tempore,"/>
                  <SP HEIGHT="40" WIDTH="13" VPOS="1010" HPOS="453"/>
                  <String HEIGHT="40" WIDTH="88" VPOS="1010" HPOS="416" CONTENT="&amp;c."/>
                  <SP HEIGHT="40" WIDTH="13" VPOS="1010" HPOS="503"/>
                  <String HEIGHT="40" WIDTH="75" VPOS="1010" HPOS="466" CONTENT="i."/>
                  <SP HEIGHT="40" WIDTH="13" VPOS="1010" HPOS="541"/>
                  <String HEIGHT="40" WIDTH="63" VPOS="1010" HPOS="503" CONTENT="&amp;"/>
                  <SP HEIGHT="40" WIDTH="13" VPOS="1010" HPOS="566"/>
                  <String HEIGHT="40"
                          WIDTH="150"
                          VPOS="1010"
                          HPOS="528"
                          CONTENT="intentio"/>
                  <SP HEIGHT="40" WIDTH="13" VPOS="1010" HPOS="678"/>
                  <String HEIGHT="40"
                          WIDTH="88"
                          VPOS="1010"
                          HPOS="628"
                          CONTENT="eius,"/>
               </TextLine>
               <TextLine ID="r4l42"
                         BASELINE="1090"
                         HEIGHT="52"
                         WIDTH="492"
                         VPOS="1038"
                         HPOS="227">
                  <String HEIGHT="52"
                          WIDTH="104"
                          VPOS="1038"
                          HPOS="214"
                          CONTENT="quod"/>
                  <SP HEIGHT="52" WIDTH="13" VPOS="1038" HPOS="318"/>
                  <String HEIGHT="52"
                          WIDTH="155"
                          VPOS="1038"
                          HPOS="279"
                          CONTENT="dicimus,"/>
                  <SP HEIGHT="52" WIDTH="13" VPOS="1038" HPOS="434"/>
                  <String HEIGHT="52"
                          WIDTH="104"
                          VPOS="1038"
                          HPOS="395"
                          CONTENT="quod"/>
                  <SP HEIGHT="52" WIDTH="13" VPOS="1038" HPOS="499"/>
                  <String HEIGHT="52"
                          WIDTH="117"
                          VPOS="1038"
                          HPOS="460"
                          CONTENT="omnis"/>
                  <SP HEIGHT="52" WIDTH="13" VPOS="1038" HPOS="577"/>
                  <String HEIGHT="52"
                          WIDTH="117"
                          VPOS="1038"
                          HPOS="538"
                          CONTENT="motus"/>
                  <SP HEIGHT="52" WIDTH="13" VPOS="1038" HPOS="654"/>
                  <String HEIGHT="52" WIDTH="91" VPOS="1038" HPOS="615" CONTENT="est"/>
                  <SP HEIGHT="52" WIDTH="13" VPOS="1038" HPOS="706"/>
                  <String HEIGHT="52" WIDTH="78" VPOS="1038" HPOS="667" CONTENT="in"/>
                  <SP HEIGHT="52" WIDTH="13" VPOS="1038" HPOS="745"/>
                  <String HEIGHT="52" WIDTH="26" VPOS="1038" HPOS="693" CONTENT=""/>
               </TextLine>
               <TextLine ID="r4l44"
                         BASELINE="1130"
                         HEIGHT="46"
                         WIDTH="484"
                         VPOS="1084"
                         HPOS="227">
                  <String HEIGHT="46"
                          WIDTH="135"
                          VPOS="1084"
                          HPOS="216"
                          CONTENT="tempore,"/>
                  <SP HEIGHT="46" WIDTH="11" VPOS="1084" HPOS="351"/>
                  <String HEIGHT="46"
                          WIDTH="101"
                          VPOS="1084"
                          HPOS="317"
                          CONTENT="nihil"/>
                  <SP HEIGHT="46" WIDTH="11" VPOS="1084" HPOS="418"/>
                  <String HEIGHT="46"
                          WIDTH="101"
                          VPOS="1084"
                          HPOS="385"
                          CONTENT="aliud"/>
                  <SP HEIGHT="46" WIDTH="11" VPOS="1084" HPOS="486"/>
                  <String HEIGHT="46" WIDTH="79" VPOS="1084" HPOS="452" CONTENT="est"/>
                  <SP HEIGHT="46" WIDTH="11" VPOS="1084" HPOS="531"/>
                  <String HEIGHT="46"
                          WIDTH="90"
                          VPOS="1084"
                          HPOS="497"
                          CONTENT="quae"/>
                  <SP HEIGHT="46" WIDTH="11" VPOS="1084" HPOS="587"/>
                  <String HEIGHT="46"
                          WIDTH="90"
                          VPOS="1084"
                          HPOS="553"
                          CONTENT="hoc,"/>
                  <SP HEIGHT="46" WIDTH="11" VPOS="1084" HPOS="643"/>
                  <String HEIGHT="46"
                          WIDTH="90"
                          VPOS="1084"
                          HPOS="610"
                          CONTENT="quod"/>
                  <SP HEIGHT="46" WIDTH="11" VPOS="1084" HPOS="700"/>
                  <String HEIGHT="46" WIDTH="56" VPOS="1084" HPOS="655" CONTENT="ten"/>
               </TextLine>
               <TextLine ID="r4l46"
                         BASELINE="1170"
                         HEIGHT="52"
                         WIDTH="323"
                         VPOS="1118"
                         HPOS="226">
                  <String HEIGHT="52" WIDTH="98" VPOS="1118" HPOS="212" CONTENT="pus"/>
                  <SP HEIGHT="52" WIDTH="14" VPOS="1118" HPOS="310"/>
                  <String HEIGHT="52"
                          WIDTH="169"
                          VPOS="1118"
                          HPOS="268"
                          CONTENT="mensurat"/>
                  <SP HEIGHT="52" WIDTH="14" VPOS="1118" HPOS="437"/>
                  <String HEIGHT="52"
                          WIDTH="112"
                          VPOS="1118"
                          HPOS="395"
                          CONTENT="esse"/>
                  <SP HEIGHT="52" WIDTH="14" VPOS="1118" HPOS="507"/>
                  <String HEIGHT="52"
                          WIDTH="98"
                          VPOS="1118"
                          HPOS="451"
                          CONTENT="eius."/>
               </TextLine>
               <TextLine ID="r4l48"
                         BASELINE="1242"
                         HEIGHT="58"
                         WIDTH="446"
                         VPOS="1184"
                         HPOS="267">
                  <String HEIGHT="58"
                          WIDTH="195"
                          VPOS="1184"
                          HPOS="253"
                          CONTENT="Manifestum"/>
                  <SP HEIGHT="58" WIDTH="14" VPOS="1184" HPOS="448"/>
                  <String HEIGHT="58" WIDTH="98" VPOS="1184" HPOS="406" CONTENT="est"/>
                  <SP HEIGHT="58" WIDTH="14" VPOS="1184" HPOS="504"/>
                  <String HEIGHT="58"
                          WIDTH="112"
                          VPOS="1184"
                          HPOS="462"
                          CONTENT="quod"/>
                  <SP HEIGHT="58" WIDTH="14" VPOS="1184" HPOS="574"/>
                  <String HEIGHT="58" WIDTH="84" VPOS="1184" HPOS="532" CONTENT="et"/>
                  <SP HEIGHT="58" WIDTH="14" VPOS="1184" HPOS="615"/>
                  <String HEIGHT="58"
                          WIDTH="125"
                          VPOS="1184"
                          HPOS="574"
                          CONTENT="aliis"/>
                  <SP HEIGHT="58" WIDTH="14" VPOS="1184" HPOS="699"/>
                  <String HEIGHT="58" WIDTH="70" VPOS="1184" HPOS="643" CONTENT="hoc"/>
               </TextLine>
               <TextLine ID="r4l50"
                         BASELINE="1282"
                         HEIGHT="54"
                         WIDTH="487"
                         VPOS="1228"
                         HPOS="227">
                  <String HEIGHT="54"
                          WIDTH="110"
                          VPOS="1228"
                          HPOS="211"
                          CONTENT="est"/>
                  <SP HEIGHT="54" WIDTH="16" VPOS="1228" HPOS="321"/>
                  <String HEIGHT="54"
                          WIDTH="141"
                          VPOS="1228"
                          HPOS="274"
                          CONTENT="ipsum"/>
                  <SP HEIGHT="54" WIDTH="16" VPOS="1228" HPOS="416"/>
                  <String HEIGHT="54" WIDTH="94" VPOS="1228" HPOS="368" CONTENT="in"/>
                  <SP HEIGHT="54" WIDTH="16" VPOS="1228" HPOS="463"/>
                  <String HEIGHT="54"
                          WIDTH="173"
                          VPOS="1228"
                          HPOS="416"
                          CONTENT="tempore"/>
                  <SP HEIGHT="54" WIDTH="16" VPOS="1228" HPOS="588"/>
                  <String HEIGHT="54"
                          WIDTH="141"
                          VPOS="1228"
                          HPOS="541"
                          CONTENT="esse,"/>
                  <SP HEIGHT="54" WIDTH="16" VPOS="1228" HPOS="683"/>
                  <String HEIGHT="54"
                          WIDTH="94"
                          VPOS="1228"
                          HPOS="620"
                          CONTENT="men"
                          SUBS_TYPE="HypPart1"
                          SUBS_CONTENT="mensurari"/>
                  <HYP CONTENT="-"/>
               </TextLine>
               <TextLine ID="r4l52"
                         BASELINE="1319"
                         HEIGHT="49"
                         WIDTH="483"
                         VPOS="1270"
                         HPOS="224">
                  <String HEIGHT="49"
                          WIDTH="131"
                          VPOS="1270"
                          HPOS="211"
                          CONTENT="surari"
                          SUBS_TYPE="HypPart2"
                          SUBS_CONTENT="mensurari"/>
                  <SP HEIGHT="49" WIDTH="13" VPOS="1270" HPOS="341"/>
                  <String HEIGHT="49"
                          WIDTH="144"
                          VPOS="1270"
                          HPOS="302"
                          CONTENT="ipsorum"/>
                  <SP HEIGHT="49" WIDTH="13" VPOS="1270" HPOS="446"/>
                  <String HEIGHT="49"
                          WIDTH="104"
                          VPOS="1270"
                          HPOS="407"
                          CONTENT="esse"/>
                  <SP HEIGHT="49" WIDTH="13" VPOS="1270" HPOS="511"/>
                  <String HEIGHT="49" WIDTH="65" VPOS="1270" HPOS="472" CONTENT="a"/>
                  <SP HEIGHT="49" WIDTH="13" VPOS="1270" HPOS="537"/>
                  <String HEIGHT="49"
                          WIDTH="131"
                          VPOS="1270"
                          HPOS="498"
                          CONTENT="tpere."/>
                  <SP HEIGHT="49" WIDTH="13" VPOS="1270" HPOS="629"/>
                  <String HEIGHT="49" WIDTH="78" VPOS="1270" HPOS="590" CONTENT="In"/>
                  <SP HEIGHT="49" WIDTH="13" VPOS="1270" HPOS="668"/>
                  <String HEIGHT="49"
                          WIDTH="91"
                          VPOS="1270"
                          HPOS="616"
                          CONTENT="tpers"/>
               </TextLine>
               <TextLine ID="r4l54"
                         BASELINE="1362"
                         HEIGHT="48"
                         WIDTH="493"
                         VPOS="1314"
                         HPOS="226">
                  <String HEIGHT="48"
                          WIDTH="116"
                          VPOS="1314"
                          HPOS="212"
                          CONTENT="enim"/>
                  <SP HEIGHT="48" WIDTH="15" VPOS="1314" HPOS="328"/>
                  <String HEIGHT="48"
                          WIDTH="116"
                          VPOS="1314"
                          HPOS="284"
                          CONTENT="esse"/>
                  <SP HEIGHT="48" WIDTH="15" VPOS="1314" HPOS="400"/>
                  <String HEIGHT="48"
                          WIDTH="145"
                          VPOS="1314"
                          HPOS="357"
                          CONTENT="duorum"/>
                  <SP HEIGHT="48" WIDTH="15" VPOS="1314" HPOS="502"/>
                  <String HEIGHT="48"
                          WIDTH="102"
                          VPOS="1314"
                          HPOS="458"
                          CONTENT="est"/>
                  <SP HEIGHT="48" WIDTH="15" VPOS="1314" HPOS="560"/>
                  <String HEIGHT="48"
                          WIDTH="174"
                          VPOS="1314"
                          HPOS="516"
                          CONTENT="alterum."/>
                  <SP HEIGHT="48" WIDTH="15" VPOS="1314" HPOS="690"/>
                  <String HEIGHT="48"
                          WIDTH="87"
                          VPOS="1314"
                          HPOS="632"
                          CONTENT="vnum"/>
               </TextLine>
               <TextLine ID="r4l56"
                         BASELINE="1410"
                         HEIGHT="53"
                         WIDTH="484"
                         VPOS="1357"
                         HPOS="223">
                  <String HEIGHT="53"
                          WIDTH="138"
                          VPOS="1357"
                          HPOS="209"
                          CONTENT="quidem"/>
                  <SP HEIGHT="53" WIDTH="14" VPOS="1357" HPOS="347"/>
                  <String HEIGHT="53"
                          WIDTH="111"
                          VPOS="1357"
                          HPOS="306"
                          CONTENT="esse"/>
                  <SP HEIGHT="53" WIDTH="14" VPOS="1357" HPOS="417"/>
                  <String HEIGHT="53"
                          WIDTH="124"
                          VPOS="1357"
                          HPOS="375"
                          CONTENT="tunc,"/>
                  <SP HEIGHT="53" WIDTH="14" VPOS="1357" HPOS="500"/>
                  <String HEIGHT="53"
                          WIDTH="138"
                          VPOS="1357"
                          HPOS="458"
                          CONTENT="quando"/>
                  <SP HEIGHT="53" WIDTH="14" VPOS="1357" HPOS="596"/>
                  <String HEIGHT="53"
                          WIDTH="138"
                          VPOS="1357"
                          HPOS="555"
                          CONTENT="tempus"/>
                  <SP HEIGHT="53" WIDTH="14" VPOS="1357" HPOS="693"/>
                  <String HEIGHT="53" WIDTH="69" VPOS="1357" HPOS="638" CONTENT="est"/>
               </TextLine>
               <TextLine ID="r4l58"
                         BASELINE="1443"
                         HEIGHT="42"
                         WIDTH="497"
                         VPOS="1401"
                         HPOS="218">
                  <String HEIGHT="42"
                          WIDTH="176"
                          VPOS="1401"
                          HPOS="202"
                          CONTENT="alterum"/>
                  <SP HEIGHT="42" WIDTH="16" VPOS="1401" HPOS="378"/>
                  <String HEIGHT="42"
                          WIDTH="160"
                          VPOS="1401"
                          HPOS="330"
                          CONTENT="autem,"/>
                  <SP HEIGHT="42" WIDTH="16" VPOS="1401" HPOS="491"/>
                  <String HEIGHT="42" WIDTH="96" VPOS="1401" HPOS="442" CONTENT="vt"/>
                  <SP HEIGHT="42" WIDTH="16" VPOS="1401" HPOS="539"/>
                  <String HEIGHT="42"
                          WIDTH="176"
                          VPOS="1401"
                          HPOS="491"
                          CONTENT="quaedam"/>
                  <SP HEIGHT="42" WIDTH="16" VPOS="1401" HPOS="667"/>
                  <String HEIGHT="42"
                          WIDTH="112"
                          VPOS="1401"
                          HPOS="603"
                          CONTENT="dici"
                          SUBS_TYPE="HypPart1"
                          SUBS_CONTENT="dicimus,"/>
                  <HYP CONTENT="-"/>
               </TextLine>
               <TextLine ID="r4l60"
                         BASELINE="1496"
                         HEIGHT="53"
                         WIDTH="487"
                         VPOS="1443"
                         HPOS="228">
                  <String HEIGHT="53"
                          WIDTH="118"
                          VPOS="1443"
                          HPOS="213"
                          CONTENT="mus,"
                          SUBS_TYPE="HypPart2"
                          SUBS_CONTENT="dicimus,"/>
                  <SP HEIGHT="53" WIDTH="15" VPOS="1443" HPOS="331"/>
                  <String HEIGHT="53"
                          WIDTH="118"
                          VPOS="1443"
                          HPOS="287"
                          CONTENT="quod"/>
                  <SP HEIGHT="53" WIDTH="15" VPOS="1443" HPOS="405"/>
                  <String HEIGHT="53" WIDTH="89" VPOS="1443" HPOS="361" CONTENT="in"/>
                  <SP HEIGHT="53" WIDTH="15" VPOS="1443" HPOS="449"/>
                  <String HEIGHT="53"
                          WIDTH="148"
                          VPOS="1443"
                          HPOS="405"
                          CONTENT="numero"/>
                  <SP HEIGHT="53" WIDTH="15" VPOS="1443" HPOS="553"/>
                  <String HEIGHT="53"
                          WIDTH="133"
                          VPOS="1443"
                          HPOS="508"
                          CONTENT="sunt."/>
                  <SP HEIGHT="53" WIDTH="15" VPOS="1443" HPOS="641"/>
                  <String HEIGHT="53"
                          WIDTH="103"
                          VPOS="1443"
                          HPOS="597"
                          CONTENT="hoc"/>
                  <SP HEIGHT="53" WIDTH="15" VPOS="1443" HPOS="700"/>
                  <String HEIGHT="53"
                          WIDTH="74"
                          VPOS="1443"
                          HPOS="641"
                          CONTENT="au"
                          SUBS_TYPE="HypPart1"
                          SUBS_CONTENT="autem"/>
                  <HYP CONTENT="-"/>
               </TextLine>
               <TextLine ID="r4l62"
                         BASELINE="1530"
                         HEIGHT="46"
                         WIDTH="494"
                         VPOS="1484"
                         HPOS="225">
                  <String HEIGHT="46"
                          WIDTH="102"
                          VPOS="1484"
                          HPOS="210"
                          CONTENT="tem"
                          SUBS_TYPE="HypPart2"
                          SUBS_CONTENT="autem"/>
                  <SP HEIGHT="46" WIDTH="15" VPOS="1484" HPOS="312"/>
                  <String HEIGHT="46"
                          WIDTH="218"
                          VPOS="1484"
                          HPOS="269"
                          CONTENT="significat,"/>
                  <SP HEIGHT="46" WIDTH="15" VPOS="1484" HPOS="487"/>
                  <String HEIGHT="46"
                          WIDTH="102"
                          VPOS="1484"
                          HPOS="443"
                          CONTENT="aut"/>
                  <SP HEIGHT="46" WIDTH="15" VPOS="1484" HPOS="545"/>
                  <String HEIGHT="46" WIDTH="87" VPOS="1484" HPOS="501" CONTENT="vt"/>
                  <SP HEIGHT="46" WIDTH="15" VPOS="1484" HPOS="588"/>
                  <String HEIGHT="46"
                          WIDTH="145"
                          VPOS="1484"
                          HPOS="545"
                          CONTENT="partem"/>
                  <SP HEIGHT="46" WIDTH="15" VPOS="1484" HPOS="690"/>
                  <String HEIGHT="46"
                          WIDTH="87"
                          VPOS="1484"
                          HPOS="632"
                          CONTENT="nume"/>
               </TextLine>
               <TextLine ID="r4l64"
                         BASELINE="1571"
                         HEIGHT="43"
                         WIDTH="492"
                         VPOS="1528"
                         HPOS="223">
                  <String HEIGHT="43"
                          WIDTH="101"
                          VPOS="1528"
                          HPOS="209"
                          CONTENT="ri,"/>
                  <SP HEIGHT="43" WIDTH="14" VPOS="1528" HPOS="310"/>
                  <String HEIGHT="43" WIDTH="72" VPOS="1528" HPOS="266" CONTENT="&amp;"/>
                  <SP HEIGHT="43" WIDTH="14" VPOS="1528" HPOS="339"/>
                  <String HEIGHT="43"
                          WIDTH="203"
                          VPOS="1528"
                          HPOS="295"
                          CONTENT="passionem,"/>
                  <SP HEIGHT="43" WIDTH="14" VPOS="1528" HPOS="498"/>
                  <String HEIGHT="43" WIDTH="72" VPOS="1528" HPOS="455" CONTENT="&amp;"/>
                  <SP HEIGHT="43" WIDTH="14" VPOS="1528" HPOS="527"/>
                  <String HEIGHT="43"
                          WIDTH="145"
                          VPOS="1528"
                          HPOS="483"
                          CONTENT="omnino"/>
                  <SP HEIGHT="43" WIDTH="14" VPOS="1528" HPOS="628"/>
                  <String HEIGHT="43"
                          WIDTH="116"
                          VPOS="1528"
                          HPOS="585"
                          CONTENT="quod"/>
                  <SP HEIGHT="43" WIDTH="14" VPOS="1528" HPOS="701"/>
                  <String HEIGHT="43"
                          WIDTH="72"
                          VPOS="1528"
                          HPOS="643"
                          CONTENT="nu"
                          SUBS_TYPE="HypPart1"
                          SUBS_CONTENT="numeri"/>
                  <HYP CONTENT="-"/>
               </TextLine>
               <TextLine ID="r4l66"
                         BASELINE="1623"
                         HEIGHT="50"
                         WIDTH="494"
                         VPOS="1573"
                         HPOS="225">
                  <String HEIGHT="50"
                          WIDTH="116"
                          VPOS="1573"
                          HPOS="210"
                          CONTENT="meri"
                          SUBS_TYPE="HypPart2"
                          SUBS_CONTENT="numeri"/>
                  <SP HEIGHT="50" WIDTH="15" VPOS="1573" HPOS="327"/>
                  <String HEIGHT="50"
                          WIDTH="160"
                          VPOS="1573"
                          HPOS="283"
                          CONTENT="aliquid"/>
                  <SP HEIGHT="50" WIDTH="15" VPOS="1573" HPOS="443"/>
                  <String HEIGHT="50"
                          WIDTH="116"
                          VPOS="1573"
                          HPOS="399"
                          CONTENT="est,"/>
                  <SP HEIGHT="50" WIDTH="15" VPOS="1573" HPOS="516"/>
                  <String HEIGHT="50"
                          WIDTH="102"
                          VPOS="1573"
                          HPOS="472"
                          CONTENT="aut"/>
                  <SP HEIGHT="50" WIDTH="15" VPOS="1573" HPOS="574"/>
                  <String HEIGHT="50"
                          WIDTH="116"
                          VPOS="1573"
                          HPOS="530"
                          CONTENT="quod"/>
                  <SP HEIGHT="50" WIDTH="15" VPOS="1573" HPOS="646"/>
                  <String HEIGHT="50"
                          WIDTH="102"
                          VPOS="1573"
                          HPOS="603"
                          CONTENT="est"/>
                  <SP HEIGHT="50" WIDTH="15" VPOS="1573" HPOS="704"/>
                  <String HEIGHT="50"
                          WIDTH="73"
                          VPOS="1573"
                          HPOS="646"
                          CONTENT="ip"
                          SUBS_TYPE="HypPart1"
                          SUBS_CONTENT="ipsius"/>
                  <HYP CONTENT="-"/>
               </TextLine>
               <TextLine ID="r4l68"
                         BASELINE="1658"
                         HEIGHT="46"
                         WIDTH="480"
                         VPOS="1612"
                         HPOS="226">
                  <String HEIGHT="46"
                          WIDTH="132"
                          VPOS="1612"
                          HPOS="209"
                          CONTENT="sius"
                          SUBS_TYPE="HypPart2"
                          SUBS_CONTENT="ipsius"/>
                  <SP HEIGHT="46" WIDTH="17" VPOS="1612" HPOS="342"/>
                  <String HEIGHT="46"
                          WIDTH="199"
                          VPOS="1612"
                          HPOS="292"
                          CONTENT="numerus."/>
                  <SP HEIGHT="46" WIDTH="17" VPOS="1612" HPOS="491"/>
                  <String HEIGHT="46"
                          WIDTH="132"
                          VPOS="1612"
                          HPOS="441"
                          CONTENT="Quam"/>
                  <SP HEIGHT="46" WIDTH="17" VPOS="1612" HPOS="574"/>
                  <String HEIGHT="46"
                          WIDTH="149"
                          VPOS="1612"
                          HPOS="524"
                          CONTENT="autem"/>
                  <SP HEIGHT="46" WIDTH="17" VPOS="1612" HPOS="673"/>
                  <String HEIGHT="46"
                          WIDTH="99"
                          VPOS="1612"
                          HPOS="607"
                          CONTENT="nume"/>
               </TextLine>
               <TextLine ID="r4l70"
                         BASELINE="1702"
                         HEIGHT="46"
                         WIDTH="487"
                         VPOS="1656"
                         HPOS="220">
                  <String HEIGHT="46"
                          WIDTH="100"
                          VPOS="1656"
                          HPOS="206"
                          CONTENT="rus"/>
                  <SP HEIGHT="46" WIDTH="14" VPOS="1656" HPOS="306"/>
                  <String HEIGHT="46"
                          WIDTH="143"
                          VPOS="1656"
                          HPOS="263"
                          CONTENT="tempus"/>
                  <SP HEIGHT="46" WIDTH="14" VPOS="1656" HPOS="406"/>
                  <String HEIGHT="46"
                          WIDTH="115"
                          VPOS="1656"
                          HPOS="363"
                          CONTENT="est,"/>
                  <SP HEIGHT="46" WIDTH="14" VPOS="1656" HPOS="478"/>
                  <String HEIGHT="46"
                          WIDTH="129"
                          VPOS="1656"
                          HPOS="435"
                          CONTENT="ipsum"/>
                  <SP HEIGHT="46" WIDTH="14" VPOS="1656" HPOS="564"/>
                  <String HEIGHT="46"
                          WIDTH="143"
                          VPOS="1656"
                          HPOS="521"
                          CONTENT="quidem"/>
                  <SP HEIGHT="46" WIDTH="14" VPOS="1656" HPOS="664"/>
                  <String HEIGHT="46"
                          WIDTH="100"
                          VPOS="1656"
                          HPOS="607"
                          CONTENT="nunc,"/>
               </TextLine>
               <TextLine ID="r4l72"
                         BASELINE="1753"
                         HEIGHT="52"
                         WIDTH="489"
                         VPOS="1701"
                         HPOS="222">
                  <String HEIGHT="52" WIDTH="68" VPOS="1701" HPOS="208" CONTENT="&amp;"/>
                  <SP HEIGHT="52" WIDTH="14" VPOS="1701" HPOS="276"/>
                  <String HEIGHT="52"
                          WIDTH="136"
                          VPOS="1701"
                          HPOS="236"
                          CONTENT="prius,"/>
                  <SP HEIGHT="52" WIDTH="14" VPOS="1701" HPOS="371"/>
                  <String HEIGHT="52" WIDTH="68" VPOS="1701" HPOS="331" CONTENT="&amp;"/>
                  <SP HEIGHT="52" WIDTH="14" VPOS="1701" HPOS="399"/>
                  <String HEIGHT="52"
                          WIDTH="190"
                          VPOS="1701"
                          HPOS="358"
                          CONTENT="quaecumque"/>
                  <SP HEIGHT="52" WIDTH="14" VPOS="1701" HPOS="548"/>
                  <String HEIGHT="52"
                          WIDTH="109"
                          VPOS="1701"
                          HPOS="507"
                          CONTENT="sunt"/>
                  <SP HEIGHT="52" WIDTH="14" VPOS="1701" HPOS="616"/>
                  <String HEIGHT="52"
                          WIDTH="149"
                          VPOS="1701"
                          HPOS="562"
                          CONTENT="huiusmodi"/>
               </TextLine>
               <TextLine ID="r4l74"
                         BASELINE="1787"
                         HEIGHT="47"
                         WIDTH="489"
                         VPOS="1740"
                         HPOS="220">
                  <String HEIGHT="47"
                          WIDTH="104"
                          VPOS="1740"
                          HPOS="205"
                          CONTENT="sic"/>
                  <SP HEIGHT="47" WIDTH="15" VPOS="1740" HPOS="309"/>
                  <String HEIGHT="47" WIDTH="89" VPOS="1740" HPOS="264" CONTENT="in"/>
                  <SP HEIGHT="47" WIDTH="15" VPOS="1740" HPOS="353"/>
                  <String HEIGHT="47"
                          WIDTH="163"
                          VPOS="1740"
                          HPOS="309"
                          CONTENT="tempore"/>
                  <SP HEIGHT="47" WIDTH="15" VPOS="1740" HPOS="472"/>
                  <String HEIGHT="47"
                          WIDTH="133"
                          VPOS="1740"
                          HPOS="427"
                          CONTENT="sunt,"/>
                  <SP HEIGHT="47" WIDTH="15" VPOS="1740" HPOS="561"/>
                  <String HEIGHT="47" WIDTH="89" VPOS="1740" HPOS="516" CONTENT="vt"/>
                  <SP HEIGHT="47" WIDTH="15" VPOS="1740" HPOS="605"/>
                  <String HEIGHT="47" WIDTH="89" VPOS="1740" HPOS="561" CONTENT="in"/>
                  <SP HEIGHT="47" WIDTH="15" VPOS="1740" HPOS="650"/>
                  <String HEIGHT="47"
                          WIDTH="119"
                          VPOS="1740"
                          HPOS="590"
                          CONTENT="numero"/>
               </TextLine>
               <TextLine ID="r4l76"
                         BASELINE="1840"
                         HEIGHT="59"
                         WIDTH="492"
                         VPOS="1781"
                         HPOS="227">
                  <String HEIGHT="59"
                          WIDTH="169"
                          VPOS="1781"
                          HPOS="212"
                          CONTENT="vnitas,"/>
                  <SP HEIGHT="59" WIDTH="15" VPOS="1781" HPOS="381"/>
                  <String HEIGHT="59" WIDTH="77" VPOS="1781" HPOS="335" CONTENT="&amp;"/>
                  <SP HEIGHT="59" WIDTH="15" VPOS="1781" HPOS="412"/>
                  <String HEIGHT="59"
                          WIDTH="138"
                          VPOS="1781"
                          HPOS="365"
                          CONTENT="impar"/>
                  <SP HEIGHT="59" WIDTH="15" VPOS="1781" HPOS="504"/>
                  <String HEIGHT="59" WIDTH="77" VPOS="1781" HPOS="458" CONTENT="&amp;"/>
                  <SP HEIGHT="59" WIDTH="15" VPOS="1781" HPOS="535"/>
                  <String HEIGHT="59"
                          WIDTH="123"
                          VPOS="1781"
                          HPOS="488"
                          CONTENT="par."/>
                  <SP HEIGHT="59" WIDTH="15" VPOS="1781" HPOS="611"/>
                  <String HEIGHT="59"
                          WIDTH="123"
                          VPOS="1781"
                          HPOS="565"
                          CONTENT="haec"/>
                  <SP HEIGHT="59" WIDTH="15" VPOS="1781" HPOS="688"/>
                  <String HEIGHT="59"
                          WIDTH="92"
                          VPOS="1781"
                          HPOS="627"
                          CONTENT="enim"/>
               </TextLine>
               <TextLine ID="r4l78"
                         BASELINE="1875"
                         HEIGHT="40"
                         WIDTH="499"
                         VPOS="1835"
                         HPOS="219">
                  <String HEIGHT="40"
                          WIDTH="156"
                          VPOS="1835"
                          HPOS="203"
                          CONTENT="numeri"/>
                  <SP HEIGHT="40" WIDTH="16" VPOS="1835" HPOS="359"/>
                  <String HEIGHT="40"
                          WIDTH="187"
                          VPOS="1835"
                          HPOS="313"
                          CONTENT="aliquid,"/>
                  <SP HEIGHT="40" WIDTH="16" VPOS="1835" HPOS="500"/>
                  <String HEIGHT="40"
                          WIDTH="125"
                          VPOS="1835"
                          HPOS="453"
                          CONTENT="illa"/>
                  <SP HEIGHT="40" WIDTH="16" VPOS="1835" HPOS="578"/>
                  <String HEIGHT="40"
                          WIDTH="125"
                          VPOS="1835"
                          HPOS="531"
                          CONTENT="vero"/>
                  <SP HEIGHT="40" WIDTH="16" VPOS="1835" HPOS="656"/>
                  <String HEIGHT="40"
                          WIDTH="125"
                          VPOS="1835"
                          HPOS="593"
                          CONTENT="tempo"
                          SUBS_TYPE="HypPart1"
                          SUBS_CONTENT="temporis"/>
                  <HYP CONTENT="-"/>
               </TextLine>
               <TextLine ID="r4l81"
                         BASELINE="1922"
                         HEIGHT="46"
                         WIDTH="503"
                         VPOS="1876"
                         HPOS="215">
                  <String HEIGHT="46"
                          WIDTH="101"
                          VPOS="1876"
                          HPOS="201"
                          CONTENT="ris"
                          SUBS_TYPE="HypPart2"
                          SUBS_CONTENT="temporis"/>
                  <SP HEIGHT="46" WIDTH="14" VPOS="1876" HPOS="301"/>
                  <String HEIGHT="46"
                          WIDTH="158"
                          VPOS="1876"
                          HPOS="258"
                          CONTENT="aliquid"/>
                  <SP HEIGHT="46" WIDTH="14" VPOS="1876" HPOS="416"/>
                  <String HEIGHT="46"
                          WIDTH="129"
                          VPOS="1876"
                          HPOS="373"
                          CONTENT="sunt."/>
                  <SP HEIGHT="46" WIDTH="14" VPOS="1876" HPOS="502"/>
                  <String HEIGHT="46"
                          WIDTH="101"
                          VPOS="1876"
                          HPOS="459"
                          CONTENT="Res"/>
                  <SP HEIGHT="46" WIDTH="14" VPOS="1876" HPOS="560"/>
                  <String HEIGHT="46"
                          WIDTH="144"
                          VPOS="1876"
                          HPOS="517"
                          CONTENT="autem,"/>
                  <SP HEIGHT="46" WIDTH="14" VPOS="1876" HPOS="661"/>
                  <String HEIGHT="46" WIDTH="86" VPOS="1876" HPOS="617" CONTENT="vt"/>
                  <SP HEIGHT="46" WIDTH="14" VPOS="1876" HPOS="704"/>
                  <String HEIGHT="46" WIDTH="86" VPOS="1876" HPOS="661" CONTENT="in"/>
                  <SP HEIGHT="46" WIDTH="14" VPOS="1876" HPOS="747"/>
                  <String HEIGHT="46" WIDTH="29" VPOS="1876" HPOS="689" CONTENT=""/>
               </TextLine>
            </TextBlock>
            <TextBlock ID="TextRegion_1611948300221_5765"
                       HEIGHT="1810"
                       WIDTH="511"
                       VPOS="140"
                       HPOS="736">
               <Shape>
                  <Polygon POINTS="736,140 1247,140 1247,1950 736,1950"/>
               </Shape>
               <TextLine ID="line_1611948300308_5768"
                         BASELINE="226"
                         HEIGHT="45"
                         WIDTH="510"
                         VPOS="181"
                         HPOS="742">
                  <String HEIGHT="45"
                          WIDTH="165"
                          VPOS="181"
                          HPOS="727"
                          CONTENT="numero,"/>
                  <SP HEIGHT="45" WIDTH="15" VPOS="181" HPOS="892"/>
                  <String HEIGHT="45" WIDTH="105" VPOS="181" HPOS="847" CONTENT="ita"/>
                  <SP HEIGHT="45" WIDTH="15" VPOS="181" HPOS="952"/>
                  <String HEIGHT="45" WIDTH="90" VPOS="181" HPOS="907" CONTENT="in"/>
                  <SP HEIGHT="45" WIDTH="15" VPOS="181" HPOS="997"/>
                  <String HEIGHT="45"
                          WIDTH="165"
                          VPOS="181"
                          HPOS="952"
                          CONTENT="tempore"/>
                  <SP HEIGHT="45" WIDTH="15" VPOS="181" HPOS="1117"/>
                  <String HEIGHT="45"
                          WIDTH="120"
                          VPOS="181"
                          HPOS="1072"
                          CONTENT="sunt"/>
                  <SP HEIGHT="45" WIDTH="15" VPOS="181" HPOS="1192"/>
                  <String HEIGHT="45" WIDTH="90" VPOS="181" HPOS="1147" CONTENT="si"/>
                  <SP HEIGHT="45" WIDTH="15" VPOS="181" HPOS="1237"/>
                  <String HEIGHT="45"
                          WIDTH="75"
                          VPOS="181"
                          HPOS="1177"
                          CONTENT="au"
                          SUBS_TYPE="HypPart1"
                          SUBS_CONTENT="autem"/>
                  <HYP CONTENT="-"/>
               </TextLine>
               <TextLine ID="r4l5"
                         BASELINE="266"
                         HEIGHT="43"
                         WIDTH="482"
                         VPOS="223"
                         HPOS="744">
                  <String HEIGHT="43"
                          WIDTH="99"
                          VPOS="223"
                          HPOS="730"
                          CONTENT="tem"
                          SUBS_TYPE="HypPart2"
                          SUBS_CONTENT="autem"/>
                  <SP HEIGHT="43" WIDTH="14" VPOS="223" HPOS="829"/>
                  <String HEIGHT="43" WIDTH="99" VPOS="223" HPOS="787" CONTENT="hoc"/>
                  <SP HEIGHT="43" WIDTH="14" VPOS="223" HPOS="886"/>
                  <String HEIGHT="43"
                          WIDTH="113"
                          VPOS="223"
                          HPOS="843"
                          CONTENT="est,"/>
                  <SP HEIGHT="43" WIDTH="14" VPOS="223" HPOS="957"/>
                  <String HEIGHT="43"
                          WIDTH="213"
                          VPOS="223"
                          HPOS="914"
                          CONTENT="continentur"/>
                  <SP HEIGHT="43" WIDTH="14" VPOS="223" HPOS="1127"/>
                  <String HEIGHT="43" WIDTH="71" VPOS="223" HPOS="1084" CONTENT="a"/>
                  <SP HEIGHT="43" WIDTH="14" VPOS="223" HPOS="1155"/>
                  <String HEIGHT="43"
                          WIDTH="128"
                          VPOS="223"
                          HPOS="1098"
                          CONTENT="numero,"/>
               </TextLine>
               <TextLine ID="r4l7"
                         BASELINE="315"
                         HEIGHT="46"
                         WIDTH="486"
                         VPOS="269"
                         HPOS="745">
                  <String HEIGHT="46"
                          WIDTH="115"
                          VPOS="269"
                          HPOS="732"
                          CONTENT="sicut"/>
                  <SP HEIGHT="46" WIDTH="13" VPOS="269" HPOS="847"/>
                  <String HEIGHT="46" WIDTH="64" VPOS="269" HPOS="809" CONTENT="&amp;"/>
                  <SP HEIGHT="46" WIDTH="13" VPOS="269" HPOS="873"/>
                  <String HEIGHT="46" WIDTH="90" VPOS="269" HPOS="835" CONTENT="ea,"/>
                  <SP HEIGHT="46" WIDTH="13" VPOS="269" HPOS="924"/>
                  <String HEIGHT="46"
                          WIDTH="102"
                          VPOS="269"
                          HPOS="886"
                          CONTENT="quae"/>
                  <SP HEIGHT="46" WIDTH="13" VPOS="269" HPOS="988"/>
                  <String HEIGHT="46"
                          WIDTH="102"
                          VPOS="269"
                          HPOS="950"
                          CONTENT="sunt"/>
                  <SP HEIGHT="46" WIDTH="13" VPOS="269" HPOS="1052"/>
                  <String HEIGHT="46" WIDTH="77" VPOS="269" HPOS="1014" CONTENT="in"/>
                  <SP HEIGHT="46" WIDTH="13" VPOS="269" HPOS="1090"/>
                  <String HEIGHT="46"
                          WIDTH="115"
                          VPOS="269"
                          HPOS="1052"
                          CONTENT="loco,"/>
                  <SP HEIGHT="46" WIDTH="13" VPOS="269" HPOS="1167"/>
                  <String HEIGHT="46" WIDTH="64" VPOS="269" HPOS="1129" CONTENT="a"/>
                  <SP HEIGHT="46" WIDTH="13" VPOS="269" HPOS="1193"/>
                  <String HEIGHT="46"
                          WIDTH="90"
                          VPOS="269"
                          HPOS="1141"
                          CONTENT="loco."/>
               </TextLine>
               <TextLine ID="r4l9"
                         BASELINE="378"
                         HEIGHT="61"
                         WIDTH="442"
                         VPOS="317"
                         HPOS="792">
                  <String HEIGHT="61" WIDTH="88" VPOS="317" HPOS="777" CONTENT="Et"/>
                  <SP HEIGHT="61" WIDTH="15" VPOS="317" HPOS="866"/>
                  <String HEIGHT="61"
                          WIDTH="192"
                          VPOS="317"
                          HPOS="821"
                          CONTENT="manifestu"/>
                  <SP HEIGHT="61" WIDTH="15" VPOS="317" HPOS="1013"/>
                  <String HEIGHT="61" WIDTH="103" VPOS="317" HPOS="969" CONTENT="est"/>
                  <SP HEIGHT="61" WIDTH="15" VPOS="317" HPOS="1072"/>
                  <String HEIGHT="61"
                          WIDTH="118"
                          VPOS="317"
                          HPOS="1028"
                          CONTENT="quod"/>
                  <SP HEIGHT="61" WIDTH="15" VPOS="317" HPOS="1146"/>
                  <String HEIGHT="61" WIDTH="88" VPOS="317" HPOS="1101" CONTENT="de"/>
                  <SP HEIGHT="61" WIDTH="15" VPOS="317" HPOS="1190"/>
                  <String HEIGHT="61"
                          WIDTH="103"
                          VPOS="317"
                          HPOS="1131"
                          CONTENT="alus"
                          SUBS_TYPE="HypPart1"
                          SUBS_CONTENT="alusintentio"/>
                  <HYP CONTENT="-"/>
               </TextLine>
               <TextLine ID="r4l11"
                         BASELINE="427"
                         HEIGHT="62"
                         WIDTH="493"
                         VPOS="365"
                         HPOS="740">
                  <String HEIGHT="62"
                          WIDTH="174"
                          VPOS="365"
                          HPOS="726"
                          CONTENT="intentio"
                          SUBS_TYPE="HypPart2"
                          SUBS_CONTENT="alusintentio"/>
                  <SP HEIGHT="62" WIDTH="15" VPOS="365" HPOS="900"/>
                  <String HEIGHT="62"
                          WIDTH="131"
                          VPOS="365"
                          HPOS="856"
                          CONTENT="eius,"/>
                  <SP HEIGHT="62" WIDTH="15" VPOS="365" HPOS="987"/>
                  <String HEIGHT="62"
                          WIDTH="116"
                          VPOS="365"
                          HPOS="943"
                          CONTENT="quod"/>
                  <SP HEIGHT="62" WIDTH="15" VPOS="365" HPOS="1059"/>
                  <String HEIGHT="62"
                          WIDTH="116"
                          VPOS="365"
                          HPOS="1016"
                          CONTENT="sunt"/>
                  <SP HEIGHT="62" WIDTH="15" VPOS="365" HPOS="1132"/>
                  <String HEIGHT="62" WIDTH="87" VPOS="365" HPOS="1088" CONTENT="in"/>
                  <SP HEIGHT="62" WIDTH="15" VPOS="365" HPOS="1175"/>
                  <String HEIGHT="62"
                          WIDTH="116"
                          VPOS="365"
                          HPOS="1117"
                          CONTENT="tempo"
                          SUBS_TYPE="HypPart1"
                          SUBS_CONTENT="tempore,"/>
                  <HYP CONTENT="-"/>
               </TextLine>
               <TextLine ID="r4l14"
                         BASELINE="476"
                         HEIGHT="59"
                         WIDTH="497"
                         VPOS="417"
                         HPOS="738">
                  <String HEIGHT="59"
                          WIDTH="105"
                          VPOS="417"
                          HPOS="723"
                          CONTENT="re,"
                          SUBS_TYPE="HypPart2"
                          SUBS_CONTENT="tempore,"/>
                  <SP HEIGHT="59" WIDTH="15" VPOS="417" HPOS="828"/>
                  <String HEIGHT="59"
                          WIDTH="120"
                          VPOS="417"
                          HPOS="783"
                          CONTENT="est,"/>
                  <SP HEIGHT="59" WIDTH="15" VPOS="417" HPOS="904"/>
                  <String HEIGHT="59"
                          WIDTH="120"
                          VPOS="417"
                          HPOS="858"
                          CONTENT="quod"/>
                  <SP HEIGHT="59" WIDTH="15" VPOS="417" HPOS="979"/>
                  <String HEIGHT="59"
                          WIDTH="151"
                          VPOS="417"
                          HPOS="934"
                          CONTENT="tempus"/>
                  <SP HEIGHT="59" WIDTH="15" VPOS="417" HPOS="1084"/>
                  <String HEIGHT="59"
                          WIDTH="166"
                          VPOS="417"
                          HPOS="1039"
                          CONTENT="numerat"/>
                  <SP HEIGHT="59" WIDTH="15" VPOS="417" HPOS="1205"/>
                  <String HEIGHT="59"
                          WIDTH="90"
                          VPOS="417"
                          HPOS="1145"
                          CONTENT="qui"
                          SUBS_TYPE="HypPart1"
                          SUBS_CONTENT="quiditatem"/>
                  <HYP CONTENT="-"/>
               </TextLine>
               <TextLine ID="r4l16"
                         BASELINE="531"
                         HEIGHT="71"
                         WIDTH="498"
                         VPOS="460"
                         HPOS="743">
                  <String HEIGHT="71"
                          WIDTH="166"
                          VPOS="460"
                          HPOS="728"
                          CONTENT="ditatem"
                          SUBS_TYPE="HypPart2"
                          SUBS_CONTENT="quiditatem"/>
                  <SP HEIGHT="71" WIDTH="15" VPOS="460" HPOS="894"/>
                  <String HEIGHT="71"
                          WIDTH="136"
                          VPOS="460"
                          HPOS="849"
                          CONTENT="eorum"/>
                  <SP HEIGHT="71" WIDTH="15" VPOS="460" HPOS="984"/>
                  <String HEIGHT="71"
                          WIDTH="151"
                          VPOS="460"
                          HPOS="939"
                          CONTENT="Quonia"/>
                  <SP HEIGHT="71" WIDTH="15" VPOS="460" HPOS="1090"/>
                  <String HEIGHT="71"
                          WIDTH="166"
                          VPOS="460"
                          HPOS="1045"
                          CONTENT="aliquid"/>
                  <SP HEIGHT="71" WIDTH="15" VPOS="460" HPOS="1211"/>
                  <String HEIGHT="71"
                          WIDTH="91"
                          VPOS="460"
                          HPOS="1150"
                          CONTENT="esse"/>
               </TextLine>
               <TextLine ID="r4l18"
                         BASELINE="571"
                         HEIGHT="59"
                         WIDTH="492"
                         VPOS="512"
                         HPOS="745">
                  <String HEIGHT="59" WIDTH="89" VPOS="512" HPOS="730" CONTENT="in"/>
                  <SP HEIGHT="59" WIDTH="15" VPOS="512" HPOS="820"/>
                  <String HEIGHT="59"
                          WIDTH="164"
                          VPOS="512"
                          HPOS="775"
                          CONTENT="tempore"/>
                  <SP HEIGHT="59" WIDTH="15" VPOS="512" HPOS="939"/>
                  <String HEIGHT="59"
                          WIDTH="134"
                          VPOS="512"
                          HPOS="894"
                          CONTENT="habet"/>
                  <SP HEIGHT="59" WIDTH="15" VPOS="512" HPOS="1028"/>
                  <String HEIGHT="59"
                          WIDTH="119"
                          VPOS="512"
                          HPOS="984"
                          CONTENT="duas"/>
                  <SP HEIGHT="59" WIDTH="15" VPOS="512" HPOS="1103"/>
                  <String HEIGHT="59"
                          WIDTH="194"
                          VPOS="512"
                          HPOS="1043"
                          CONTENT="intetiones."/>
               </TextLine>
               <TextLine ID="r4l20"
                         BASELINE="619"
                         HEIGHT="58"
                         WIDTH="492"
                         VPOS="561"
                         HPOS="743">
                  <String HEIGHT="58"
                          WIDTH="141"
                          VPOS="561"
                          HPOS="729"
                          CONTENT="quarum"/>
                  <SP HEIGHT="58" WIDTH="14" VPOS="561" HPOS="870"/>
                  <String HEIGHT="58" WIDTH="98" VPOS="561" HPOS="827" CONTENT="vna"/>
                  <SP HEIGHT="58" WIDTH="14" VPOS="561" HPOS="926"/>
                  <String HEIGHT="58"
                          WIDTH="112"
                          VPOS="561"
                          HPOS="884"
                          CONTENT="est,"/>
                  <SP HEIGHT="58" WIDTH="14" VPOS="561" HPOS="996"/>
                  <String HEIGHT="58" WIDTH="84" VPOS="561" HPOS="954" CONTENT="vt"/>
                  <SP HEIGHT="58" WIDTH="14" VPOS="561" HPOS="1038"/>
                  <String HEIGHT="58"
                          WIDTH="155"
                          VPOS="561"
                          HPOS="996"
                          CONTENT="aliquid"/>
                  <SP HEIGHT="58" WIDTH="14" VPOS="561" HPOS="1151"/>
                  <String HEIGHT="58"
                          WIDTH="112"
                          VPOS="561"
                          HPOS="1108"
                          CONTENT="sit,"/>
                  <SP HEIGHT="58" WIDTH="14" VPOS="561" HPOS="1221"/>
                  <String HEIGHT="58" WIDTH="70" VPOS="561" HPOS="1165" CONTENT="cum"/>
               </TextLine>
               <TextLine ID="r4l23"
                         BASELINE="658"
                         HEIGHT="50"
                         WIDTH="486"
                         VPOS="608"
                         HPOS="747">
                  <String HEIGHT="50"
                          WIDTH="143"
                          VPOS="608"
                          HPOS="733"
                          CONTENT="tempus"/>
                  <SP HEIGHT="50" WIDTH="14" VPOS="608" HPOS="876"/>
                  <String HEIGHT="50"
                          WIDTH="157"
                          VPOS="608"
                          HPOS="833"
                          CONTENT="fuerit,"/>
                  <SP HEIGHT="50" WIDTH="14" VPOS="608" HPOS="990"/>
                  <String HEIGHT="50" WIDTH="71" VPOS="608" HPOS="947" CONTENT="&amp;"/>
                  <SP HEIGHT="50" WIDTH="14" VPOS="608" HPOS="1019"/>
                  <String HEIGHT="50"
                          WIDTH="129"
                          VPOS="608"
                          HPOS="976"
                          CONTENT="alia,"/>
                  <SP HEIGHT="50" WIDTH="14" VPOS="608" HPOS="1104"/>
                  <String HEIGHT="50"
                          WIDTH="129"
                          VPOS="608"
                          HPOS="1061"
                          CONTENT="sicut"/>
                  <SP HEIGHT="50" WIDTH="14" VPOS="608" HPOS="1190"/>
                  <String HEIGHT="50"
                          WIDTH="100"
                          VPOS="608"
                          HPOS="1133"
                          CONTENT="dici"
                          SUBS_TYPE="HypPart1"
                          SUBS_CONTENT="dicimus,"/>
                  <HYP CONTENT="-"/>
               </TextLine>
               <TextLine ID="r4l25"
                         BASELINE="706"
                         HEIGHT="48"
                         WIDTH="494"
                         VPOS="658"
                         HPOS="742">
                  <String HEIGHT="48"
                          WIDTH="116"
                          VPOS="658"
                          HPOS="727"
                          CONTENT="mus,"
                          SUBS_TYPE="HypPart2"
                          SUBS_CONTENT="dicimus,"/>
                  <SP HEIGHT="48" WIDTH="15" VPOS="658" HPOS="844"/>
                  <String HEIGHT="48" WIDTH="87" VPOS="658" HPOS="800" CONTENT="de"/>
                  <SP HEIGHT="48" WIDTH="15" VPOS="658" HPOS="887"/>
                  <String HEIGHT="48"
                          WIDTH="189"
                          VPOS="658"
                          HPOS="844"
                          CONTENT="quibusdam"/>
                  <SP HEIGHT="48" WIDTH="15" VPOS="658" HPOS="1033"/>
                  <String HEIGHT="48"
                          WIDTH="145"
                          VPOS="658"
                          HPOS="989"
                          CONTENT="rebus,"/>
                  <SP HEIGHT="48" WIDTH="15" VPOS="658" HPOS="1134"/>
                  <String HEIGHT="48"
                          WIDTH="116"
                          VPOS="658"
                          HPOS="1091"
                          CONTENT="quod"/>
                  <SP HEIGHT="48" WIDTH="15" VPOS="658" HPOS="1207"/>
                  <String HEIGHT="48"
                          WIDTH="87"
                          VPOS="658"
                          HPOS="1149"
                          CONTENT="sunt"/>
               </TextLine>
               <TextLine ID="r4l27"
                         BASELINE="763"
                         HEIGHT="55"
                         WIDTH="479"
                         VPOS="708"
                         HPOS="748">
                  <String HEIGHT="55"
                          WIDTH="174"
                          VPOS="708"
                          HPOS="733"
                          CONTENT="inumero."/>
                  <SP HEIGHT="55" WIDTH="15" VPOS="708" HPOS="908"/>
                  <String HEIGHT="55" WIDTH="73" VPOS="708" HPOS="864" CONTENT="&amp;"/>
                  <SP HEIGHT="55" WIDTH="15" VPOS="708" HPOS="937"/>
                  <String HEIGHT="55"
                          WIDTH="116"
                          VPOS="708"
                          HPOS="893"
                          CONTENT="iste"/>
                  <SP HEIGHT="55" WIDTH="15" VPOS="708" HPOS="1009"/>
                  <String HEIGHT="55"
                          WIDTH="131"
                          VPOS="708"
                          HPOS="966"
                          CONTENT="sermo"/>
                  <SP HEIGHT="55" WIDTH="15" VPOS="708" HPOS="1096"/>
                  <String HEIGHT="55"
                          WIDTH="189"
                          VPOS="708"
                          HPOS="1038"
                          CONTENT="significat,"/>
               </TextLine>
               <TextLine ID="r4l29"
                         BASELINE="818"
                         HEIGHT="62"
                         WIDTH="488"
                         VPOS="756"
                         HPOS="747">
                  <String HEIGHT="62" WIDTH="95" VPOS="756" HPOS="733" CONTENT="aut"/>
                  <SP HEIGHT="62" WIDTH="14" VPOS="756" HPOS="828"/>
                  <String HEIGHT="62"
                          WIDTH="136"
                          VPOS="756"
                          HPOS="788"
                          CONTENT="illud."/>
                  <SP HEIGHT="62" WIDTH="14" VPOS="756" HPOS="923"/>
                  <String HEIGHT="62"
                          WIDTH="108"
                          VPOS="756"
                          HPOS="883"
                          CONTENT="quod"/>
                  <SP HEIGHT="62" WIDTH="14" VPOS="756" HPOS="991"/>
                  <String HEIGHT="62" WIDTH="95" VPOS="756" HPOS="950" CONTENT="est"/>
                  <SP HEIGHT="62" WIDTH="14" VPOS="756" HPOS="1045"/>
                  <String HEIGHT="62"
                          WIDTH="122"
                          VPOS="756"
                          HPOS="1005"
                          CONTENT="quasi"/>
                  <SP HEIGHT="62" WIDTH="14" VPOS="756" HPOS="1127"/>
                  <String HEIGHT="62"
                          WIDTH="108"
                          VPOS="756"
                          HPOS="1086"
                          CONTENT="pars"/>
                  <SP HEIGHT="62" WIDTH="14" VPOS="756" HPOS="1194"/>
                  <String HEIGHT="62"
                          WIDTH="95"
                          VPOS="756"
                          HPOS="1140"
                          CONTENT="nume"
                          SUBS_TYPE="HypPart1"
                          SUBS_CONTENT="numeri,"/>
                  <HYP CONTENT="-"/>
               </TextLine>
               <TextLine ID="r4l32"
                         BASELINE="858"
                         HEIGHT="54"
                         WIDTH="496"
                         VPOS="804"
                         HPOS="739">
                  <String HEIGHT="54"
                          WIDTH="102"
                          VPOS="804"
                          HPOS="724"
                          CONTENT="ri,"
                          SUBS_TYPE="HypPart2"
                          SUBS_CONTENT="numeri,"/>
                  <SP HEIGHT="54" WIDTH="15" VPOS="804" HPOS="827"/>
                  <String HEIGHT="54" WIDTH="102" VPOS="804" HPOS="783" CONTENT="aut"/>
                  <SP HEIGHT="54" WIDTH="15" VPOS="804" HPOS="885"/>
                  <String HEIGHT="54"
                          WIDTH="175"
                          VPOS="804"
                          HPOS="841"
                          CONTENT="accidens"/>
                  <SP HEIGHT="54" WIDTH="15" VPOS="804" HPOS="1016"/>
                  <String HEIGHT="54" WIDTH="102" VPOS="804" HPOS="972" CONTENT="ei,"/>
                  <SP HEIGHT="54" WIDTH="15" VPOS="804" HPOS="1075"/>
                  <String HEIGHT="54" WIDTH="73" VPOS="804" HPOS="1031" CONTENT="&amp;"/>
                  <SP HEIGHT="54" WIDTH="15" VPOS="804" HPOS="1104"/>
                  <String HEIGHT="54"
                          WIDTH="190"
                          VPOS="804"
                          HPOS="1045"
                          CONTENT="vniuersali"
                          SUBS_TYPE="HypPart1"
                          SUBS_CONTENT="vniuersaliter"/>
                  <HYP CONTENT="-"/>
               </TextLine>
               <TextLine ID="r4l34"
                         BASELINE="920"
                         HEIGHT="68"
                         WIDTH="484"
                         VPOS="852"
                         HPOS="739">
                  <String HEIGHT="68"
                          WIDTH="113"
                          VPOS="852"
                          HPOS="723"
                          CONTENT="ter"
                          SUBS_TYPE="HypPart2"
                          SUBS_CONTENT="vniuersaliter"/>
                  <SP HEIGHT="68" WIDTH="16" VPOS="852" HPOS="836"/>
                  <String HEIGHT="68"
                          WIDTH="177"
                          VPOS="852"
                          HPOS="787"
                          CONTENT="aliquod"/>
                  <SP HEIGHT="68" WIDTH="16" VPOS="852" HPOS="965"/>
                  <String HEIGHT="68"
                          WIDTH="226"
                          VPOS="852"
                          HPOS="916"
                          CONTENT="attributum"/>
                  <SP HEIGHT="68" WIDTH="16" VPOS="852" HPOS="1142"/>
                  <String HEIGHT="68"
                          WIDTH="145"
                          VPOS="852"
                          HPOS="1078"
                          CONTENT="numero,"/>
               </TextLine>
               <TextLine ID="r4l36"
                         BASELINE="963"
                         HEIGHT="62"
                         WIDTH="484"
                         VPOS="901"
                         HPOS="750">
                  <String HEIGHT="62" WIDTH="106" VPOS="901" HPOS="735" CONTENT="aut"/>
                  <SP HEIGHT="62" WIDTH="15" VPOS="901" HPOS="841"/>
                  <String HEIGHT="62"
                          WIDTH="121"
                          VPOS="901"
                          HPOS="795"
                          CONTENT="quod"/>
                  <SP HEIGHT="62" WIDTH="15" VPOS="901" HPOS="916"/>
                  <String HEIGHT="62"
                          WIDTH="136"
                          VPOS="901"
                          HPOS="871"
                          CONTENT="habet"/>
                  <SP HEIGHT="62" WIDTH="15" VPOS="901" HPOS="1007"/>
                  <String HEIGHT="62"
                          WIDTH="182"
                          VPOS="901"
                          HPOS="962"
                          CONTENT="numerum."/>
                  <SP HEIGHT="62" WIDTH="15" VPOS="901" HPOS="1143"/>
                  <String HEIGHT="62"
                          WIDTH="106"
                          VPOS="901"
                          HPOS="1098"
                          CONTENT="Et,"/>
                  <SP HEIGHT="62" WIDTH="15" VPOS="901" HPOS="1204"/>
                  <String HEIGHT="62"
                          WIDTH="91"
                          VPOS="901"
                          HPOS="1143"
                          CONTENT="quia"/>
               </TextLine>
               <TextLine ID="r4l38"
                         BASELINE="1006"
                         HEIGHT="57"
                         WIDTH="487"
                         VPOS="949"
                         HPOS="742">
                  <String HEIGHT="57"
                          WIDTH="148"
                          VPOS="949"
                          HPOS="727"
                          CONTENT="tempus"/>
                  <SP HEIGHT="57" WIDTH="15" VPOS="949" HPOS="875"/>
                  <String HEIGHT="57" WIDTH="103" VPOS="949" HPOS="831" CONTENT="est"/>
                  <SP HEIGHT="57" WIDTH="15" VPOS="949" HPOS="934"/>
                  <String HEIGHT="57"
                          WIDTH="177"
                          VPOS="949"
                          HPOS="890"
                          CONTENT="numerus,"/>
                  <SP HEIGHT="57" WIDTH="15" VPOS="949" HPOS="1067"/>
                  <String HEIGHT="57"
                          WIDTH="148"
                          VPOS="949"
                          HPOS="1022"
                          CONTENT="instas"/>
                  <SP HEIGHT="57" WIDTH="15" VPOS="949" HPOS="1170"/>
                  <String HEIGHT="57"
                          WIDTH="118"
                          VPOS="949"
                          HPOS="1111"
                          CONTENT="prius,"/>
               </TextLine>
               <TextLine ID="r4l41"
                         BASELINE="1059"
                         HEIGHT="63"
                         WIDTH="491"
                         VPOS="996"
                         HPOS="748">
                  <String HEIGHT="63" WIDTH="77" VPOS="996" HPOS="733" CONTENT="&amp;"/>
                  <SP HEIGHT="63" WIDTH="15" VPOS="996" HPOS="809"/>
                  <String HEIGHT="63"
                          WIDTH="215"
                          VPOS="996"
                          HPOS="763"
                          CONTENT="posterius,"/>
                  <SP HEIGHT="63" WIDTH="15" VPOS="996" HPOS="978"/>
                  <String HEIGHT="63" WIDTH="77" VPOS="996" HPOS="932" CONTENT="&amp;"/>
                  <SP HEIGHT="63" WIDTH="15" VPOS="996" HPOS="1009"/>
                  <String HEIGHT="63"
                          WIDTH="123"
                          VPOS="996"
                          HPOS="963"
                          CONTENT="alia"/>
                  <SP HEIGHT="63" WIDTH="15" VPOS="996" HPOS="1086"/>
                  <String HEIGHT="63"
                          WIDTH="169"
                          VPOS="996"
                          HPOS="1040"
                          CONTENT="similia"/>
                  <SP HEIGHT="63" WIDTH="15" VPOS="996" HPOS="1208"/>
                  <String HEIGHT="63"
                          WIDTH="92"
                          VPOS="996"
                          HPOS="1147"
                          CONTENT="sunt"/>
               </TextLine>
               <TextLine ID="r4l43"
                         BASELINE="1107"
                         HEIGHT="58"
                         WIDTH="490"
                         VPOS="1049"
                         HPOS="745">
                  <String HEIGHT="58" WIDTH="89" VPOS="1049" HPOS="730" CONTENT="in"/>
                  <SP HEIGHT="58" WIDTH="15" VPOS="1049" HPOS="819"/>
                  <String HEIGHT="58"
                          WIDTH="178"
                          VPOS="1049"
                          HPOS="775"
                          CONTENT="tempore,"/>
                  <SP HEIGHT="58" WIDTH="15" VPOS="1049" HPOS="953"/>
                  <String HEIGHT="58"
                          WIDTH="134"
                          VPOS="1049"
                          HPOS="908"
                          CONTENT="sicut"/>
                  <SP HEIGHT="58" WIDTH="15" VPOS="1049" HPOS="1042"/>
                  <String HEIGHT="58"
                          WIDTH="148"
                          VPOS="1049"
                          HPOS="997"
                          CONTENT="vnitas"/>
                  <SP HEIGHT="58" WIDTH="15" VPOS="1049" HPOS="1146"/>
                  <String HEIGHT="58" WIDTH="89" VPOS="1049" HPOS="1101" CONTENT="in"/>
                  <SP HEIGHT="58" WIDTH="15" VPOS="1049" HPOS="1190"/>
                  <String HEIGHT="58"
                          WIDTH="104"
                          VPOS="1049"
                          HPOS="1131"
                          CONTENT="nume"
                          SUBS_TYPE="HypPart1"
                          SUBS_CONTENT="numero,"/>
                  <HYP CONTENT="-"/>
               </TextLine>
               <TextLine ID="r4l45"
                         BASELINE="1154"
                         HEIGHT="61"
                         WIDTH="494"
                         VPOS="1093"
                         HPOS="744">
                  <String HEIGHT="61"
                          WIDTH="99"
                          VPOS="1093"
                          HPOS="730"
                          CONTENT="ro,"
                          SUBS_TYPE="HypPart2"
                          SUBS_CONTENT="numero,"/>
                  <SP HEIGHT="61" WIDTH="14" VPOS="1093" HPOS="829"/>
                  <String HEIGHT="61" WIDTH="71" VPOS="1093" HPOS="786" CONTENT="&amp;"/>
                  <SP HEIGHT="61" WIDTH="14" VPOS="1093" HPOS="857"/>
                  <String HEIGHT="61"
                          WIDTH="113"
                          VPOS="1093"
                          HPOS="815"
                          CONTENT="par,"/>
                  <SP HEIGHT="61" WIDTH="14" VPOS="1093" HPOS="927"/>
                  <String HEIGHT="61" WIDTH="71" VPOS="1093" HPOS="885" CONTENT="&amp;"/>
                  <SP HEIGHT="61" WIDTH="14" VPOS="1093" HPOS="956"/>
                  <String HEIGHT="61"
                          WIDTH="141"
                          VPOS="1093"
                          HPOS="913"
                          CONTENT="impar."/>
                  <SP HEIGHT="61" WIDTH="14" VPOS="1093" HPOS="1055"/>
                  <String HEIGHT="61"
                          WIDTH="113"
                          VPOS="1093"
                          HPOS="1012"
                          CONTENT="ista"/>
                  <SP HEIGHT="61" WIDTH="14" VPOS="1093" HPOS="1125"/>
                  <String HEIGHT="61"
                          WIDTH="113"
                          VPOS="1093"
                          HPOS="1083"
                          CONTENT="enim"/>
                  <SP HEIGHT="61" WIDTH="14" VPOS="1093" HPOS="1196"/>
                  <String HEIGHT="61"
                          WIDTH="99"
                          VPOS="1093"
                          HPOS="1139"
                          CONTENT="attri"/>
               </TextLine>
               <TextLine ID="r4l47"
                         BASELINE="1203"
                         HEIGHT="62"
                         WIDTH="487"
                         VPOS="1141"
                         HPOS="748">
                  <String HEIGHT="62"
                          WIDTH="173"
                          VPOS="1141"
                          HPOS="732"
                          CONTENT="buuntur"/>
                  <SP HEIGHT="62" WIDTH="16" VPOS="1141" HPOS="905"/>
                  <String HEIGHT="62"
                          WIDTH="173"
                          VPOS="1141"
                          HPOS="858"
                          CONTENT="numero,"/>
                  <SP HEIGHT="62" WIDTH="16" VPOS="1141" HPOS="1031"/>
                  <String HEIGHT="62" WIDTH="79" VPOS="1141" HPOS="984" CONTENT="&amp;"/>
                  <SP HEIGHT="62" WIDTH="16" VPOS="1141" HPOS="1062"/>
                  <String HEIGHT="62"
                          WIDTH="126"
                          VPOS="1141"
                          HPOS="1015"
                          CONTENT="illa"/>
                  <SP HEIGHT="62" WIDTH="16" VPOS="1141" HPOS="1141"/>
                  <String HEIGHT="62"
                          WIDTH="157"
                          VPOS="1141"
                          HPOS="1078"
                          CONTENT="tempori."/>
               </TextLine>
               <TextLine ID="r4l49"
                         BASELINE="1250"
                         HEIGHT="61"
                         WIDTH="488"
                         VPOS="1189"
                         HPOS="753">
                  <String HEIGHT="61" WIDTH="86" VPOS="1189" HPOS="739" CONTENT="Et"/>
                  <SP HEIGHT="61" WIDTH="14" VPOS="1189" HPOS="825"/>
                  <String HEIGHT="61"
                          WIDTH="100"
                          VPOS="1189"
                          HPOS="782"
                          CONTENT="res"/>
                  <SP HEIGHT="61" WIDTH="14" VPOS="1189" HPOS="882"/>
                  <String HEIGHT="61"
                          WIDTH="115"
                          VPOS="1189"
                          HPOS="839"
                          CONTENT="sunt"/>
                  <SP HEIGHT="61" WIDTH="14" VPOS="1189" HPOS="954"/>
                  <String HEIGHT="61" WIDTH="86" VPOS="1189" HPOS="911" CONTENT="in"/>
                  <SP HEIGHT="61" WIDTH="14" VPOS="1189" HPOS="997"/>
                  <String HEIGHT="61"
                          WIDTH="172"
                          VPOS="1189"
                          HPOS="954"
                          CONTENT="tempore,"/>
                  <SP HEIGHT="61" WIDTH="14" VPOS="1189" HPOS="1126"/>
                  <String HEIGHT="61"
                          WIDTH="129"
                          VPOS="1189"
                          HPOS="1083"
                          CONTENT="sicut"/>
                  <SP HEIGHT="61" WIDTH="14" VPOS="1189" HPOS="1212"/>
                  <String HEIGHT="61"
                          WIDTH="86"
                          VPOS="1189"
                          HPOS="1155"
                          CONTENT="sunt"/>
               </TextLine>
               <TextLine ID="r4l51"
                         BASELINE="1298"
                         HEIGHT="53"
                         WIDTH="486"
                         VPOS="1245"
                         HPOS="751">
                  <String HEIGHT="53" WIDTH="91" VPOS="1245" HPOS="736" CONTENT="in"/>
                  <SP HEIGHT="53" WIDTH="15" VPOS="1245" HPOS="827"/>
                  <String HEIGHT="53"
                          WIDTH="167"
                          VPOS="1245"
                          HPOS="781"
                          CONTENT="numero."/>
                  <SP HEIGHT="53" WIDTH="15" VPOS="1245" HPOS="948"/>
                  <String HEIGHT="53" WIDTH="91" VPOS="1245" HPOS="903" CONTENT="&amp;,"/>
                  <SP HEIGHT="53" WIDTH="15" VPOS="1245" HPOS="994"/>
                  <String HEIGHT="53"
                          WIDTH="106"
                          VPOS="1245"
                          HPOS="948"
                          CONTENT="cum"/>
                  <SP HEIGHT="53" WIDTH="15" VPOS="1245" HPOS="1055"/>
                  <String HEIGHT="53"
                          WIDTH="106"
                          VPOS="1245"
                          HPOS="1009"
                          CONTENT="ita"/>
                  <SP HEIGHT="53" WIDTH="15" VPOS="1245" HPOS="1116"/>
                  <String HEIGHT="53"
                          WIDTH="122"
                          VPOS="1245"
                          HPOS="1070"
                          CONTENT="sit,"/>
                  <SP HEIGHT="53" WIDTH="15" VPOS="1245" HPOS="1191"/>
                  <String HEIGHT="53"
                          WIDTH="106"
                          VPOS="1245"
                          HPOS="1131"
                          CONTENT="nume"
                          SUBS_TYPE="HypPart1"
                          SUBS_CONTENT="numerus"/>
                  <HYP CONTENT="-"/>
               </TextLine>
               <TextLine ID="r4l53"
                         BASELINE="1338"
                         HEIGHT="50"
                         WIDTH="498"
                         VPOS="1288"
                         HPOS="738">
                  <String HEIGHT="50"
                          WIDTH="94"
                          VPOS="1288"
                          HPOS="725"
                          CONTENT="rus"
                          SUBS_TYPE="HypPart2"
                          SUBS_CONTENT="numerus"/>
                  <SP HEIGHT="50" WIDTH="13" VPOS="1288" HPOS="819"/>
                  <String HEIGHT="50"
                          WIDTH="162"
                          VPOS="1288"
                          HPOS="778"
                          CONTENT="continet"/>
                  <SP HEIGHT="50" WIDTH="13" VPOS="1288" HPOS="940"/>
                  <String HEIGHT="50"
                          WIDTH="135"
                          VPOS="1288"
                          HPOS="900"
                          CONTENT="illas,"/>
                  <SP HEIGHT="50" WIDTH="13" VPOS="1288" HPOS="1034"/>
                  <String HEIGHT="50"
                          WIDTH="121"
                          VPOS="1288"
                          HPOS="994"
                          CONTENT="sicut"/>
                  <SP HEIGHT="50" WIDTH="13" VPOS="1288" HPOS="1115"/>
                  <String HEIGHT="50"
                          WIDTH="121"
                          VPOS="1288"
                          HPOS="1074"
                          CONTENT="locus"/>
                  <SP HEIGHT="50" WIDTH="13" VPOS="1288" HPOS="1196"/>
                  <String HEIGHT="50"
                          WIDTH="94"
                          VPOS="1288"
                          HPOS="1142"
                          CONTENT="conti"/>
               </TextLine>
               <TextLine ID="r4l55"
                         BASELINE="1395"
                         HEIGHT="58"
                         WIDTH="374"
                         VPOS="1337"
                         HPOS="746">
                  <String HEIGHT="58" WIDTH="94" VPOS="1337" HPOS="733" CONTENT="net"/>
                  <SP HEIGHT="58" WIDTH="13" VPOS="1337" HPOS="826"/>
                  <String HEIGHT="58"
                          WIDTH="134"
                          VPOS="1337"
                          HPOS="786"
                          CONTENT="illud,"/>
                  <SP HEIGHT="58" WIDTH="13" VPOS="1337" HPOS="920"/>
                  <String HEIGHT="58"
                          WIDTH="107"
                          VPOS="1337"
                          HPOS="880"
                          CONTENT="quod"/>
                  <SP HEIGHT="58" WIDTH="13" VPOS="1337" HPOS="986"/>
                  <String HEIGHT="58" WIDTH="94" VPOS="1337" HPOS="946" CONTENT="est"/>
                  <SP HEIGHT="58" WIDTH="13" VPOS="1337" HPOS="1040"/>
                  <String HEIGHT="58" WIDTH="80" VPOS="1337" HPOS="1000" CONTENT="in"/>
                  <SP HEIGHT="58" WIDTH="13" VPOS="1337" HPOS="1080"/>
                  <String HEIGHT="58"
                          WIDTH="94"
                          VPOS="1337"
                          HPOS="1027"
                          CONTENT="loco."/>
               </TextLine>
               <TextLine ID="r4l57"
                         BASELINE="1447"
                         HEIGHT="51"
                         WIDTH="461"
                         VPOS="1396"
                         HPOS="778">
                  <String HEIGHT="51" WIDTH="75" VPOS="1396" HPOS="766" CONTENT="Et"/>
                  <SP HEIGHT="51" WIDTH="12" VPOS="1396" HPOS="840"/>
                  <String HEIGHT="51"
                          WIDTH="174"
                          VPOS="1396"
                          HPOS="803"
                          CONTENT="manifestum"/>
                  <SP HEIGHT="51" WIDTH="12" VPOS="1396" HPOS="977"/>
                  <String HEIGHT="51" WIDTH="87" VPOS="1396" HPOS="940" CONTENT="est"/>
                  <SP HEIGHT="51" WIDTH="12" VPOS="1396" HPOS="1027"/>
                  <String HEIGHT="51"
                          WIDTH="112"
                          VPOS="1396"
                          HPOS="990"
                          CONTENT="etiam"/>
                  <SP HEIGHT="51" WIDTH="12" VPOS="1396" HPOS="1102"/>
                  <String HEIGHT="51"
                          WIDTH="100"
                          VPOS="1396"
                          HPOS="1065"
                          CONTENT="quod"/>
                  <SP HEIGHT="51" WIDTH="12" VPOS="1396" HPOS="1164"/>
                  <String HEIGHT="51"
                          WIDTH="125"
                          VPOS="1396"
                          HPOS="1114"
                          CONTENT="intentio"/>
               </TextLine>
               <TextLine ID="r4l59"
                         BASELINE="1487"
                         HEIGHT="43"
                         WIDTH="500"
                         VPOS="1444"
                         HPOS="743">
                  <String HEIGHT="43"
                          WIDTH="100"
                          VPOS="1444"
                          HPOS="732"
                          CONTENT="eius,"/>
                  <SP HEIGHT="43" WIDTH="11" VPOS="1444" HPOS="832"/>
                  <String HEIGHT="43"
                          WIDTH="89"
                          VPOS="1444"
                          HPOS="799"
                          CONTENT="quod"/>
                  <SP HEIGHT="43" WIDTH="11" VPOS="1444" HPOS="887"/>
                  <String HEIGHT="43"
                          WIDTH="89"
                          VPOS="1444"
                          HPOS="854"
                          CONTENT="alia"/>
                  <SP HEIGHT="43" WIDTH="11" VPOS="1444" HPOS="943"/>
                  <String HEIGHT="43"
                          WIDTH="89"
                          VPOS="1444"
                          HPOS="910"
                          CONTENT="sunt"/>
                  <SP HEIGHT="43" WIDTH="11" VPOS="1444" HPOS="999"/>
                  <String HEIGHT="43" WIDTH="67" VPOS="1444" HPOS="965" CONTENT="in"/>
                  <SP HEIGHT="43" WIDTH="11" VPOS="1444" HPOS="1032"/>
                  <String HEIGHT="43"
                          WIDTH="100"
                          VPOS="1444"
                          HPOS="999"
                          CONTENT="tpre,"/>
                  <SP HEIGHT="43" WIDTH="11" VPOS="1444" HPOS="1099"/>
                  <String HEIGHT="43"
                          WIDTH="78"
                          VPOS="1444"
                          HPOS="1065"
                          CONTENT="est"/>
                  <SP HEIGHT="43" WIDTH="11" VPOS="1444" HPOS="1143"/>
                  <String HEIGHT="43"
                          WIDTH="89"
                          VPOS="1444"
                          HPOS="1110"
                          CONTENT="quod"/>
                  <SP HEIGHT="43" WIDTH="11" VPOS="1444" HPOS="1199"/>
                  <String HEIGHT="43"
                          WIDTH="89"
                          VPOS="1444"
                          HPOS="1154"
                          CONTENT="tempus"/>
               </TextLine>
               <TextLine ID="r4l61"
                         BASELINE="1515"
                         HEIGHT="31"
                         WIDTH="493"
                         VPOS="1484"
                         HPOS="746">
                  <String HEIGHT="31"
                          WIDTH="169"
                          VPOS="1484"
                          HPOS="732"
                          CONTENT="mensurat"/>
                  <SP HEIGHT="31" WIDTH="14" VPOS="1484" HPOS="901"/>
                  <String HEIGHT="31"
                          WIDTH="183"
                          VPOS="1484"
                          HPOS="859"
                          CONTENT="essentiam"/>
                  <SP HEIGHT="31" WIDTH="14" VPOS="1484" HPOS="1042"/>
                  <String HEIGHT="31"
                          WIDTH="169"
                          VPOS="1484"
                          HPOS="1000"
                          CONTENT="illorum,"/>
                  <SP HEIGHT="31" WIDTH="14" VPOS="1484" HPOS="1169"/>
                  <String HEIGHT="31" WIDTH="85" VPOS="1484" HPOS="1126" CONTENT="i."/>
                  <SP HEIGHT="31" WIDTH="14" VPOS="1484" HPOS="1211"/>
                  <String HEIGHT="31"
                          WIDTH="85"
                          VPOS="1484"
                          HPOS="1154"
                          CONTENT="esse"/>
               </TextLine>
               <TextLine ID="r4l63"
                         BASELINE="1563"
                         HEIGHT="42"
                         WIDTH="499"
                         VPOS="1521"
                         HPOS="742">
                  <String HEIGHT="42"
                          WIDTH="122"
                          VPOS="1521"
                          HPOS="730"
                          CONTENT="eorum,"/>
                  <SP HEIGHT="42" WIDTH="12" VPOS="1521" HPOS="852"/>
                  <String HEIGHT="42" WIDTH="61" VPOS="1521" HPOS="815" CONTENT="&amp;"/>
                  <SP HEIGHT="42" WIDTH="12" VPOS="1521" HPOS="876"/>
                  <String HEIGHT="42"
                          WIDTH="97"
                          VPOS="1521"
                          HPOS="839"
                          CONTENT="quod"/>
                  <SP HEIGHT="42" WIDTH="12" VPOS="1521" HPOS="937"/>
                  <String HEIGHT="42"
                          WIDTH="170"
                          VPOS="1521"
                          HPOS="900"
                          CONTENT="attributio"/>
                  <SP HEIGHT="42" WIDTH="12" VPOS="1521" HPOS="1071"/>
                  <String HEIGHT="42"
                          WIDTH="134"
                          VPOS="1521"
                          HPOS="1034"
                          CONTENT="illorum"/>
                  <SP HEIGHT="42" WIDTH="12" VPOS="1521" HPOS="1168"/>
                  <String HEIGHT="42"
                          WIDTH="122"
                          VPOS="1521"
                          HPOS="1119"
                          CONTENT="tempori"
                          SUBS_TYPE="HypPart1"
                          SUBS_CONTENT="temporiest,"/>
                  <HYP CONTENT="-"/>
               </TextLine>
               <TextLine ID="r4l65"
                         BASELINE="1593"
                         HEIGHT="39"
                         WIDTH="496"
                         VPOS="1554"
                         HPOS="749">
                  <String HEIGHT="39"
                          WIDTH="88"
                          VPOS="1554"
                          HPOS="738"
                          CONTENT="est,"
                          SUBS_TYPE="HypPart2"
                          SUBS_CONTENT="temporiest,"/>
                  <SP HEIGHT="39" WIDTH="11" VPOS="1554" HPOS="826"/>
                  <String HEIGHT="39"
                          WIDTH="132"
                          VPOS="1554"
                          HPOS="793"
                          CONTENT="secundum"/>
                  <SP HEIGHT="39" WIDTH="11" VPOS="1554" HPOS="925"/>
                  <String HEIGHT="39"
                          WIDTH="88"
                          VPOS="1554"
                          HPOS="892"
                          CONTENT="quod"/>
                  <SP HEIGHT="39" WIDTH="11" VPOS="1554" HPOS="980"/>
                  <String HEIGHT="39"
                          WIDTH="110"
                          VPOS="1554"
                          HPOS="947"
                          CONTENT="tempus"/>
                  <SP HEIGHT="39" WIDTH="11" VPOS="1554" HPOS="1058"/>
                  <String HEIGHT="39"
                          WIDTH="132"
                          VPOS="1554"
                          HPOS="1025"
                          CONTENT="continet"/>
                  <SP HEIGHT="39" WIDTH="11" VPOS="1554" HPOS="1157"/>
                  <String HEIGHT="39"
                          WIDTH="88"
                          VPOS="1554"
                          HPOS="1124"
                          CONTENT="illa"/>
                  <SP HEIGHT="39" WIDTH="11" VPOS="1554" HPOS="1212"/>
                  <String HEIGHT="39" WIDTH="66" VPOS="1554" HPOS="1179" CONTENT="ad"/>
                  <SP HEIGHT="39" WIDTH="11" VPOS="1554" HPOS="1245"/>
                  <String HEIGHT="39" WIDTH="44" VPOS="1554" HPOS="1201" CONTENT="mo"/>
               </TextLine>
               <TextLine ID="r4l67"
                         BASELINE="1634"
                         HEIGHT="42"
                         WIDTH="494"
                         VPOS="1592"
                         HPOS="747">
                  <String HEIGHT="42" WIDTH="99" VPOS="1592" HPOS="733" CONTENT="dum"/>
                  <SP HEIGHT="42" WIDTH="14" VPOS="1592" HPOS="832"/>
                  <String HEIGHT="42"
                          WIDTH="127"
                          VPOS="1592"
                          HPOS="789"
                          CONTENT="eius,"/>
                  <SP HEIGHT="42" WIDTH="14" VPOS="1592" HPOS="916"/>
                  <String HEIGHT="42"
                          WIDTH="113"
                          VPOS="1592"
                          HPOS="874"
                          CONTENT="quod"/>
                  <SP HEIGHT="42" WIDTH="14" VPOS="1592" HPOS="987"/>
                  <String HEIGHT="42"
                          WIDTH="155"
                          VPOS="1592"
                          HPOS="945"
                          CONTENT="numerus"/>
                  <SP HEIGHT="42" WIDTH="14" VPOS="1592" HPOS="1100"/>
                  <String HEIGHT="42"
                          WIDTH="169"
                          VPOS="1592"
                          HPOS="1058"
                          CONTENT="continet"/>
                  <SP HEIGHT="42" WIDTH="14" VPOS="1592" HPOS="1227"/>
                  <String HEIGHT="42"
                          WIDTH="71"
                          VPOS="1592"
                          HPOS="1170"
                          CONTENT="nu"
                          SUBS_TYPE="HypPart1"
                          SUBS_CONTENT="numeratum."/>
                  <HYP CONTENT="-"/>
               </TextLine>
               <TextLine ID="r4l69"
                         BASELINE="1683"
                         HEIGHT="53"
                         WIDTH="494"
                         VPOS="1630"
                         HPOS="747">
                  <String HEIGHT="53"
                          WIDTH="191"
                          VPOS="1630"
                          HPOS="731"
                          CONTENT="meratum."
                          SUBS_TYPE="HypPart2"
                          SUBS_CONTENT="numeratum."/>
                  <SP HEIGHT="53" WIDTH="16" VPOS="1630" HPOS="922"/>
                  <String HEIGHT="53"
                          WIDTH="112"
                          VPOS="1630"
                          HPOS="874"
                          CONTENT="Et,"/>
                  <SP HEIGHT="53" WIDTH="16" VPOS="1630" HPOS="986"/>
                  <String HEIGHT="53"
                          WIDTH="112"
                          VPOS="1630"
                          HPOS="938"
                          CONTENT="cum"/>
                  <SP HEIGHT="53" WIDTH="16" VPOS="1630" HPOS="1050"/>
                  <String HEIGHT="53"
                          WIDTH="159"
                          VPOS="1630"
                          HPOS="1002"
                          CONTENT="posuit"/>
                  <SP HEIGHT="53" WIDTH="16" VPOS="1630" HPOS="1161"/>
                  <String HEIGHT="53"
                          WIDTH="112"
                          VPOS="1630"
                          HPOS="1114"
                          CONTENT="hoc"/>
                  <SP HEIGHT="53" WIDTH="16" VPOS="1630" HPOS="1225"/>
                  <String HEIGHT="53"
                          WIDTH="80"
                          VPOS="1630"
                          HPOS="1161"
                          CONTENT="po"
                          SUBS_TYPE="HypPart1"
                          SUBS_CONTENT="positione,"/>
                  <HYP CONTENT="-"/>
               </TextLine>
               <TextLine ID="r4l71"
                         BASELINE="1714"
                         HEIGHT="46"
                         WIDTH="489"
                         VPOS="1668"
                         HPOS="748">
                  <String HEIGHT="46"
                          WIDTH="147"
                          VPOS="1668"
                          HPOS="736"
                          CONTENT="sitione,"
                          SUBS_TYPE="HypPart2"
                          SUBS_CONTENT="positione,"/>
                  <SP HEIGHT="46" WIDTH="12" VPOS="1668" HPOS="882"/>
                  <String HEIGHT="46"
                          WIDTH="147"
                          VPOS="1668"
                          HPOS="846"
                          CONTENT="incoepit"/>
                  <SP HEIGHT="46" WIDTH="12" VPOS="1668" HPOS="993"/>
                  <String HEIGHT="46"
                          WIDTH="159"
                          VPOS="1668"
                          HPOS="956"
                          CONTENT="declarare"/>
                  <SP HEIGHT="46" WIDTH="12" VPOS="1668" HPOS="1115"/>
                  <String HEIGHT="46"
                          WIDTH="122"
                          VPOS="1668"
                          HPOS="1078"
                          CONTENT="illud,"/>
                  <SP HEIGHT="46" WIDTH="12" VPOS="1668" HPOS="1200"/>
                  <String HEIGHT="46" WIDTH="73" VPOS="1668" HPOS="1164" CONTENT="&amp;."/>
                  <SP HEIGHT="46" WIDTH="12" VPOS="1668" HPOS="1237"/>
                  <String HEIGHT="46" WIDTH="49" VPOS="1668" HPOS="1188" CONTENT="d."/>
               </TextLine>
               <TextLine ID="r4l73"
                         BASELINE="1762"
                         HEIGHT="54"
                         WIDTH="501"
                         VPOS="1708"
                         HPOS="746">
                  <String HEIGHT="54"
                          WIDTH="106"
                          VPOS="1708"
                          HPOS="731"
                          CONTENT="Qam"/>
                  <SP HEIGHT="54" WIDTH="15" VPOS="1708" HPOS="837"/>
                  <String HEIGHT="54"
                          WIDTH="167"
                          VPOS="1708"
                          HPOS="792"
                          CONTENT="aliquid"/>
                  <SP HEIGHT="54" WIDTH="15" VPOS="1708" HPOS="959"/>
                  <String HEIGHT="54"
                          WIDTH="121"
                          VPOS="1708"
                          HPOS="913"
                          CONTENT="esse"/>
                  <SP HEIGHT="54" WIDTH="15" VPOS="1708" HPOS="1034"/>
                  <String HEIGHT="54" WIDTH="91" VPOS="1708" HPOS="989" CONTENT="in"/>
                  <SP HEIGHT="54" WIDTH="15" VPOS="1708" HPOS="1080"/>
                  <String HEIGHT="54"
                          WIDTH="167"
                          VPOS="1708"
                          HPOS="1034"
                          CONTENT="tempore"/>
                  <SP HEIGHT="54" WIDTH="15" VPOS="1708" HPOS="1201"/>
                  <String HEIGHT="54"
                          WIDTH="106"
                          VPOS="1708"
                          HPOS="1141"
                          CONTENT="habet"/>
               </TextLine>
               <TextLine ID="r4l75"
                         BASELINE="1800"
                         HEIGHT="47"
                         WIDTH="486"
                         VPOS="1753"
                         HPOS="745">
                  <String HEIGHT="47"
                          WIDTH="108"
                          VPOS="1753"
                          HPOS="732"
                          CONTENT="duas"/>
                  <SP HEIGHT="47" WIDTH="14" VPOS="1753" HPOS="840"/>
                  <String HEIGHT="47"
                          WIDTH="216"
                          VPOS="1753"
                          HPOS="799"
                          CONTENT="intentiones,"/>
                  <SP HEIGHT="47" WIDTH="14" VPOS="1753" HPOS="1015"/>
                  <String HEIGHT="47" WIDTH="95" VPOS="1753" HPOS="975" CONTENT="&amp;c."/>
                  <SP HEIGHT="47" WIDTH="14" VPOS="1753" HPOS="1069"/>
                  <String HEIGHT="47" WIDTH="81" VPOS="1753" HPOS="1029" CONTENT="i."/>
                  <SP HEIGHT="47" WIDTH="14" VPOS="1753" HPOS="1110"/>
                  <String HEIGHT="47" WIDTH="68" VPOS="1753" HPOS="1069" CONTENT="&amp;"/>
                  <SP HEIGHT="47" WIDTH="14" VPOS="1753" HPOS="1137"/>
                  <String HEIGHT="47"
                          WIDTH="95"
                          VPOS="1753"
                          HPOS="1096"
                          CONTENT="hoc"/>
                  <SP HEIGHT="47" WIDTH="14" VPOS="1753" HPOS="1191"/>
                  <String HEIGHT="47"
                          WIDTH="95"
                          VPOS="1753"
                          HPOS="1137"
                          CONTENT="appa"
                          SUBS_TYPE="HypPart1"
                          SUBS_CONTENT="apparet,"/>
                  <HYP CONTENT="-"/>
               </TextLine>
               <TextLine ID="r4l77"
                         BASELINE="1838"
                         HEIGHT="50"
                         WIDTH="498"
                         VPOS="1788"
                         HPOS="743">
                  <String HEIGHT="50"
                          WIDTH="100"
                          VPOS="1788"
                          HPOS="731"
                          CONTENT="ret,"
                          SUBS_TYPE="HypPart2"
                          SUBS_CONTENT="apparet,"/>
                  <SP HEIGHT="50" WIDTH="12" VPOS="1788" HPOS="830"/>
                  <String HEIGHT="50"
                          WIDTH="137"
                          VPOS="1788"
                          HPOS="793"
                          CONTENT="quoniam"/>
                  <SP HEIGHT="50" WIDTH="12" VPOS="1788" HPOS="930"/>
                  <String HEIGHT="50"
                          WIDTH="125"
                          VPOS="1788"
                          HPOS="892"
                          CONTENT="dicere"/>
                  <SP HEIGHT="50" WIDTH="12" VPOS="1788" HPOS="1017"/>
                  <String HEIGHT="50"
                          WIDTH="137"
                          VPOS="1788"
                          HPOS="980"
                          CONTENT="aliquid"/>
                  <SP HEIGHT="50" WIDTH="12" VPOS="1788" HPOS="1117"/>
                  <String HEIGHT="50"
                          WIDTH="100"
                          VPOS="1788"
                          HPOS="1079"
                          CONTENT="esse"/>
                  <SP HEIGHT="50" WIDTH="12" VPOS="1788" HPOS="1179"/>
                  <String HEIGHT="50" WIDTH="75" VPOS="1788" HPOS="1141" CONTENT="in"/>
                  <SP HEIGHT="50" WIDTH="12" VPOS="1788" HPOS="1216"/>
                  <String HEIGHT="50"
                          WIDTH="75"
                          VPOS="1788"
                          HPOS="1166"
                          CONTENT="tem"
                          SUBS_TYPE="HypPart1"
                          SUBS_CONTENT="tempore"/>
                  <HYP CONTENT="-"/>
               </TextLine>
               <TextLine ID="r4l79"
                         BASELINE="1867"
                         HEIGHT="38"
                         WIDTH="487"
                         VPOS="1829"
                         HPOS="751">
                  <String HEIGHT="38"
                          WIDTH="118"
                          VPOS="1829"
                          HPOS="736"
                          CONTENT="pore"
                          SUBS_TYPE="HypPart2"
                          SUBS_CONTENT="tempore"/>
                  <SP HEIGHT="38" WIDTH="15" VPOS="1829" HPOS="854"/>
                  <String HEIGHT="38"
                          WIDTH="133"
                          VPOS="1829"
                          HPOS="810"
                          CONTENT="habet"/>
                  <SP HEIGHT="38" WIDTH="15" VPOS="1829" HPOS="943"/>
                  <String HEIGHT="38"
                          WIDTH="162"
                          VPOS="1829"
                          HPOS="899"
                          CONTENT="alteram"/>
                  <SP HEIGHT="38" WIDTH="15" VPOS="1829" HPOS="1061"/>
                  <String HEIGHT="38"
                          WIDTH="162"
                          VPOS="1829"
                          HPOS="1017"
                          CONTENT="istarum"/>
                  <SP HEIGHT="38" WIDTH="15" VPOS="1829" HPOS="1179"/>
                  <String HEIGHT="38"
                          WIDTH="118"
                          VPOS="1829"
                          HPOS="1120"
                          CONTENT="duarum"/>
               </TextLine>
               <TextLine ID="r4l80"
                         BASELINE="1922"
                         HEIGHT="54"
                         WIDTH="495"
                         VPOS="1868"
                         HPOS="745">
                  <String HEIGHT="54"
                          WIDTH="255"
                          VPOS="1868"
                          HPOS="729"
                          CONTENT="intentionum."/>
                  <SP HEIGHT="54" WIDTH="16" VPOS="1868" HPOS="985"/>
                  <String HEIGHT="54"
                          WIDTH="160"
                          VPOS="1868"
                          HPOS="937"
                          CONTENT="Quarum"/>
                  <SP HEIGHT="54" WIDTH="16" VPOS="1868" HPOS="1096"/>
                  <String HEIGHT="54"
                          WIDTH="112"
                          VPOS="1868"
                          HPOS="1048"
                          CONTENT="vna"/>
                  <SP HEIGHT="54" WIDTH="16" VPOS="1868" HPOS="1160"/>
                  <String HEIGHT="54"
                          WIDTH="128"
                          VPOS="1868"
                          HPOS="1112"
                          CONTENT="est,"/>
                  <SP HEIGHT="54" WIDTH="16" VPOS="1868" HPOS="1240"/>
                  <String HEIGHT="54" WIDTH="64" VPOS="1868" HPOS="1176" CONTENT="vt"/>
               </TextLine>
            </TextBlock>
         </PrintSpace>
      </Page>
   </Layout>
</alto>
