<?xml version="1.0" encoding="UTF-8"?>
<alto xmlns:xsi="http://www.w3.org/2001/XMLSchema-instance"
      xmlns="http://www.loc.gov/standards/alto/ns-v2#"
      xmlns:page="http://schema.primaresearch.org/PAGE/gts/pagecontent/2013-07-15"
      xsi:schemaLocation="http://www.loc.gov/standards/alto/ns-v2# http://www.loc.gov/standards/alto/alto.xsd">
   <Description>
      <MeasurementUnit>pixel</MeasurementUnit>
      <OCRProcessing ID="IdOcr">
         <ocrProcessingStep>
            <processingDateTime>2021-02-13T08:27:21.76-05:00</processingDateTime>
            <processingSoftware>
               <softwareCreator>READ COOP</softwareCreator>
               <softwareName>Transkribus</softwareName>
            </processingSoftware>
         </ocrProcessingStep>
      </OCRProcessing>
   </Description>
   <Tags/>
   <Layout>
      <Page ID="Page1" PHYSICAL_IMG_NR="1" HEIGHT="2066" WIDTH="1416">
         <TopMargin HEIGHT="0" WIDTH="1416" VPOS="0" HPOS="0"/>
         <LeftMargin HEIGHT="2066" WIDTH="0" VPOS="0" HPOS="0"/>
         <RightMargin HEIGHT="2066" WIDTH="0" VPOS="0" HPOS="1416"/>
         <BottomMargin HEIGHT="0" WIDTH="1416" VPOS="2066" HPOS="0"/>
         <PrintSpace HEIGHT="2066" WIDTH="1416" VPOS="0" HPOS="0">
            <TextBlock ID="TextRegion_1612537534316_4140"
                       HEIGHT="1741"
                       WIDTH="511"
                       VPOS="138"
                       HPOS="182">
               <Shape>
                  <Polygon POINTS="182,138 693,138 693,1879 182,1879"/>
               </Shape>
               <TextLine ID="line_1612537523637_4126"
                         BASELINE="235"
                         HEIGHT="63"
                         WIDTH="506"
                         VPOS="172"
                         HPOS="177">
                  <String HEIGHT="63" WIDTH="74" VPOS="172" HPOS="162" CONTENT="&amp;"/>
                  <SP HEIGHT="63" WIDTH="15" VPOS="172" HPOS="237"/>
                  <String HEIGHT="63"
                          WIDTH="134"
                          VPOS="172"
                          HPOS="192"
                          CONTENT="nihil"/>
                  <SP HEIGHT="63" WIDTH="15" VPOS="172" HPOS="326"/>
                  <String HEIGHT="63" WIDTH="89" VPOS="172" HPOS="281" CONTENT="ex"/>
                  <SP HEIGHT="63" WIDTH="15" VPOS="172" HPOS="370"/>
                  <String HEIGHT="63" WIDTH="89" VPOS="172" HPOS="326" CONTENT="eo"/>
                  <SP HEIGHT="63" WIDTH="15" VPOS="172" HPOS="415"/>
                  <String HEIGHT="63" WIDTH="104" VPOS="172" HPOS="370" CONTENT="est"/>
                  <SP HEIGHT="63" WIDTH="15" VPOS="172" HPOS="475"/>
                  <String HEIGHT="63"
                          WIDTH="164"
                          VPOS="172"
                          HPOS="430"
                          CONTENT="futuri:"/>
                  <SP HEIGHT="63" WIDTH="15" VPOS="172" HPOS="594"/>
                  <String HEIGHT="63" WIDTH="74" VPOS="172" HPOS="549" CONTENT="&amp;"/>
                  <SP HEIGHT="63" WIDTH="15" VPOS="172" HPOS="623"/>
                  <String HEIGHT="63" WIDTH="104" VPOS="172" HPOS="579" CONTENT="est"/>
                  <SP HEIGHT="63" WIDTH="15" VPOS="172" HPOS="683"/>
                  <String HEIGHT="63" WIDTH="60" VPOS="172" HPOS="623" CONTENT="vl"/>
               </TextLine>
               <TextLine ID="r2l6"
                         BASELINE="282"
                         HEIGHT="58"
                         WIDTH="482"
                         VPOS="224"
                         HPOS="192">
                  <String HEIGHT="58"
                          WIDTH="140"
                          VPOS="224"
                          HPOS="176"
                          CONTENT="timum"/>
                  <SP HEIGHT="58" WIDTH="16" VPOS="224" HPOS="316"/>
                  <String HEIGHT="58"
                          WIDTH="171"
                          VPOS="224"
                          HPOS="270"
                          CONTENT="futuri,"/>
                  <SP HEIGHT="58" WIDTH="16" VPOS="224" HPOS="441"/>
                  <String HEIGHT="58" WIDTH="78" VPOS="224" HPOS="394" CONTENT="&amp;"/>
                  <SP HEIGHT="58" WIDTH="16" VPOS="224" HPOS="472"/>
                  <String HEIGHT="58"
                          WIDTH="140"
                          VPOS="224"
                          HPOS="425"
                          CONTENT="nihil"/>
                  <SP HEIGHT="58" WIDTH="16" VPOS="224" HPOS="565"/>
                  <String HEIGHT="58" WIDTH="93" VPOS="224" HPOS="519" CONTENT="ex"/>
                  <SP HEIGHT="58" WIDTH="16" VPOS="224" HPOS="612"/>
                  <String HEIGHT="58" WIDTH="93" VPOS="224" HPOS="565" CONTENT="eo"/>
                  <SP HEIGHT="58" WIDTH="16" VPOS="224" HPOS="658"/>
                  <String HEIGHT="58" WIDTH="78" VPOS="224" HPOS="596" CONTENT="est"/>
               </TextLine>
               <TextLine ID="r2l8"
                         BASELINE="339"
                         HEIGHT="68"
                         WIDTH="486"
                         VPOS="271"
                         HPOS="186">
                  <String HEIGHT="68"
                          WIDTH="125"
                          VPOS="271"
                          HPOS="172"
                          CONTENT="eius,"/>
                  <SP HEIGHT="68" WIDTH="14" VPOS="271" HPOS="297"/>
                  <String HEIGHT="68"
                          WIDTH="111"
                          VPOS="271"
                          HPOS="255"
                          CONTENT="quod"/>
                  <SP HEIGHT="68" WIDTH="14" VPOS="271" HPOS="367"/>
                  <String HEIGHT="68"
                          WIDTH="125"
                          VPOS="271"
                          HPOS="325"
                          CONTENT="fuit:"/>
                  <SP HEIGHT="68" WIDTH="14" VPOS="271" HPOS="450"/>
                  <String HEIGHT="68" WIDTH="69" VPOS="271" HPOS="408" CONTENT="&amp;"/>
                  <SP HEIGHT="68" WIDTH="14" VPOS="271" HPOS="478"/>
                  <String HEIGHT="68" WIDTH="97" VPOS="271" HPOS="436" CONTENT="hoc"/>
                  <SP HEIGHT="68" WIDTH="14" VPOS="271" HPOS="533"/>
                  <String HEIGHT="68"
                          WIDTH="111"
                          VPOS="271"
                          HPOS="491"
                          CONTENT="est,"/>
                  <SP HEIGHT="68" WIDTH="14" VPOS="271" HPOS="603"/>
                  <String HEIGHT="68"
                          WIDTH="111"
                          VPOS="271"
                          HPOS="561"
                          CONTENT="quod"/>
                  <SP HEIGHT="68" WIDTH="14" VPOS="271" HPOS="672"/>
                  <String HEIGHT="68" WIDTH="56" VPOS="271" HPOS="616" CONTENT="di"/>
               </TextLine>
               <TextLine ID="r2l10"
                         BASELINE="377"
                         HEIGHT="60"
                         WIDTH="485"
                         VPOS="317"
                         HPOS="190">
                  <String HEIGHT="60"
                          WIDTH="136"
                          VPOS="317"
                          HPOS="175"
                          CONTENT="ximus"/>
                  <SP HEIGHT="60" WIDTH="15" VPOS="317" HPOS="311"/>
                  <String HEIGHT="60"
                          WIDTH="121"
                          VPOS="317"
                          HPOS="266"
                          CONTENT="quod"/>
                  <SP HEIGHT="60" WIDTH="15" VPOS="317" HPOS="387"/>
                  <String HEIGHT="60" WIDTH="106" VPOS="317" HPOS="342" CONTENT="est"/>
                  <SP HEIGHT="60" WIDTH="15" VPOS="317" HPOS="448"/>
                  <String HEIGHT="60"
                          WIDTH="167"
                          VPOS="317"
                          HPOS="402"
                          CONTENT="extremu"/>
                  <SP HEIGHT="60" WIDTH="15" VPOS="317" HPOS="569"/>
                  <String HEIGHT="60"
                          WIDTH="167"
                          VPOS="317"
                          HPOS="508"
                          CONTENT="vtriusque"/>
               </TextLine>
               <TextLine ID="r2l12"
                         BASELINE="415"
                         HEIGHT="51"
                         WIDTH="445"
                         VPOS="364"
                         HPOS="232">
                  <String HEIGHT="51" WIDTH="79" VPOS="364" HPOS="222" CONTENT="Vult"/>
                  <SP HEIGHT="51" WIDTH="10" VPOS="364" HPOS="301"/>
                  <String HEIGHT="51"
                          WIDTH="129"
                          VPOS="364"
                          HPOS="272"
                          CONTENT="declarare"/>
                  <SP HEIGHT="51" WIDTH="10" VPOS="364" HPOS="400"/>
                  <String HEIGHT="51" WIDTH="79" VPOS="364" HPOS="370" CONTENT="quod"/>
                  <SP HEIGHT="51" WIDTH="10" VPOS="364" HPOS="450"/>
                  <String HEIGHT="51"
                          WIDTH="119"
                          VPOS="364"
                          HPOS="420"
                          CONTENT="instans,"/>
                  <SP HEIGHT="51" WIDTH="10" VPOS="364" HPOS="539"/>
                  <String HEIGHT="51" WIDTH="79" VPOS="364" HPOS="509" CONTENT="quod"/>
                  <SP HEIGHT="51" WIDTH="10" VPOS="364" HPOS="588"/>
                  <String HEIGHT="51"
                          WIDTH="109"
                          VPOS="364"
                          HPOS="558"
                          CONTENT="dicitur"/>
                  <SP HEIGHT="51" WIDTH="10" VPOS="364" HPOS="667"/>
                  <String HEIGHT="51"
                          WIDTH="49"
                          VPOS="364"
                          HPOS="628"
                          CONTENT="fi"
                          SUBS_TYPE="HypPart1"
                          SUBS_CONTENT="fiuis"/>
                  <HYP CONTENT="-"/>
               </TextLine>
               <TextLine ID="r2l17"
                         BASELINE="445"
                         HEIGHT="42"
                         WIDTH="477"
                         VPOS="403"
                         HPOS="198">
                  <String HEIGHT="42"
                          WIDTH="83"
                          VPOS="403"
                          HPOS="186"
                          CONTENT="uis"
                          SUBS_TYPE="HypPart2"
                          SUBS_CONTENT="fiuis"/>
                  <SP HEIGHT="42" WIDTH="12" VPOS="403" HPOS="270"/>
                  <String HEIGHT="42"
                          WIDTH="179"
                          VPOS="403"
                          HPOS="234"
                          CONTENT="praeteriti,"/>
                  <SP HEIGHT="42" WIDTH="12" VPOS="403" HPOS="413"/>
                  <String HEIGHT="42" WIDTH="60" VPOS="403" HPOS="377" CONTENT="&amp;"/>
                  <SP HEIGHT="42" WIDTH="12" VPOS="403" HPOS="437"/>
                  <String HEIGHT="42"
                          WIDTH="167"
                          VPOS="403"
                          HPOS="401"
                          CONTENT="principium"/>
                  <SP HEIGHT="42" WIDTH="12" VPOS="403" HPOS="568"/>
                  <String HEIGHT="42"
                          WIDTH="131"
                          VPOS="403"
                          HPOS="532"
                          CONTENT="futuri,"/>
                  <SP HEIGHT="42" WIDTH="12" VPOS="403" HPOS="663"/>
                  <String HEIGHT="42" WIDTH="60" VPOS="403" HPOS="615" CONTENT="est"/>
               </TextLine>
               <TextLine ID="r2l20"
                         BASELINE="482"
                         HEIGHT="44"
                         WIDTH="482"
                         VPOS="438"
                         HPOS="196">
                  <String HEIGHT="44" WIDTH="86" VPOS="438" HPOS="185" CONTENT="vnum"/>
                  <SP HEIGHT="44" WIDTH="11" VPOS="438" HPOS="271"/>
                  <String HEIGHT="44"
                          WIDTH="171"
                          VPOS="438"
                          HPOS="239"
                          CONTENT="indiuisibile"/>
                  <SP HEIGHT="44" WIDTH="11" VPOS="438" HPOS="410"/>
                  <String HEIGHT="44"
                          WIDTH="129"
                          VPOS="438"
                          HPOS="378"
                          CONTENT="secundum"/>
                  <SP HEIGHT="44" WIDTH="11" VPOS="438" HPOS="507"/>
                  <String HEIGHT="44"
                          WIDTH="150"
                          VPOS="438"
                          HPOS="474"
                          CONTENT="subiectum,"/>
                  <SP HEIGHT="44" WIDTH="11" VPOS="438" HPOS="624"/>
                  <String HEIGHT="44" WIDTH="75" VPOS="438" HPOS="592" CONTENT="sed"/>
                  <SP HEIGHT="44" WIDTH="11" VPOS="438" HPOS="667"/>
                  <String HEIGHT="44" WIDTH="54" VPOS="438" HPOS="624" CONTENT="est"/>
               </TextLine>
               <TextLine ID="r2l23"
                         BASELINE="527"
                         HEIGHT="47"
                         WIDTH="479"
                         VPOS="480"
                         HPOS="199">
                  <String HEIGHT="47"
                          WIDTH="134"
                          VPOS="480"
                          HPOS="189"
                          CONTENT="liuisibile"/>
                  <SP HEIGHT="47" WIDTH="10" VPOS="480" HPOS="324"/>
                  <String HEIGHT="47"
                          WIDTH="115"
                          VPOS="480"
                          HPOS="295"
                          CONTENT="secundum"/>
                  <SP HEIGHT="47" WIDTH="10" VPOS="480" HPOS="410"/>
                  <String HEIGHT="47"
                          WIDTH="115"
                          VPOS="480"
                          HPOS="381"
                          CONTENT="rationem"/>
                  <SP HEIGHT="47" WIDTH="10" VPOS="480" HPOS="496"/>
                  <String HEIGHT="47"
                          WIDTH="115"
                          VPOS="480"
                          HPOS="467"
                          CONTENT="scilicet"/>
                  <SP HEIGHT="47" WIDTH="10" VPOS="480" HPOS="582"/>
                  <String HEIGHT="47" WIDTH="77" VPOS="480" HPOS="553" CONTENT="quod"/>
                  <SP HEIGHT="47" WIDTH="10" VPOS="480" HPOS="630"/>
                  <String HEIGHT="47"
                          WIDTH="86"
                          VPOS="480"
                          HPOS="592"
                          CONTENT="vltimum"/>
               </TextLine>
               <TextLine ID="r2l25"
                         BASELINE="562"
                         HEIGHT="46"
                         WIDTH="484"
                         VPOS="516"
                         HPOS="196">
                  <String HEIGHT="46"
                          WIDTH="152"
                          VPOS="516"
                          HPOS="182"
                          CONTENT="pteriti"/>
                  <SP HEIGHT="46" WIDTH="14" VPOS="516" HPOS="334"/>
                  <String HEIGHT="46" WIDTH="97" VPOS="516" HPOS="293" CONTENT="non"/>
                  <SP HEIGHT="46" WIDTH="14" VPOS="516" HPOS="390"/>
                  <String HEIGHT="46" WIDTH="97" VPOS="516" HPOS="348" CONTENT="est"/>
                  <SP HEIGHT="46" WIDTH="14" VPOS="516" HPOS="445"/>
                  <String HEIGHT="46"
                          WIDTH="124"
                          VPOS="516"
                          HPOS="403"
                          CONTENT="aliud"/>
                  <SP HEIGHT="46" WIDTH="14" VPOS="516" HPOS="528"/>
                  <String HEIGHT="46" WIDTH="83" VPOS="516" HPOS="486" CONTENT="in"/>
                  <SP HEIGHT="46" WIDTH="14" VPOS="516" HPOS="569"/>
                  <String HEIGHT="46"
                          WIDTH="166"
                          VPOS="516"
                          HPOS="528"
                          CONTENT="subiecto"/>
                  <SP HEIGHT="46" WIDTH="14" VPOS="516" HPOS="694"/>
                  <String HEIGHT="46" WIDTH="41" VPOS="516" HPOS="639" CONTENT="a"/>
               </TextLine>
               <TextLine ID="r2l29"
                         BASELINE="594"
                         HEIGHT="37"
                         WIDTH="470"
                         VPOS="557"
                         HPOS="204">
                  <String HEIGHT="37"
                          WIDTH="133"
                          VPOS="557"
                          HPOS="192"
                          CONTENT="ricipio"/>
                  <SP HEIGHT="37" WIDTH="12" VPOS="557" HPOS="325"/>
                  <String HEIGHT="37"
                          WIDTH="133"
                          VPOS="557"
                          HPOS="288"
                          CONTENT="futuri."/>
                  <SP HEIGHT="37" WIDTH="12" VPOS="557" HPOS="421"/>
                  <String HEIGHT="37" WIDTH="84" VPOS="557" HPOS="385" CONTENT="Et,"/>
                  <SP HEIGHT="37" WIDTH="12" VPOS="557" HPOS="469"/>
                  <String HEIGHT="37" WIDTH="96" VPOS="557" HPOS="433" CONTENT="quia"/>
                  <SP HEIGHT="37" WIDTH="12" VPOS="557" HPOS="529"/>
                  <String HEIGHT="37"
                          WIDTH="133"
                          VPOS="557"
                          HPOS="493"
                          CONTENT="instans"/>
                  <SP HEIGHT="37" WIDTH="12" VPOS="557" HPOS="626"/>
                  <String HEIGHT="37" WIDTH="72" VPOS="557" HPOS="590" CONTENT="in"/>
                  <SP HEIGHT="37" WIDTH="12" VPOS="557" HPOS="662"/>
                  <String HEIGHT="37" WIDTH="60" VPOS="557" HPOS="614" CONTENT="rel"/>
               </TextLine>
               <TextLine ID="r2l32"
                         BASELINE="641"
                         HEIGHT="49"
                         WIDTH="476"
                         VPOS="592"
                         HPOS="197">
                  <String HEIGHT="49"
                          WIDTH="114"
                          VPOS="592"
                          HPOS="187"
                          CONTENT="veritate"/>
                  <SP HEIGHT="49" WIDTH="10" VPOS="592" HPOS="302"/>
                  <String HEIGHT="49"
                          WIDTH="105"
                          VPOS="592"
                          HPOS="273"
                          CONTENT="dicitur"/>
                  <SP HEIGHT="49" WIDTH="10" VPOS="592" HPOS="378"/>
                  <String HEIGHT="49" WIDTH="57" VPOS="592" HPOS="349" CONTENT="de"/>
                  <SP HEIGHT="49" WIDTH="10" VPOS="592" HPOS="406"/>
                  <String HEIGHT="49"
                          WIDTH="86"
                          VPOS="592"
                          HPOS="378"
                          CONTENT="illo,"/>
                  <SP HEIGHT="49" WIDTH="10" VPOS="592" HPOS="464"/>
                  <String HEIGHT="49" WIDTH="76" VPOS="592" HPOS="435" CONTENT="quid"/>
                  <SP HEIGHT="49" WIDTH="10" VPOS="592" HPOS="511"/>
                  <String HEIGHT="49" WIDTH="67" VPOS="592" HPOS="483" CONTENT="non"/>
                  <SP HEIGHT="49" WIDTH="10" VPOS="592" HPOS="549"/>
                  <String HEIGHT="49"
                          WIDTH="124"
                          VPOS="592"
                          HPOS="521"
                          CONTENT="diuiditur"/>
                  <SP HEIGHT="49" WIDTH="10" VPOS="592" HPOS="644"/>
                  <String HEIGHT="49"
                          WIDTH="67"
                          VPOS="592"
                          HPOS="606"
                          CONTENT="omni"
                          SUBS_TYPE="HypPart1"
                          SUBS_CONTENT="omnino."/>
                  <HYP CONTENT="-"/>
               </TextLine>
               <TextLine ID="r2l35"
                         BASELINE="674"
                         HEIGHT="46"
                         WIDTH="484"
                         VPOS="628"
                         HPOS="191">
                  <String HEIGHT="46"
                          WIDTH="77"
                          VPOS="628"
                          HPOS="180"
                          CONTENT="no."
                          SUBS_TYPE="HypPart2"
                          SUBS_CONTENT="omnino."/>
                  <SP HEIGHT="46" WIDTH="11" VPOS="628" HPOS="257"/>
                  <String HEIGHT="46" WIDTH="55" VPOS="628" HPOS="224" CONTENT="&amp;"/>
                  <SP HEIGHT="46" WIDTH="11" VPOS="628" HPOS="279"/>
                  <String HEIGHT="46"
                          WIDTH="121"
                          VPOS="628"
                          HPOS="246"
                          CONTENT="dicitur"/>
                  <SP HEIGHT="46" WIDTH="11" VPOS="628" HPOS="367"/>
                  <String HEIGHT="46"
                          WIDTH="176"
                          VPOS="628"
                          HPOS="334"
                          CONTENT="transumptiue"/>
                  <SP HEIGHT="46" WIDTH="11" VPOS="628" HPOS="510"/>
                  <String HEIGHT="46" WIDTH="66" VPOS="628" HPOS="477" CONTENT="de"/>
                  <SP HEIGHT="46" WIDTH="11" VPOS="628" HPOS="543"/>
                  <String HEIGHT="46"
                          WIDTH="99"
                          VPOS="628"
                          HPOS="510"
                          CONTENT="tpere"/>
                  <SP HEIGHT="46" WIDTH="11" VPOS="628" HPOS="609"/>
                  <String HEIGHT="46"
                          WIDTH="110"
                          VPOS="628"
                          HPOS="576"
                          CONTENT="breui,"/>
                  <SP HEIGHT="46" WIDTH="11" VPOS="628" HPOS="686"/>
                  <String HEIGHT="46" WIDTH="33" VPOS="628" HPOS="642" CONTENT="i"/>
               </TextLine>
               <TextLine ID="r2l38"
                         BASELINE="714"
                         HEIGHT="51"
                         WIDTH="485"
                         VPOS="663"
                         HPOS="190">
                  <String HEIGHT="51"
                          WIDTH="109"
                          VPOS="663"
                          HPOS="178"
                          CONTENT="cuius"/>
                  <SP HEIGHT="51" WIDTH="12" VPOS="663" HPOS="287"/>
                  <String HEIGHT="51"
                          WIDTH="109"
                          VPOS="663"
                          HPOS="251"
                          CONTENT="medio"/>
                  <SP HEIGHT="51" WIDTH="12" VPOS="663" HPOS="360"/>
                  <String HEIGHT="51" WIDTH="85" VPOS="663" HPOS="323" CONTENT="est"/>
                  <SP HEIGHT="51" WIDTH="12" VPOS="663" HPOS="408"/>
                  <String HEIGHT="51" WIDTH="85" VPOS="663" HPOS="372" CONTENT="hoc"/>
                  <SP HEIGHT="51" WIDTH="12" VPOS="663" HPOS="457"/>
                  <String HEIGHT="51"
                          WIDTH="146"
                          VPOS="663"
                          HPOS="420"
                          CONTENT="instans,"/>
                  <SP HEIGHT="51" WIDTH="12" VPOS="663" HPOS="566"/>
                  <String HEIGHT="51" WIDTH="97" VPOS="663" HPOS="530" CONTENT="quid"/>
                  <SP HEIGHT="51" WIDTH="12" VPOS="663" HPOS="627"/>
                  <String HEIGHT="51"
                          WIDTH="97"
                          VPOS="663"
                          HPOS="578"
                          CONTENT="vulgus"/>
               </TextLine>
               <TextLine ID="r2l42"
                         BASELINE="752"
                         HEIGHT="47"
                         WIDTH="487"
                         VPOS="705"
                         HPOS="190">
                  <String HEIGHT="47"
                          WIDTH="130"
                          VPOS="705"
                          HPOS="179"
                          CONTENT="appellat"/>
                  <SP HEIGHT="47" WIDTH="11" VPOS="705" HPOS="309"/>
                  <String HEIGHT="47" WIDTH="54" VPOS="705" HPOS="277" CONTENT="t"/>
                  <SP HEIGHT="47" WIDTH="11" VPOS="705" HPOS="331"/>
                  <String HEIGHT="47" WIDTH="87" VPOS="705" HPOS="298" CONTENT="peos"/>
                  <SP HEIGHT="47" WIDTH="11" VPOS="705" HPOS="385"/>
                  <String HEIGHT="47"
                          WIDTH="130"
                          VPOS="705"
                          HPOS="352"
                          CONTENT="poasuns,"/>
                  <SP HEIGHT="47" WIDTH="11" VPOS="705" HPOS="482"/>
                  <String HEIGHT="47" WIDTH="54" VPOS="705" HPOS="450" CONTENT="a"/>
                  <SP HEIGHT="47" WIDTH="11" VPOS="705" HPOS="504"/>
                  <String HEIGHT="47" WIDTH="54" VPOS="705" HPOS="471" CONTENT="&amp;"/>
                  <SP HEIGHT="47" WIDTH="11" VPOS="705" HPOS="525"/>
                  <String HEIGHT="47" WIDTH="76" VPOS="705" HPOS="493" CONTENT="hoc"/>
                  <SP HEIGHT="47" WIDTH="11" VPOS="705" HPOS="569"/>
                  <String HEIGHT="47"
                          WIDTH="97"
                          VPOS="705"
                          HPOS="536"
                          CONTENT="tpeos"/>
                  <SP HEIGHT="47" WIDTH="11" VPOS="705" HPOS="634"/>
                  <String HEIGHT="47" WIDTH="65" VPOS="705" HPOS="601" CONTENT="in"/>
                  <SP HEIGHT="47" WIDTH="11" VPOS="705" HPOS="666"/>
                  <String HEIGHT="47" WIDTH="54" VPOS="705" HPOS="623" CONTENT="rei"/>
               </TextLine>
               <TextLine ID="r2l44"
                         BASELINE="787"
                         HEIGHT="47"
                         WIDTH="486"
                         VPOS="740"
                         HPOS="192">
                  <String HEIGHT="47"
                          WIDTH="177"
                          VPOS="740"
                          HPOS="177"
                          CONTENT="veritate"/>
                  <SP HEIGHT="47" WIDTH="15" VPOS="740" HPOS="354"/>
                  <String HEIGHT="47"
                          WIDTH="206"
                          VPOS="740"
                          HPOS="310"
                          CONTENT="componitur"/>
                  <SP HEIGHT="47" WIDTH="15" VPOS="740" HPOS="516"/>
                  <String HEIGHT="47" WIDTH="88" VPOS="740" HPOS="472" CONTENT="ex"/>
                  <SP HEIGHT="47" WIDTH="15" VPOS="740" HPOS="560"/>
                  <String HEIGHT="47"
                          WIDTH="147"
                          VPOS="740"
                          HPOS="516"
                          CONTENT="duobus"/>
                  <SP HEIGHT="47" WIDTH="15" VPOS="740" HPOS="663"/>
                  <String HEIGHT="47" WIDTH="74" VPOS="740" HPOS="604" CONTENT="tem"/>
               </TextLine>
               <TextLine ID="r2l47"
                         BASELINE="819"
                         HEIGHT="46"
                         WIDTH="483"
                         VPOS="773"
                         HPOS="198">
                  <String HEIGHT="46"
                          WIDTH="121"
                          VPOS="773"
                          HPOS="187"
                          CONTENT="poribus"/>
                  <SP HEIGHT="46" WIDTH="11" VPOS="773" HPOS="308"/>
                  <String HEIGHT="46"
                          WIDTH="132"
                          VPOS="773"
                          HPOS="275"
                          CONTENT="scilicet"/>
                  <SP HEIGHT="46" WIDTH="11" VPOS="773" HPOS="407"/>
                  <String HEIGHT="46"
                          WIDTH="154"
                          VPOS="773"
                          HPOS="374"
                          CONTENT="praeterito"/>
                  <SP HEIGHT="46" WIDTH="11" VPOS="773" HPOS="527"/>
                  <String HEIGHT="46" WIDTH="55" VPOS="773" HPOS="494" CONTENT="&amp;"/>
                  <SP HEIGHT="46" WIDTH="11" VPOS="773" HPOS="549"/>
                  <String HEIGHT="46"
                          WIDTH="121"
                          VPOS="773"
                          HPOS="516"
                          CONTENT="futuro,"/>
                  <SP HEIGHT="46" WIDTH="11" VPOS="773" HPOS="637"/>
                  <String HEIGHT="46"
                          WIDTH="88"
                          VPOS="773"
                          HPOS="593"
                          CONTENT="dixit:"/>
               </TextLine>
               <TextLine ID="r2l50"
                         BASELINE="858"
                         HEIGHT="42"
                         WIDTH="479"
                         VPOS="816"
                         HPOS="200">
                  <String HEIGHT="42" WIDTH="65" VPOS="816" HPOS="189" CONTENT="ct"/>
                  <SP HEIGHT="42" WIDTH="11" VPOS="816" HPOS="254"/>
                  <String HEIGHT="42"
                          WIDTH="120"
                          VPOS="816"
                          HPOS="222"
                          CONTENT="necesse"/>
                  <SP HEIGHT="42" WIDTH="11" VPOS="816" HPOS="342"/>
                  <String HEIGHT="42" WIDTH="76" VPOS="816" HPOS="309" CONTENT="est"/>
                  <SP HEIGHT="42" WIDTH="11" VPOS="816" HPOS="385"/>
                  <String HEIGHT="42" WIDTH="65" VPOS="816" HPOS="352" CONTENT="vt"/>
                  <SP HEIGHT="42" WIDTH="11" VPOS="816" HPOS="418"/>
                  <String HEIGHT="42"
                          WIDTH="120"
                          VPOS="816"
                          HPOS="385"
                          CONTENT="instans"/>
                  <SP HEIGHT="42" WIDTH="11" VPOS="816" HPOS="505"/>
                  <String HEIGHT="42"
                          WIDTH="109"
                          VPOS="816"
                          HPOS="472"
                          CONTENT="etiam,"/>
                  <SP HEIGHT="42" WIDTH="11" VPOS="816" HPOS="581"/>
                  <String HEIGHT="42" WIDTH="76" VPOS="816" HPOS="548" CONTENT="&amp;c."/>
                  <SP HEIGHT="42" WIDTH="11" VPOS="816" HPOS="625"/>
                  <String HEIGHT="42" WIDTH="65" VPOS="816" HPOS="592" CONTENT="i."/>
                  <SP HEIGHT="42" WIDTH="11" VPOS="816" HPOS="657"/>
                  <String HEIGHT="42" WIDTH="65" VPOS="816" HPOS="614" CONTENT="prae"/>
               </TextLine>
               <TextLine ID="r2l53"
                         BASELINE="902"
                         HEIGHT="49"
                         WIDTH="480"
                         VPOS="853"
                         HPOS="199">
                  <String HEIGHT="49"
                          WIDTH="165"
                          VPOS="853"
                          HPOS="185"
                          CONTENT="seruando"/>
                  <SP HEIGHT="49" WIDTH="14" VPOS="853" HPOS="350"/>
                  <String HEIGHT="49" WIDTH="82" VPOS="853" HPOS="309" CONTENT="se"/>
                  <SP HEIGHT="49" WIDTH="14" VPOS="853" HPOS="391"/>
                  <String HEIGHT="49" WIDTH="82" VPOS="853" HPOS="350" CONTENT="ab"/>
                  <SP HEIGHT="49" WIDTH="14" VPOS="853" HPOS="432"/>
                  <String HEIGHT="49"
                          WIDTH="110"
                          VPOS="853"
                          HPOS="391"
                          CONTENT="isto"/>
                  <SP HEIGHT="49" WIDTH="14" VPOS="853" HPOS="501"/>
                  <String HEIGHT="49"
                          WIDTH="165"
                          VPOS="853"
                          HPOS="460"
                          CONTENT="tempore,"/>
                  <SP HEIGHT="49" WIDTH="14" VPOS="853" HPOS="624"/>
                  <String HEIGHT="49" WIDTH="82" VPOS="853" HPOS="583" CONTENT="de"/>
                  <SP HEIGHT="49" WIDTH="14" VPOS="853" HPOS="665"/>
                  <String HEIGHT="49" WIDTH="69" VPOS="853" HPOS="610" CONTENT="quo"/>
               </TextLine>
               <TextLine ID="r2l57"
                         BASELINE="938"
                         HEIGHT="50"
                         WIDTH="489"
                         VPOS="888"
                         HPOS="196">
                  <String HEIGHT="50"
                          WIDTH="122"
                          VPOS="888"
                          HPOS="185"
                          CONTENT="dicitur"/>
                  <SP HEIGHT="50" WIDTH="11" VPOS="888" HPOS="307"/>
                  <String HEIGHT="50"
                          WIDTH="122"
                          VPOS="888"
                          HPOS="274"
                          CONTENT="instans"/>
                  <SP HEIGHT="50" WIDTH="11" VPOS="888" HPOS="396"/>
                  <String HEIGHT="50" WIDTH="78" VPOS="888" HPOS="363" CONTENT="non"/>
                  <SP HEIGHT="50" WIDTH="11" VPOS="888" HPOS="441"/>
                  <String HEIGHT="50"
                          WIDTH="200"
                          VPOS="888"
                          HPOS="407"
                          CONTENT="principaliter."/>
                  <SP HEIGHT="50" WIDTH="11" VPOS="888" HPOS="607"/>
                  <String HEIGHT="50" WIDTH="89" VPOS="888" HPOS="574" CONTENT="enim"/>
                  <SP HEIGHT="50" WIDTH="11" VPOS="888" HPOS="663"/>
                  <String HEIGHT="50"
                          WIDTH="67"
                          VPOS="888"
                          HPOS="618"
                          CONTENT="nar"
                          SUBS_TYPE="HypPart1"
                          SUBS_CONTENT="narrauit"/>
                  <HYP CONTENT="-"/>
               </TextLine>
               <TextLine ID="r2l60"
                         BASELINE="962"
                         HEIGHT="37"
                         WIDTH="491"
                         VPOS="925"
                         HPOS="194">
                  <String HEIGHT="37"
                          WIDTH="123"
                          VPOS="925"
                          HPOS="180"
                          CONTENT="rauit"
                          SUBS_TYPE="HypPart2"
                          SUBS_CONTENT="narrauit"/>
                  <SP HEIGHT="37" WIDTH="14" VPOS="925" HPOS="303"/>
                  <String HEIGHT="37"
                          WIDTH="109"
                          VPOS="925"
                          HPOS="262"
                          CONTENT="quod"/>
                  <SP HEIGHT="37" WIDTH="14" VPOS="925" HPOS="371"/>
                  <String HEIGHT="37"
                          WIDTH="123"
                          VPOS="925"
                          HPOS="330"
                          CONTENT="verum"/>
                  <SP HEIGHT="37" WIDTH="14" VPOS="925" HPOS="453"/>
                  <String HEIGHT="37"
                          WIDTH="150"
                          VPOS="925"
                          HPOS="412"
                          CONTENT="instans"/>
                  <SP HEIGHT="37" WIDTH="14" VPOS="925" HPOS="562"/>
                  <String HEIGHT="37"
                          WIDTH="150"
                          VPOS="925"
                          HPOS="521"
                          CONTENT="necesse"/>
                  <SP HEIGHT="37" WIDTH="14" VPOS="925" HPOS="671"/>
                  <String HEIGHT="37" WIDTH="68" VPOS="925" HPOS="617" CONTENT="est"/>
               </TextLine>
               <TextLine ID="r2l63"
                         BASELINE="1002"
                         HEIGHT="37"
                         WIDTH="479"
                         VPOS="965"
                         HPOS="197">
                  <String HEIGHT="37" WIDTH="72" VPOS="965" HPOS="185" CONTENT="vt"/>
                  <SP HEIGHT="37" WIDTH="12" VPOS="965" HPOS="257"/>
                  <String HEIGHT="37" WIDTH="84" VPOS="965" HPOS="221" CONTENT="sit"/>
                  <SP HEIGHT="37" WIDTH="12" VPOS="965" HPOS="305"/>
                  <String HEIGHT="37"
                          WIDTH="204"
                          VPOS="965"
                          HPOS="269"
                          CONTENT="indiuisibile,"/>
                  <SP HEIGHT="37" WIDTH="12" VPOS="965" HPOS="472"/>
                  <String HEIGHT="37" WIDTH="60" VPOS="965" HPOS="437" CONTENT="&amp;"/>
                  <SP HEIGHT="37" WIDTH="12" VPOS="965" HPOS="496"/>
                  <String HEIGHT="37" WIDTH="72" VPOS="965" HPOS="460" CONTENT="vt"/>
                  <SP HEIGHT="37" WIDTH="12" VPOS="965" HPOS="532"/>
                  <String HEIGHT="37" WIDTH="84" VPOS="965" HPOS="496" CONTENT="sit"/>
                  <SP HEIGHT="37" WIDTH="12" VPOS="965" HPOS="580"/>
                  <String HEIGHT="37" WIDTH="96" VPOS="965" HPOS="544" CONTENT="vnum"/>
                  <SP HEIGHT="37" WIDTH="12" VPOS="965" HPOS="640"/>
                  <String HEIGHT="37" WIDTH="72" VPOS="965" HPOS="604" CONTENT="in"/>
                  <SP HEIGHT="37" WIDTH="12" VPOS="965" HPOS="676"/>
                  <String HEIGHT="37" WIDTH="48" VPOS="965" HPOS="628" CONTENT="to"/>
               </TextLine>
               <TextLine ID="r2l65"
                         BASELINE="1042"
                         HEIGHT="44"
                         WIDTH="483"
                         VPOS="998"
                         HPOS="194">
                  <String HEIGHT="44" WIDTH="81" VPOS="998" HPOS="181" CONTENT="to"/>
                  <SP HEIGHT="44" WIDTH="13" VPOS="998" HPOS="261"/>
                  <String HEIGHT="44"
                          WIDTH="161"
                          VPOS="998"
                          HPOS="221"
                          CONTENT="tempore."/>
                  <SP HEIGHT="44" WIDTH="13" VPOS="998" HPOS="382"/>
                  <String HEIGHT="44" WIDTH="94" VPOS="998" HPOS="342" CONTENT="Et,"/>
                  <SP HEIGHT="44" WIDTH="13" VPOS="998" HPOS="436"/>
                  <String HEIGHT="44" WIDTH="94" VPOS="998" HPOS="395" CONTENT="cum"/>
                  <SP HEIGHT="44" WIDTH="13" VPOS="998" HPOS="489"/>
                  <String HEIGHT="44"
                          WIDTH="161"
                          VPOS="998"
                          HPOS="449"
                          CONTENT="narrauit"/>
                  <SP HEIGHT="44" WIDTH="13" VPOS="998" HPOS="610"/>
                  <String HEIGHT="44"
                          WIDTH="107"
                          VPOS="998"
                          HPOS="570"
                          CONTENT="quod"/>
                  <SP HEIGHT="44" WIDTH="13" VPOS="998" HPOS="677"/>
                  <String HEIGHT="44" WIDTH="54" VPOS="998" HPOS="623" CONTENT="ne"/>
               </TextLine>
               <TextLine ID="r2l67"
                         BASELINE="1082"
                         HEIGHT="38"
                         WIDTH="477"
                         VPOS="1044"
                         HPOS="198">
                  <String HEIGHT="38"
                          WIDTH="107"
                          VPOS="1044"
                          HPOS="186"
                          CONTENT="cesse"/>
                  <SP HEIGHT="38" WIDTH="12" VPOS="1044" HPOS="293"/>
                  <String HEIGHT="38" WIDTH="83" VPOS="1044" HPOS="258" CONTENT="est"/>
                  <SP HEIGHT="38" WIDTH="12" VPOS="1044" HPOS="341"/>
                  <String HEIGHT="38" WIDTH="60" VPOS="1044" HPOS="305" CONTENT="t"/>
                  <SP HEIGHT="38" WIDTH="12" VPOS="1044" HPOS="365"/>
                  <String HEIGHT="38" WIDTH="83" VPOS="1044" HPOS="329" CONTENT="sit"/>
                  <SP HEIGHT="38" WIDTH="12" VPOS="1044" HPOS="413"/>
                  <String HEIGHT="38"
                          WIDTH="95"
                          VPOS="1044"
                          HPOS="377"
                          CONTENT="vnum"/>
                  <SP HEIGHT="38" WIDTH="12" VPOS="1044" HPOS="472"/>
                  <String HEIGHT="38"
                          WIDTH="203"
                          VPOS="1044"
                          HPOS="437"
                          CONTENT="indiuisibile,"/>
                  <SP HEIGHT="38" WIDTH="12" VPOS="1044" HPOS="639"/>
                  <String HEIGHT="38"
                          WIDTH="83"
                          VPOS="1044"
                          HPOS="592"
                          CONTENT="incae"/>
               </TextLine>
               <TextLine ID="r2l69"
                         BASELINE="1123"
                         HEIGHT="46"
                         WIDTH="482"
                         VPOS="1077"
                         HPOS="190">
                  <String HEIGHT="46" WIDTH="84" VPOS="1077" HPOS="178" CONTENT="pit"/>
                  <SP HEIGHT="46" WIDTH="12" VPOS="1077" HPOS="262"/>
                  <String HEIGHT="46"
                          WIDTH="157"
                          VPOS="1077"
                          HPOS="226"
                          CONTENT="declarare"/>
                  <SP HEIGHT="46" WIDTH="12" VPOS="1077" HPOS="383"/>
                  <String HEIGHT="46"
                          WIDTH="96"
                          VPOS="1077"
                          HPOS="347"
                          CONTENT="hoc,"/>
                  <SP HEIGHT="46" WIDTH="12" VPOS="1077" HPOS="443"/>
                  <String HEIGHT="46" WIDTH="60" VPOS="1077" HPOS="407" CONTENT="&amp;"/>
                  <SP HEIGHT="46" WIDTH="12" VPOS="1077" HPOS="467"/>
                  <String HEIGHT="46"
                          WIDTH="121"
                          VPOS="1077"
                          HPOS="431"
                          CONTENT="dixit:"/>
                  <SP HEIGHT="46" WIDTH="12" VPOS="1077" HPOS="552"/>
                  <String HEIGHT="46" WIDTH="84" VPOS="1077" HPOS="515" CONTENT="Est"/>
                  <SP HEIGHT="46" WIDTH="12" VPOS="1077" HPOS="600"/>
                  <String HEIGHT="46"
                          WIDTH="96"
                          VPOS="1077"
                          HPOS="564"
                          CONTENT="enim"/>
                  <SP HEIGHT="46" WIDTH="12" VPOS="1077" HPOS="660"/>
                  <String HEIGHT="46"
                          WIDTH="60"
                          VPOS="1077"
                          HPOS="612"
                          CONTENT="vl"
                          SUBS_TYPE="HypPart1"
                          SUBS_CONTENT="vltimum,"/>
                  <HYP CONTENT="-"/>
               </TextLine>
               <TextLine ID="r2l71"
                         BASELINE="1154"
                         HEIGHT="38"
                         WIDTH="482"
                         VPOS="1116"
                         HPOS="195">
                  <String HEIGHT="38"
                          WIDTH="118"
                          VPOS="1116"
                          HPOS="183"
                          CONTENT="timum,"
                          SUBS_TYPE="HypPart2"
                          SUBS_CONTENT="vltimum,"/>
                  <SP HEIGHT="38" WIDTH="12" VPOS="1116" HPOS="301"/>
                  <String HEIGHT="38" WIDTH="82" VPOS="1116" HPOS="266" CONTENT="&amp;c."/>
                  <SP HEIGHT="38" WIDTH="12" VPOS="1116" HPOS="348"/>
                  <String HEIGHT="38" WIDTH="71" VPOS="1116" HPOS="313" CONTENT="i."/>
                  <SP HEIGHT="38" WIDTH="12" VPOS="1116" HPOS="383"/>
                  <String HEIGHT="38" WIDTH="59" VPOS="1116" HPOS="348" CONTENT="&amp;"/>
                  <SP HEIGHT="38" WIDTH="12" VPOS="1116" HPOS="407"/>
                  <String HEIGHT="38"
                          WIDTH="129"
                          VPOS="1116"
                          HPOS="371"
                          CONTENT="necesse"/>
                  <SP HEIGHT="38" WIDTH="12" VPOS="1116" HPOS="501"/>
                  <String HEIGHT="38" WIDTH="82" VPOS="1116" HPOS="465" CONTENT="est"/>
                  <SP HEIGHT="38" WIDTH="12" VPOS="1116" HPOS="548"/>
                  <String HEIGHT="38" WIDTH="71" VPOS="1116" HPOS="512" CONTENT="vt"/>
                  <SP HEIGHT="38" WIDTH="12" VPOS="1116" HPOS="583"/>
                  <String HEIGHT="38" WIDTH="82" VPOS="1116" HPOS="548" CONTENT="sit"/>
                  <SP HEIGHT="38" WIDTH="12" VPOS="1116" HPOS="630"/>
                  <String HEIGHT="38"
                          WIDTH="94"
                          VPOS="1116"
                          HPOS="583"
                          CONTENT="indiui"/>
               </TextLine>
               <TextLine ID="r2l73"
                         BASELINE="1196"
                         HEIGHT="47"
                         WIDTH="482"
                         VPOS="1149"
                         HPOS="194">
                  <String HEIGHT="47"
                          WIDTH="143"
                          VPOS="1149"
                          HPOS="181"
                          CONTENT="sibile:"/>
                  <SP HEIGHT="47" WIDTH="13" VPOS="1149" HPOS="324"/>
                  <String HEIGHT="47"
                          WIDTH="104"
                          VPOS="1149"
                          HPOS="285"
                          CONTENT="quia"/>
                  <SP HEIGHT="47" WIDTH="13" VPOS="1149" HPOS="389"/>
                  <String HEIGHT="47" WIDTH="91" VPOS="1149" HPOS="350" CONTENT="est"/>
                  <SP HEIGHT="47" WIDTH="13" VPOS="1149" HPOS="442"/>
                  <String HEIGHT="47"
                          WIDTH="143"
                          VPOS="1149"
                          HPOS="402"
                          CONTENT="vltimum"/>
                  <SP HEIGHT="47" WIDTH="13" VPOS="1149" HPOS="546"/>
                  <String HEIGHT="47"
                          WIDTH="117"
                          VPOS="1149"
                          HPOS="507"
                          CONTENT="finis"/>
                  <SP HEIGHT="47" WIDTH="13" VPOS="1149" HPOS="624"/>
                  <String HEIGHT="47"
                          WIDTH="104"
                          VPOS="1149"
                          HPOS="572"
                          CONTENT="tperis"/>
               </TextLine>
               <TextLine ID="r2l75"
                         BASELINE="1233"
                         HEIGHT="44"
                         WIDTH="470"
                         VPOS="1189"
                         HPOS="200">
                  <String HEIGHT="44"
                          WIDTH="157"
                          VPOS="1189"
                          HPOS="187"
                          CONTENT="pteriti,"/>
                  <SP HEIGHT="44" WIDTH="13" VPOS="1189" HPOS="344"/>
                  <String HEIGHT="44" WIDTH="65" VPOS="1189" HPOS="304" CONTENT="&amp;"/>
                  <SP HEIGHT="44" WIDTH="13" VPOS="1189" HPOS="370"/>
                  <String HEIGHT="44" WIDTH="91" VPOS="1189" HPOS="331" CONTENT="non"/>
                  <SP HEIGHT="44" WIDTH="13" VPOS="1189" HPOS="422"/>
                  <String HEIGHT="44" WIDTH="91" VPOS="1189" HPOS="383" CONTENT="est"/>
                  <SP HEIGHT="44" WIDTH="13" VPOS="1189" HPOS="474"/>
                  <String HEIGHT="44"
                          WIDTH="104"
                          VPOS="1189"
                          HPOS="435"
                          CONTENT="pars"/>
                  <SP HEIGHT="44" WIDTH="13" VPOS="1189" HPOS="539"/>
                  <String HEIGHT="44"
                          WIDTH="157"
                          VPOS="1189"
                          HPOS="500"
                          CONTENT="temporis"/>
                  <SP HEIGHT="44" WIDTH="13" VPOS="1189" HPOS="657"/>
                  <String HEIGHT="44"
                          WIDTH="65"
                          VPOS="1189"
                          HPOS="605"
                          CONTENT="fu"
                          SUBS_TYPE="HypPart1"
                          SUBS_CONTENT="futuri:"/>
                  <HYP CONTENT="-"/>
               </TextLine>
               <TextLine ID="r2l77"
                         BASELINE="1266"
                         HEIGHT="44"
                         WIDTH="478"
                         VPOS="1222"
                         HPOS="199">
                  <String HEIGHT="44"
                          WIDTH="127"
                          VPOS="1222"
                          HPOS="185"
                          CONTENT="turi:"
                          SUBS_TYPE="HypPart2"
                          SUBS_CONTENT="futuri:"/>
                  <SP HEIGHT="44" WIDTH="14" VPOS="1222" HPOS="311"/>
                  <String HEIGHT="44" WIDTH="70" VPOS="1222" HPOS="269" CONTENT="&amp;"/>
                  <SP HEIGHT="44" WIDTH="14" VPOS="1222" HPOS="340"/>
                  <String HEIGHT="44" WIDTH="98" VPOS="1222" HPOS="297" CONTENT="est"/>
                  <SP HEIGHT="44" WIDTH="14" VPOS="1222" HPOS="396"/>
                  <String HEIGHT="44"
                          WIDTH="127"
                          VPOS="1222"
                          HPOS="354"
                          CONTENT="etiam"/>
                  <SP HEIGHT="44" WIDTH="14" VPOS="1222" HPOS="480"/>
                  <String HEIGHT="44"
                          WIDTH="197"
                          VPOS="1222"
                          HPOS="438"
                          CONTENT="principium"/>
                  <SP HEIGHT="44" WIDTH="14" VPOS="1222" HPOS="635"/>
                  <String HEIGHT="44"
                          WIDTH="98"
                          VPOS="1222"
                          HPOS="579"
                          CONTENT="tempo"/>
               </TextLine>
               <TextLine ID="r2l79"
                         BASELINE="1315"
                         HEIGHT="53"
                         WIDTH="483"
                         VPOS="1262"
                         HPOS="195">
                  <String HEIGHT="53" WIDTH="85" VPOS="1262" HPOS="183" CONTENT="ris"/>
                  <SP HEIGHT="53" WIDTH="12" VPOS="1262" HPOS="267"/>
                  <String HEIGHT="53"
                          WIDTH="133"
                          VPOS="1262"
                          HPOS="231"
                          CONTENT="futuri,"/>
                  <SP HEIGHT="53" WIDTH="12" VPOS="1262" HPOS="364"/>
                  <String HEIGHT="53" WIDTH="60" VPOS="1262" HPOS="328" CONTENT="&amp;"/>
                  <SP HEIGHT="53" WIDTH="12" VPOS="1262" HPOS="388"/>
                  <String HEIGHT="53" WIDTH="85" VPOS="1262" HPOS="352" CONTENT="non"/>
                  <SP HEIGHT="53" WIDTH="12" VPOS="1262" HPOS="437"/>
                  <String HEIGHT="53" WIDTH="85" VPOS="1262" HPOS="400" CONTENT="est"/>
                  <SP HEIGHT="53" WIDTH="12" VPOS="1262" HPOS="485"/>
                  <String HEIGHT="53"
                          WIDTH="97"
                          VPOS="1262"
                          HPOS="449"
                          CONTENT="pars"/>
                  <SP HEIGHT="53" WIDTH="12" VPOS="1262" HPOS="545"/>
                  <String HEIGHT="53"
                          WIDTH="145"
                          VPOS="1262"
                          HPOS="509"
                          CONTENT="temporis"/>
                  <SP HEIGHT="53" WIDTH="12" VPOS="1262" HPOS="654"/>
                  <String HEIGHT="53"
                          WIDTH="72"
                          VPOS="1262"
                          HPOS="606"
                          CONTENT="prae"/>
               </TextLine>
               <TextLine ID="line_1612537523645_4128"
                         BASELINE="1346"
                         HEIGHT="46"
                         WIDTH="496"
                         VPOS="1300"
                         HPOS="177">
                  <String HEIGHT="46"
                          WIDTH="133"
                          VPOS="1300"
                          HPOS="165"
                          CONTENT="teriti."/>
                  <SP HEIGHT="46" WIDTH="12" VPOS="1300" HPOS="298"/>
                  <String HEIGHT="46"
                          WIDTH="97"
                          VPOS="1300"
                          HPOS="262"
                          CONTENT="D.d."/>
                  <SP HEIGHT="46" WIDTH="12" VPOS="1300" HPOS="358"/>
                  <String HEIGHT="46" WIDTH="60" VPOS="1300" HPOS="322" CONTENT="&amp;"/>
                  <SP HEIGHT="46" WIDTH="12" VPOS="1300" HPOS="383"/>
                  <String HEIGHT="46" WIDTH="85" VPOS="1300" HPOS="346" CONTENT="hoc"/>
                  <SP HEIGHT="46" WIDTH="12" VPOS="1300" HPOS="431"/>
                  <String HEIGHT="46"
                          WIDTH="97"
                          VPOS="1300"
                          HPOS="395"
                          CONTENT="est,"/>
                  <SP HEIGHT="46" WIDTH="12" VPOS="1300" HPOS="492"/>
                  <String HEIGHT="46"
                          WIDTH="97"
                          VPOS="1300"
                          HPOS="455"
                          CONTENT="quod"/>
                  <SP HEIGHT="46" WIDTH="12" VPOS="1300" HPOS="552"/>
                  <String HEIGHT="46"
                          WIDTH="145"
                          VPOS="1300"
                          HPOS="516"
                          CONTENT="diximus,"/>
                  <SP HEIGHT="46" WIDTH="12" VPOS="1300" HPOS="661"/>
                  <String HEIGHT="46" WIDTH="60" VPOS="1300" HPOS="613" CONTENT="&amp;c."/>
               </TextLine>
               <TextLine ID="r2l83"
                         BASELINE="1386"
                         HEIGHT="45"
                         WIDTH="492"
                         VPOS="1341"
                         HPOS="190">
                  <String HEIGHT="45" WIDTH="74" VPOS="1341" HPOS="178" CONTENT="i."/>
                  <SP HEIGHT="45" WIDTH="12" VPOS="1341" HPOS="252"/>
                  <String HEIGHT="45" WIDTH="62" VPOS="1341" HPOS="215" CONTENT="&amp;"/>
                  <SP HEIGHT="45" WIDTH="12" VPOS="1341" HPOS="276"/>
                  <String HEIGHT="45"
                          WIDTH="111"
                          VPOS="1341"
                          HPOS="239"
                          CONTENT="istud"/>
                  <SP HEIGHT="45" WIDTH="12" VPOS="1341" HPOS="350"/>
                  <String HEIGHT="45"
                          WIDTH="135"
                          VPOS="1341"
                          HPOS="313"
                          CONTENT="instans"/>
                  <SP HEIGHT="45" WIDTH="12" VPOS="1341" HPOS="448"/>
                  <String HEIGHT="45" WIDTH="86" VPOS="1341" HPOS="411" CONTENT="est"/>
                  <SP HEIGHT="45" WIDTH="12" VPOS="1341" HPOS="498"/>
                  <String HEIGHT="45"
                          WIDTH="123"
                          VPOS="1341"
                          HPOS="461"
                          CONTENT="illud,"/>
                  <SP HEIGHT="45" WIDTH="12" VPOS="1341" HPOS="584"/>
                  <String HEIGHT="45" WIDTH="74" VPOS="1341" HPOS="547" CONTENT="de"/>
                  <SP HEIGHT="45" WIDTH="12" VPOS="1341" HPOS="621"/>
                  <String HEIGHT="45" WIDTH="86" VPOS="1341" HPOS="584" CONTENT="quo"/>
                  <SP HEIGHT="45" WIDTH="12" VPOS="1341" HPOS="670"/>
                  <String HEIGHT="45"
                          WIDTH="62"
                          VPOS="1341"
                          HPOS="621"
                          CONTENT="di"
                          SUBS_TYPE="HypPart1"
                          SUBS_CONTENT="diximus,"/>
                  <HYP CONTENT="-"/>
               </TextLine>
               <TextLine ID="r2l85"
                         BASELINE="1418"
                         HEIGHT="44"
                         WIDTH="478"
                         VPOS="1374"
                         HPOS="197">
                  <String HEIGHT="44"
                          WIDTH="133"
                          VPOS="1374"
                          HPOS="184"
                          CONTENT="ximus,"
                          SUBS_TYPE="HypPart2"
                          SUBS_CONTENT="diximus,"/>
                  <SP HEIGHT="44" WIDTH="13" VPOS="1374" HPOS="317"/>
                  <String HEIGHT="44" WIDTH="93" VPOS="1374" HPOS="277" CONTENT="cum"/>
                  <SP HEIGHT="44" WIDTH="13" VPOS="1374" HPOS="370"/>
                  <String HEIGHT="44"
                          WIDTH="133"
                          VPOS="1374"
                          HPOS="330"
                          CONTENT="locuti"/>
                  <SP HEIGHT="44" WIDTH="13" VPOS="1374" HPOS="463"/>
                  <String HEIGHT="44"
                          WIDTH="133"
                          VPOS="1374"
                          HPOS="423"
                          CONTENT="fuimus"/>
                  <SP HEIGHT="44" WIDTH="13" VPOS="1374" HPOS="556"/>
                  <String HEIGHT="44" WIDTH="80" VPOS="1374" HPOS="516" CONTENT="de"/>
                  <SP HEIGHT="44" WIDTH="13" VPOS="1374" HPOS="595"/>
                  <String HEIGHT="44"
                          WIDTH="133"
                          VPOS="1374"
                          HPOS="542"
                          CONTENT="tempore,"/>
               </TextLine>
               <TextLine ID="r2l87"
                         BASELINE="1459"
                         HEIGHT="46"
                         WIDTH="480"
                         VPOS="1413"
                         HPOS="199">
                  <String HEIGHT="46"
                          WIDTH="87"
                          VPOS="1413"
                          HPOS="188"
                          CONTENT="quod"/>
                  <SP HEIGHT="46" WIDTH="11" VPOS="1413" HPOS="275"/>
                  <String HEIGHT="46" WIDTH="76" VPOS="1413" HPOS="243" CONTENT="est"/>
                  <SP HEIGHT="46" WIDTH="11" VPOS="1413" HPOS="319"/>
                  <String HEIGHT="46"
                          WIDTH="131"
                          VPOS="1413"
                          HPOS="286"
                          CONTENT="extremum"/>
                  <SP HEIGHT="46" WIDTH="11" VPOS="1413" HPOS="417"/>
                  <String HEIGHT="46"
                          WIDTH="109"
                          VPOS="1413"
                          HPOS="384"
                          CONTENT="tperis"/>
                  <SP HEIGHT="46" WIDTH="11" VPOS="1413" HPOS="494"/>
                  <String HEIGHT="46"
                          WIDTH="164"
                          VPOS="1413"
                          HPOS="461"
                          CONTENT="praeteriti,"/>
                  <SP HEIGHT="46" WIDTH="11" VPOS="1413" HPOS="624"/>
                  <String HEIGHT="46" WIDTH="55" VPOS="1413" HPOS="592" CONTENT="&amp;"/>
                  <SP HEIGHT="46" WIDTH="11" VPOS="1413" HPOS="646"/>
                  <String HEIGHT="46"
                          WIDTH="76"
                          VPOS="1413"
                          HPOS="603"
                          CONTENT="futu"
                          SUBS_TYPE="HypPart1"
                          SUBS_CONTENT="futun"/>
                  <HYP CONTENT="-"/>
               </TextLine>
               <TextLine ID="r2l89"
                         BASELINE="1498"
                         HEIGHT="48"
                         WIDTH="488"
                         VPOS="1450"
                         HPOS="189">
                  <String HEIGHT="48"
                          WIDTH="53"
                          VPOS="1450"
                          HPOS="178"
                          CONTENT="n"
                          SUBS_TYPE="HypPart2"
                          SUBS_CONTENT="futun"/>
                  <SP HEIGHT="48" WIDTH="11" VPOS="1450" HPOS="231"/>
                  <String HEIGHT="48"
                          WIDTH="127"
                          VPOS="1450"
                          HPOS="200"
                          CONTENT="scilicet"/>
                  <SP HEIGHT="48" WIDTH="11" VPOS="1450" HPOS="327"/>
                  <String HEIGHT="48"
                          WIDTH="95"
                          VPOS="1450"
                          HPOS="295"
                          CONTENT="finis"/>
                  <SP HEIGHT="48" WIDTH="11" VPOS="1450" HPOS="391"/>
                  <String HEIGHT="48"
                          WIDTH="127"
                          VPOS="1450"
                          HPOS="359"
                          CONTENT="pteriti,"/>
                  <SP HEIGHT="48" WIDTH="11" VPOS="1450" HPOS="486"/>
                  <String HEIGHT="48" WIDTH="53" VPOS="1450" HPOS="454" CONTENT="&amp;"/>
                  <SP HEIGHT="48" WIDTH="11" VPOS="1450" HPOS="507"/>
                  <String HEIGHT="48"
                          WIDTH="149"
                          VPOS="1450"
                          HPOS="475"
                          CONTENT="principium"/>
                  <SP HEIGHT="48" WIDTH="11" VPOS="1450" HPOS="624"/>
                  <String HEIGHT="48"
                          WIDTH="95"
                          VPOS="1450"
                          HPOS="582"
                          CONTENT="futuri."/>
               </TextLine>
               <TextLine ID="r2l91"
                         BASELINE="1546"
                         HEIGHT="45"
                         WIDTH="441"
                         VPOS="1501"
                         HPOS="234">
                  <String HEIGHT="45"
                          WIDTH="119"
                          VPOS="1501"
                          HPOS="217"
                          CONTENT="Hoc"/>
                  <SP HEIGHT="45" WIDTH="17" VPOS="1501" HPOS="336"/>
                  <String HEIGHT="45"
                          WIDTH="170"
                          VPOS="1501"
                          HPOS="285"
                          CONTENT="autem,"/>
                  <SP HEIGHT="45" WIDTH="17" VPOS="1501" HPOS="455"/>
                  <String HEIGHT="45" WIDTH="102" VPOS="1501" HPOS="404" CONTENT="si"/>
                  <SP HEIGHT="45" WIDTH="17" VPOS="1501" HPOS="505"/>
                  <String HEIGHT="45"
                          WIDTH="237"
                          VPOS="1501"
                          HPOS="438"
                          CONTENT="demonstretur"/>
               </TextLine>
               <TextLine ID="r2l93"
                         BASELINE="1598"
                         HEIGHT="58"
                         WIDTH="481"
                         VPOS="1540"
                         HPOS="191">
                  <String HEIGHT="58"
                          WIDTH="117"
                          VPOS="1540"
                          HPOS="176"
                          CONTENT="quod"/>
                  <SP HEIGHT="58" WIDTH="15" VPOS="1540" HPOS="293"/>
                  <String HEIGHT="58"
                          WIDTH="189"
                          VPOS="1540"
                          HPOS="249"
                          CONTENT="huiusmodi"/>
                  <SP HEIGHT="58" WIDTH="15" VPOS="1540" HPOS="439"/>
                  <String HEIGHT="58"
                          WIDTH="102"
                          VPOS="1540"
                          HPOS="395"
                          CONTENT="est"/>
                  <SP HEIGHT="58" WIDTH="15" VPOS="1540" HPOS="497"/>
                  <String HEIGHT="58"
                          WIDTH="102"
                          VPOS="1540"
                          HPOS="453"
                          CONTENT="per"/>
                  <SP HEIGHT="58" WIDTH="15" VPOS="1540" HPOS="555"/>
                  <String HEIGHT="58"
                          WIDTH="102"
                          VPOS="1540"
                          HPOS="512"
                          CONTENT="se,"/>
                  <SP HEIGHT="58" WIDTH="15" VPOS="1540" HPOS="614"/>
                  <String HEIGHT="58" WIDTH="73" VPOS="1540" HPOS="570" CONTENT="&amp;"/>
                  <SP HEIGHT="58" WIDTH="15" VPOS="1540" HPOS="643"/>
                  <String HEIGHT="58"
                          WIDTH="87"
                          VPOS="1540"
                          HPOS="585"
                          CONTENT="idem"/>
               </TextLine>
               <TextLine ID="r2l95"
                         BASELINE="1626"
                         HEIGHT="45"
                         WIDTH="485"
                         VPOS="1581"
                         HPOS="190">
                  <String HEIGHT="45"
                          WIDTH="141"
                          VPOS="1581"
                          HPOS="174"
                          CONTENT="simul"/>
                  <SP HEIGHT="45" WIDTH="16" VPOS="1581" HPOS="315"/>
                  <String HEIGHT="45"
                          WIDTH="219"
                          VPOS="1581"
                          HPOS="268"
                          CONTENT="manifestum"/>
                  <SP HEIGHT="45" WIDTH="16" VPOS="1581" HPOS="487"/>
                  <String HEIGHT="45"
                          WIDTH="125"
                          VPOS="1581"
                          HPOS="440"
                          CONTENT="erit"/>
                  <SP HEIGHT="45" WIDTH="16" VPOS="1581" HPOS="565"/>
                  <String HEIGHT="45" WIDTH="78" VPOS="1581" HPOS="519" CONTENT="&amp;"/>
                  <SP HEIGHT="45" WIDTH="16" VPOS="1581" HPOS="597"/>
                  <String HEIGHT="45"
                          WIDTH="125"
                          VPOS="1581"
                          HPOS="550"
                          CONTENT="quod"/>
                  <SP HEIGHT="45" WIDTH="16" VPOS="1581" HPOS="675"/>
                  <String HEIGHT="45" WIDTH="63" VPOS="1581" HPOS="612" CONTENT="in"/>
               </TextLine>
               <TextLine ID="r2l97"
                         BASELINE="1667"
                         HEIGHT="44"
                         WIDTH="214"
                         VPOS="1623"
                         HPOS="195">
                  <String HEIGHT="44"
                          WIDTH="200"
                          VPOS="1623"
                          HPOS="181"
                          CONTENT="diuisibile"/>
                  <SP HEIGHT="44" WIDTH="14" VPOS="1623" HPOS="380"/>
                  <String HEIGHT="44"
                          WIDTH="86"
                          VPOS="1623"
                          HPOS="323"
                          CONTENT="est."/>
               </TextLine>
               <TextLine ID="r2l99"
                         BASELINE="1720"
                         HEIGHT="59"
                         WIDTH="440"
                         VPOS="1661"
                         HPOS="241">
                  <String HEIGHT="59"
                          WIDTH="106"
                          VPOS="1661"
                          HPOS="226"
                          CONTENT="Et,"/>
                  <SP HEIGHT="59" WIDTH="15" VPOS="1661" HPOS="332"/>
                  <String HEIGHT="59"
                          WIDTH="106"
                          VPOS="1661"
                          HPOS="287"
                          CONTENT="cum"/>
                  <SP HEIGHT="59" WIDTH="15" VPOS="1661" HPOS="393"/>
                  <String HEIGHT="59"
                          WIDTH="212"
                          VPOS="1661"
                          HPOS="347"
                          CONTENT="declaratum"/>
                  <SP HEIGHT="59" WIDTH="15" VPOS="1661" HPOS="560"/>
                  <String HEIGHT="59"
                          WIDTH="106"
                          VPOS="1661"
                          HPOS="514"
                          CONTENT="est"/>
                  <SP HEIGHT="59" WIDTH="15" VPOS="1661" HPOS="620"/>
                  <String HEIGHT="59" WIDTH="91" VPOS="1661" HPOS="575" CONTENT="in"/>
                  <SP HEIGHT="59" WIDTH="15" VPOS="1661" HPOS="666"/>
                  <String HEIGHT="59" WIDTH="76" VPOS="1661" HPOS="605" CONTENT="hoc"/>
               </TextLine>
               <TextLine ID="r2l101"
                         BASELINE="1776"
                         HEIGHT="68"
                         WIDTH="493"
                         VPOS="1708"
                         HPOS="188">
                  <String HEIGHT="68"
                          WIDTH="120"
                          VPOS="1708"
                          HPOS="173"
                          CONTENT="quod"/>
                  <SP HEIGHT="68" WIDTH="15" VPOS="1708" HPOS="293"/>
                  <String HEIGHT="68"
                          WIDTH="105"
                          VPOS="1708"
                          HPOS="248"
                          CONTENT="est"/>
                  <SP HEIGHT="68" WIDTH="15" VPOS="1708" HPOS="352"/>
                  <String HEIGHT="68"
                          WIDTH="134"
                          VPOS="1708"
                          HPOS="308"
                          CONTENT="tale,"/>
                  <SP HEIGHT="68" WIDTH="15" VPOS="1708" HPOS="442"/>
                  <String HEIGHT="68" WIDTH="75" VPOS="1708" HPOS="397" CONTENT="&amp;"/>
                  <SP HEIGHT="68" WIDTH="15" VPOS="1708" HPOS="472"/>
                  <String HEIGHT="68"
                          WIDTH="120"
                          VPOS="1708"
                          HPOS="427"
                          CONTENT="quod"/>
                  <SP HEIGHT="68" WIDTH="15" VPOS="1708" HPOS="547"/>
                  <String HEIGHT="68"
                          WIDTH="105"
                          VPOS="1708"
                          HPOS="502"
                          CONTENT="est"/>
                  <SP HEIGHT="68" WIDTH="15" VPOS="1708" HPOS="606"/>
                  <String HEIGHT="68"
                          WIDTH="120"
                          VPOS="1708"
                          HPOS="561"
                          CONTENT="vnu,"/>
                  <SP HEIGHT="68" WIDTH="15" VPOS="1708" HPOS="681"/>
                  <String HEIGHT="68" WIDTH="60" VPOS="1708" HPOS="621" CONTENT="ap"/>
               </TextLine>
               <TextLine ID="r2l104"
                         BASELINE="1817"
                         HEIGHT="61"
                         WIDTH="494"
                         VPOS="1756"
                         HPOS="190">
                  <String HEIGHT="61"
                          WIDTH="155"
                          VPOS="1756"
                          HPOS="176"
                          CONTENT="parebit"/>
                  <SP HEIGHT="61" WIDTH="14" VPOS="1756" HPOS="331"/>
                  <String HEIGHT="61" WIDTH="85" VPOS="1756" HPOS="289" CONTENT="ci"/>
                  <SP HEIGHT="61" WIDTH="14" VPOS="1756" HPOS="373"/>
                  <String HEIGHT="61" WIDTH="85" VPOS="1756" HPOS="331" CONTENT="oc"/>
                  <SP HEIGHT="61" WIDTH="14" VPOS="1756" HPOS="416"/>
                  <String HEIGHT="61"
                          WIDTH="113"
                          VPOS="1756"
                          HPOS="373"
                          CONTENT="quod"/>
                  <SP HEIGHT="61" WIDTH="14" VPOS="1756" HPOS="486"/>
                  <String HEIGHT="61" WIDTH="99" VPOS="1756" HPOS="444" CONTENT="est"/>
                  <SP HEIGHT="61" WIDTH="14" VPOS="1756" HPOS="543"/>
                  <String HEIGHT="61"
                          WIDTH="198"
                          VPOS="1756"
                          HPOS="486"
                          CONTENT="idiuisibile."/>
               </TextLine>
               <TextLine ID="line_1612537523648_4130"
                         BASELINE="1858"
                         HEIGHT="53"
                         WIDTH="504"
                         VPOS="1805"
                         HPOS="177">
                  <String HEIGHT="53"
                          WIDTH="107"
                          VPOS="1805"
                          HPOS="162"
                          CONTENT="Et,"/>
                  <SP HEIGHT="53" WIDTH="15" VPOS="1805" HPOS="269"/>
                  <String HEIGHT="53"
                          WIDTH="107"
                          VPOS="1805"
                          HPOS="223"
                          CONTENT="cum"/>
                  <SP HEIGHT="53" WIDTH="15" VPOS="1805" HPOS="330"/>
                  <String HEIGHT="53"
                          WIDTH="214"
                          VPOS="1805"
                          HPOS="284"
                          CONTENT="declaratum"/>
                  <SP HEIGHT="53" WIDTH="15" VPOS="1805" HPOS="498"/>
                  <String HEIGHT="53"
                          WIDTH="107"
                          VPOS="1805"
                          HPOS="452"
                          CONTENT="est"/>
                  <SP HEIGHT="53" WIDTH="15" VPOS="1805" HPOS="559"/>
                  <String HEIGHT="53"
                          WIDTH="122"
                          VPOS="1805"
                          HPOS="513"
                          CONTENT="quod"/>
                  <SP HEIGHT="53" WIDTH="15" VPOS="1805" HPOS="635"/>
                  <String HEIGHT="53"
                          WIDTH="107"
                          VPOS="1805"
                          HPOS="574"
                          CONTENT="verum"/>
               </TextLine>
            </TextBlock>
            <TextBlock ID="TextRegion_1612537534316_4139"
                       HEIGHT="1741"
                       WIDTH="521"
                       VPOS="138"
                       HPOS="693">
               <Shape>
                  <Polygon POINTS="693,138 1214,138 1214,1879 693,1879"/>
               </Shape>
               <TextLine ID="r2l3"
                         BASELINE="225"
                         HEIGHT="53"
                         WIDTH="499"
                         VPOS="172"
                         HPOS="706">
                  <String HEIGHT="53"
                          WIDTH="108"
                          VPOS="172"
                          HPOS="696"
                          CONTENT="instans"/>
                  <SP HEIGHT="53" WIDTH="10" VPOS="172" HPOS="804"/>
                  <String HEIGHT="53" WIDTH="68" VPOS="172" HPOS="774" CONTENT="est"/>
                  <SP HEIGHT="53" WIDTH="10" VPOS="172" HPOS="843"/>
                  <String HEIGHT="53"
                          WIDTH="88"
                          VPOS="172"
                          HPOS="814"
                          CONTENT="taime"/>
                  <SP HEIGHT="53" WIDTH="10" VPOS="172" HPOS="902"/>
                  <String HEIGHT="53"
                          WIDTH="117"
                          VPOS="172"
                          HPOS="872"
                          CONTENT="scilicet"/>
                  <SP HEIGHT="53" WIDTH="10" VPOS="172" HPOS="990"/>
                  <String HEIGHT="53" WIDTH="78" VPOS="172" HPOS="960" CONTENT="quod"/>
                  <SP HEIGHT="53" WIDTH="10" VPOS="172" HPOS="1039"/>
                  <String HEIGHT="53" WIDTH="68" VPOS="172" HPOS="1009" CONTENT="non"/>
                  <SP HEIGHT="53" WIDTH="10" VPOS="172" HPOS="1078"/>
                  <String HEIGHT="53" WIDTH="68" VPOS="172" HPOS="1048" CONTENT="est"/>
                  <SP HEIGHT="53" WIDTH="10" VPOS="172" HPOS="1117"/>
                  <String HEIGHT="53"
                          WIDTH="78"
                          VPOS="172"
                          HPOS="1088"
                          CONTENT="pars"/>
                  <SP HEIGHT="53" WIDTH="10" VPOS="172" HPOS="1166"/>
                  <String HEIGHT="53"
                          WIDTH="78"
                          VPOS="172"
                          HPOS="1127"
                          CONTENT="tperis"/>
               </TextLine>
               <TextLine ID="r2l5"
                         BASELINE="255"
                         HEIGHT="43"
                         WIDTH="494"
                         VPOS="212"
                         HPOS="712">
                  <String HEIGHT="43"
                          WIDTH="195"
                          VPOS="212"
                          HPOS="699"
                          CONTENT="praeteriti,"/>
                  <SP HEIGHT="43" WIDTH="13" VPOS="212" HPOS="894"/>
                  <String HEIGHT="43" WIDTH="91" VPOS="212" HPOS="855" CONTENT="aut"/>
                  <SP HEIGHT="43" WIDTH="13" VPOS="212" HPOS="946"/>
                  <String HEIGHT="43"
                          WIDTH="143"
                          VPOS="212"
                          HPOS="907"
                          CONTENT="futuri,"/>
                  <SP HEIGHT="43" WIDTH="13" VPOS="212" HPOS="1050"/>
                  <String HEIGHT="43"
                          WIDTH="182"
                          VPOS="212"
                          HPOS="1011"
                          CONTENT="manifestum"/>
                  <SP HEIGHT="43" WIDTH="13" VPOS="212" HPOS="1193"/>
                  <String HEIGHT="43" WIDTH="65" VPOS="212" HPOS="1141" CONTENT="est"/>
               </TextLine>
               <TextLine ID="r2l7"
                         BASELINE="304"
                         HEIGHT="52"
                         WIDTH="506"
                         VPOS="252"
                         HPOS="702">
                  <String HEIGHT="52"
                          WIDTH="119"
                          VPOS="252"
                          HPOS="687"
                          CONTENT="quod"/>
                  <SP HEIGHT="52" WIDTH="15" VPOS="252" HPOS="806"/>
                  <String HEIGHT="52"
                          WIDTH="119"
                          VPOS="252"
                          HPOS="762"
                          CONTENT="est."/>
                  <SP HEIGHT="52" WIDTH="15" VPOS="252" HPOS="881"/>
                  <String HEIGHT="52"
                          WIDTH="134"
                          VPOS="252"
                          HPOS="836"
                          CONTENT="vnum,"/>
                  <SP HEIGHT="52" WIDTH="15" VPOS="252" HPOS="970"/>
                  <String HEIGHT="52" WIDTH="74" VPOS="252" HPOS="925" CONTENT="&amp;"/>
                  <SP HEIGHT="52" WIDTH="15" VPOS="252" HPOS="1000"/>
                  <String HEIGHT="52"
                          WIDTH="119"
                          VPOS="252"
                          HPOS="955"
                          CONTENT="quod"/>
                  <SP HEIGHT="52" WIDTH="15" VPOS="252" HPOS="1074"/>
                  <String HEIGHT="52"
                          WIDTH="104"
                          VPOS="252"
                          HPOS="1029"
                          CONTENT="cum"/>
                  <SP HEIGHT="52" WIDTH="15" VPOS="252" HPOS="1134"/>
                  <String HEIGHT="52"
                          WIDTH="104"
                          VPOS="252"
                          HPOS="1089"
                          CONTENT="hoc"/>
                  <SP HEIGHT="52" WIDTH="15" VPOS="252" HPOS="1193"/>
                  <String HEIGHT="52" WIDTH="74" VPOS="252" HPOS="1134" CONTENT="est"/>
               </TextLine>
               <TextLine ID="r2l9"
                         BASELINE="329"
                         HEIGHT="42"
                         WIDTH="505"
                         VPOS="287"
                         HPOS="708">
                  <String HEIGHT="42"
                          WIDTH="220"
                          VPOS="287"
                          HPOS="695"
                          CONTENT="indiuisibile."/>
                  <SP HEIGHT="42" WIDTH="13" VPOS="287" HPOS="915"/>
                  <String HEIGHT="42" WIDTH="78" VPOS="287" HPOS="876" CONTENT="Et"/>
                  <SP HEIGHT="42" WIDTH="13" VPOS="287" HPOS="954"/>
                  <String HEIGHT="42" WIDTH="91" VPOS="287" HPOS="915" CONTENT="non"/>
                  <SP HEIGHT="42" WIDTH="13" VPOS="287" HPOS="1006"/>
                  <String HEIGHT="42"
                          WIDTH="155"
                          VPOS="287"
                          HPOS="967"
                          CONTENT="intendit"/>
                  <SP HEIGHT="42" WIDTH="13" VPOS="287" HPOS="1122"/>
                  <String HEIGHT="42"
                          WIDTH="117"
                          VPOS="287"
                          HPOS="1084"
                          CONTENT="quod,"/>
                  <SP HEIGHT="42" WIDTH="13" VPOS="287" HPOS="1200"/>
                  <String HEIGHT="42" WIDTH="65" VPOS="287" HPOS="1148" CONTENT="cum"/>
               </TextLine>
               <TextLine ID="r2l11"
                         BASELINE="376"
                         HEIGHT="50"
                         WIDTH="497"
                         VPOS="326"
                         HPOS="708">
                  <String HEIGHT="50"
                          WIDTH="138"
                          VPOS="326"
                          HPOS="694"
                          CONTENT="fuerit"/>
                  <SP HEIGHT="50" WIDTH="14" VPOS="326" HPOS="832"/>
                  <String HEIGHT="50"
                          WIDTH="193"
                          VPOS="326"
                          HPOS="791"
                          CONTENT="declaratum"/>
                  <SP HEIGHT="50" WIDTH="14" VPOS="326" HPOS="984"/>
                  <String HEIGHT="50"
                          WIDTH="110"
                          VPOS="326"
                          HPOS="943"
                          CONTENT="quod"/>
                  <SP HEIGHT="50" WIDTH="14" VPOS="326" HPOS="1053"/>
                  <String HEIGHT="50" WIDTH="97" VPOS="326" HPOS="1012" CONTENT="est"/>
                  <SP HEIGHT="50" WIDTH="14" VPOS="326" HPOS="1108"/>
                  <String HEIGHT="50"
                          WIDTH="124"
                          VPOS="326"
                          HPOS="1067"
                          CONTENT="vnum,"/>
                  <SP HEIGHT="50" WIDTH="14" VPOS="326" HPOS="1191"/>
                  <String HEIGHT="50"
                          WIDTH="69"
                          VPOS="326"
                          HPOS="1136"
                          CONTENT="ap"
                          SUBS_TYPE="HypPart1"
                          SUBS_CONTENT="aparebit"/>
                  <HYP CONTENT="-"/>
               </TextLine>
               <TextLine ID="r2l13"
                         BASELINE="415"
                         HEIGHT="50"
                         WIDTH="488"
                         VPOS="365"
                         HPOS="717">
                  <String HEIGHT="50"
                          WIDTH="148"
                          VPOS="365"
                          HPOS="702"
                          CONTENT="arebit"
                          SUBS_TYPE="HypPart2"
                          SUBS_CONTENT="aparebit"/>
                  <SP HEIGHT="50" WIDTH="15" VPOS="365" HPOS="850"/>
                  <String HEIGHT="50" WIDTH="104" VPOS="365" HPOS="806" CONTENT="per"/>
                  <SP HEIGHT="50" WIDTH="15" VPOS="365" HPOS="909"/>
                  <String HEIGHT="50"
                          WIDTH="163"
                          VPOS="365"
                          HPOS="865"
                          CONTENT="medium,"/>
                  <SP HEIGHT="50" WIDTH="15" VPOS="365" HPOS="1028"/>
                  <String HEIGHT="50"
                          WIDTH="118"
                          VPOS="365"
                          HPOS="983"
                          CONTENT="quod"/>
                  <SP HEIGHT="50" WIDTH="15" VPOS="365" HPOS="1101"/>
                  <String HEIGHT="50"
                          WIDTH="104"
                          VPOS="365"
                          HPOS="1057"
                          CONTENT="est"/>
                  <SP HEIGHT="50" WIDTH="15" VPOS="365" HPOS="1161"/>
                  <String HEIGHT="50"
                          WIDTH="104"
                          VPOS="365"
                          HPOS="1101"
                          CONTENT="indi"
                          SUBS_TYPE="HypPart1"
                          SUBS_CONTENT="indiuisibile."/>
                  <HYP CONTENT="-"/>
               </TextLine>
               <TextLine ID="r2l16"
                         BASELINE="442"
                         HEIGHT="42"
                         WIDTH="502"
                         VPOS="400"
                         HPOS="704">
                  <String HEIGHT="42"
                          WIDTH="163"
                          VPOS="400"
                          HPOS="691"
                          CONTENT="uisibile."
                          SUBS_TYPE="HypPart2"
                          SUBS_CONTENT="indiuisibile."/>
                  <SP HEIGHT="42" WIDTH="13" VPOS="400" HPOS="855"/>
                  <String HEIGHT="42"
                          WIDTH="138"
                          VPOS="400"
                          HPOS="817"
                          CONTENT="quoniam"/>
                  <SP HEIGHT="42" WIDTH="13" VPOS="400" HPOS="955"/>
                  <String HEIGHT="42"
                          WIDTH="113"
                          VPOS="400"
                          HPOS="917"
                          CONTENT="scire"/>
                  <SP HEIGHT="42" WIDTH="13" VPOS="400" HPOS="1030"/>
                  <String HEIGHT="42"
                          WIDTH="113"
                          VPOS="400"
                          HPOS="993"
                          CONTENT="ipsum"/>
                  <SP HEIGHT="42" WIDTH="13" VPOS="400" HPOS="1106"/>
                  <String HEIGHT="42"
                          WIDTH="100"
                          VPOS="400"
                          HPOS="1068"
                          CONTENT="esse"/>
                  <SP HEIGHT="42" WIDTH="13" VPOS="400" HPOS="1168"/>
                  <String HEIGHT="42"
                          WIDTH="88"
                          VPOS="400"
                          HPOS="1118"
                          CONTENT="vnum,"/>
               </TextLine>
               <TextLine ID="r2l19"
                         BASELINE="482"
                         HEIGHT="46"
                         WIDTH="500"
                         VPOS="436"
                         HPOS="707">
                  <String HEIGHT="46" WIDTH="64" VPOS="436" HPOS="694" CONTENT="&amp;"/>
                  <SP HEIGHT="46" WIDTH="13" VPOS="436" HPOS="758"/>
                  <String HEIGHT="46"
                          WIDTH="115"
                          VPOS="436"
                          HPOS="720"
                          CONTENT="scire"/>
                  <SP HEIGHT="46" WIDTH="13" VPOS="436" HPOS="835"/>
                  <String HEIGHT="46"
                          WIDTH="115"
                          VPOS="436"
                          HPOS="797"
                          CONTENT="ipsum"/>
                  <SP HEIGHT="46" WIDTH="13" VPOS="436" HPOS="912"/>
                  <String HEIGHT="46"
                          WIDTH="103"
                          VPOS="436"
                          HPOS="874"
                          CONTENT="esse"/>
                  <SP HEIGHT="46" WIDTH="13" VPOS="436" HPOS="976"/>
                  <String HEIGHT="46"
                          WIDTH="218"
                          VPOS="436"
                          HPOS="938"
                          CONTENT="indiuisibile,"/>
                  <SP HEIGHT="46" WIDTH="13" VPOS="436" HPOS="1156"/>
                  <String HEIGHT="46" WIDTH="90" VPOS="436" HPOS="1117" CONTENT="est"/>
                  <SP HEIGHT="46" WIDTH="13" VPOS="436" HPOS="1207"/>
                  <String HEIGHT="46" WIDTH="51" VPOS="436" HPOS="1156" CONTENT="in"/>
               </TextLine>
               <TextLine ID="r2l22"
                         BASELINE="526"
                         HEIGHT="42"
                         WIDTH="508"
                         VPOS="484"
                         HPOS="706">
                  <String HEIGHT="42"
                          WIDTH="124"
                          VPOS="484"
                          HPOS="692"
                          CONTENT="eodem"/>
                  <SP HEIGHT="42" WIDTH="14" VPOS="484" HPOS="816"/>
                  <String HEIGHT="42"
                          WIDTH="151"
                          VPOS="484"
                          HPOS="775"
                          CONTENT="ordine,"/>
                  <SP HEIGHT="42" WIDTH="14" VPOS="484" HPOS="926"/>
                  <String HEIGHT="42" WIDTH="69" VPOS="484" HPOS="884" CONTENT="&amp;"/>
                  <SP HEIGHT="42" WIDTH="14" VPOS="484" HPOS="953"/>
                  <String HEIGHT="42"
                          WIDTH="110"
                          VPOS="484"
                          HPOS="912"
                          CONTENT="ideo"/>
                  <SP HEIGHT="42" WIDTH="14" VPOS="484" HPOS="1022"/>
                  <String HEIGHT="42"
                          WIDTH="137"
                          VPOS="484"
                          HPOS="981"
                          CONTENT="dixit:"/>
                  <SP HEIGHT="42" WIDTH="14" VPOS="484" HPOS="1118"/>
                  <String HEIGHT="42"
                          WIDTH="151"
                          VPOS="484"
                          HPOS="1063"
                          CONTENT="apparebit"/>
               </TextLine>
               <TextLine ID="r2l26"
                         BASELINE="567"
                         HEIGHT="52"
                         WIDTH="497"
                         VPOS="515"
                         HPOS="711">
                  <String HEIGHT="52" WIDTH="109" VPOS="515" HPOS="695" CONTENT="cum"/>
                  <SP HEIGHT="52" WIDTH="16" VPOS="515" HPOS="804"/>
                  <String HEIGHT="52"
                          WIDTH="124"
                          VPOS="515"
                          HPOS="758"
                          CONTENT="hoc."/>
                  <SP HEIGHT="52" WIDTH="16" VPOS="515" HPOS="882"/>
                  <String HEIGHT="52" WIDTH="109" VPOS="515" HPOS="835" CONTENT="nam"/>
                  <SP HEIGHT="52" WIDTH="16" VPOS="515" HPOS="944"/>
                  <String HEIGHT="52"
                          WIDTH="171"
                          VPOS="515"
                          HPOS="897"
                          CONTENT="aliquis"/>
                  <SP HEIGHT="52" WIDTH="16" VPOS="515" HPOS="1068"/>
                  <String HEIGHT="52"
                          WIDTH="109"
                          VPOS="515"
                          HPOS="1022"
                          CONTENT="pot"/>
                  <SP HEIGHT="52" WIDTH="16" VPOS="515" HPOS="1130"/>
                  <String HEIGHT="52"
                          WIDTH="140"
                          VPOS="515"
                          HPOS="1068"
                          CONTENT="dicere,"/>
               </TextLine>
               <TextLine ID="r2l30"
                         BASELINE="595"
                         HEIGHT="44"
                         WIDTH="499"
                         VPOS="551"
                         HPOS="704">
                  <String HEIGHT="44"
                          WIDTH="125"
                          VPOS="551"
                          HPOS="690"
                          CONTENT="etiam"/>
                  <SP HEIGHT="44" WIDTH="14" VPOS="551" HPOS="815"/>
                  <String HEIGHT="44" WIDTH="83" VPOS="551" HPOS="773" CONTENT="si"/>
                  <SP HEIGHT="44" WIDTH="14" VPOS="551" HPOS="856"/>
                  <String HEIGHT="44"
                          WIDTH="194"
                          VPOS="551"
                          HPOS="815"
                          CONTENT="concedamus"/>
                  <SP HEIGHT="44" WIDTH="14" VPOS="551" HPOS="1009"/>
                  <String HEIGHT="44"
                          WIDTH="111"
                          VPOS="551"
                          HPOS="967"
                          CONTENT="quod"/>
                  <SP HEIGHT="44" WIDTH="14" VPOS="551" HPOS="1078"/>
                  <String HEIGHT="44"
                          WIDTH="152"
                          VPOS="551"
                          HPOS="1037"
                          CONTENT="instans"/>
                  <SP HEIGHT="44" WIDTH="14" VPOS="551" HPOS="1189"/>
                  <String HEIGHT="44" WIDTH="69" VPOS="551" HPOS="1134" CONTENT="est"/>
               </TextLine>
               <TextLine ID="r2l33"
                         BASELINE="634"
                         HEIGHT="45"
                         WIDTH="500"
                         VPOS="589"
                         HPOS="707">
                  <String HEIGHT="45"
                          WIDTH="198"
                          VPOS="589"
                          HPOS="695"
                          CONTENT="indiuisibile,"/>
                  <SP HEIGHT="45" WIDTH="12" VPOS="589" HPOS="893"/>
                  <String HEIGHT="45"
                          WIDTH="105"
                          VPOS="589"
                          HPOS="858"
                          CONTENT="tamen"/>
                  <SP HEIGHT="45" WIDTH="12" VPOS="589" HPOS="963"/>
                  <String HEIGHT="45" WIDTH="81" VPOS="589" HPOS="928" CONTENT="non"/>
                  <SP HEIGHT="45" WIDTH="12" VPOS="589" HPOS="1009"/>
                  <String HEIGHT="45"
                          WIDTH="163"
                          VPOS="589"
                          HPOS="974"
                          CONTENT="concedemus"/>
                  <SP HEIGHT="45" WIDTH="12" VPOS="589" HPOS="1137"/>
                  <String HEIGHT="45"
                          WIDTH="93"
                          VPOS="589"
                          HPOS="1102"
                          CONTENT="quod"/>
                  <SP HEIGHT="45" WIDTH="12" VPOS="589" HPOS="1195"/>
                  <String HEIGHT="45" WIDTH="58" VPOS="589" HPOS="1149" CONTENT="est"/>
               </TextLine>
               <TextLine ID="r2l36"
                         BASELINE="680"
                         HEIGHT="52"
                         WIDTH="494"
                         VPOS="628"
                         HPOS="708">
                  <String HEIGHT="52"
                          WIDTH="124"
                          VPOS="628"
                          HPOS="694"
                          CONTENT="vnum,"/>
                  <SP HEIGHT="52" WIDTH="14" VPOS="628" HPOS="818"/>
                  <String HEIGHT="52" WIDTH="96" VPOS="628" HPOS="777" CONTENT="sed"/>
                  <SP HEIGHT="52" WIDTH="14" VPOS="628" HPOS="873"/>
                  <String HEIGHT="52"
                          WIDTH="110"
                          VPOS="628"
                          HPOS="832"
                          CONTENT="duo:"/>
                  <SP HEIGHT="52" WIDTH="14" VPOS="628" HPOS="941"/>
                  <String HEIGHT="52"
                          WIDTH="110"
                          VPOS="628"
                          HPOS="900"
                          CONTENT="vnum"/>
                  <SP HEIGHT="52" WIDTH="14" VPOS="628" HPOS="1010"/>
                  <String HEIGHT="52"
                          WIDTH="124"
                          VPOS="628"
                          HPOS="969"
                          CONTENT="finis"/>
                  <SP HEIGHT="52" WIDTH="14" VPOS="628" HPOS="1092"/>
                  <String HEIGHT="52"
                          WIDTH="165"
                          VPOS="628"
                          HPOS="1051"
                          CONTENT="pteriti,"/>
                  <SP HEIGHT="52" WIDTH="14" VPOS="628" HPOS="1216"/>
                  <String HEIGHT="52" WIDTH="41" VPOS="628" HPOS="1161" CONTENT="&amp;"/>
               </TextLine>
               <TextLine ID="r2l39"
                         BASELINE="717"
                         HEIGHT="51"
                         WIDTH="502"
                         VPOS="666"
                         HPOS="706">
                  <String HEIGHT="51"
                          WIDTH="154"
                          VPOS="666"
                          HPOS="693"
                          CONTENT="secundum"/>
                  <SP HEIGHT="51" WIDTH="13" VPOS="666" HPOS="848"/>
                  <String HEIGHT="51"
                          WIDTH="180"
                          VPOS="666"
                          HPOS="809"
                          CONTENT="principium"/>
                  <SP HEIGHT="51" WIDTH="13" VPOS="666" HPOS="989"/>
                  <String HEIGHT="51"
                          WIDTH="103"
                          VPOS="666"
                          HPOS="951"
                          CONTENT="erit"/>
                  <SP HEIGHT="51" WIDTH="13" VPOS="666" HPOS="1054"/>
                  <String HEIGHT="51"
                          WIDTH="142"
                          VPOS="666"
                          HPOS="1015"
                          CONTENT="futuri:"/>
                  <SP HEIGHT="51" WIDTH="13" VPOS="666" HPOS="1157"/>
                  <String HEIGHT="51" WIDTH="64" VPOS="666" HPOS="1118" CONTENT="&amp;"/>
                  <SP HEIGHT="51" WIDTH="13" VPOS="666" HPOS="1182"/>
                  <String HEIGHT="51"
                          WIDTH="77"
                          VPOS="666"
                          HPOS="1131"
                          CONTENT="ambo"/>
               </TextLine>
               <TextLine ID="r2l43"
                         BASELINE="753"
                         HEIGHT="49"
                         WIDTH="492"
                         VPOS="704"
                         HPOS="709">
                  <String HEIGHT="49"
                          WIDTH="109"
                          VPOS="704"
                          HPOS="695"
                          CONTENT="sunt"/>
                  <SP HEIGHT="49" WIDTH="14" VPOS="704" HPOS="805"/>
                  <String HEIGHT="49"
                          WIDTH="246"
                          VPOS="704"
                          HPOS="764"
                          CONTENT="indiuisibilia."/>
                  <SP HEIGHT="49" WIDTH="14" VPOS="704" HPOS="1010"/>
                  <String HEIGHT="49" WIDTH="96" VPOS="704" HPOS="969" CONTENT="Cum"/>
                  <SP HEIGHT="49" WIDTH="14" VPOS="704" HPOS="1064"/>
                  <String HEIGHT="49"
                          WIDTH="137"
                          VPOS="704"
                          HPOS="1023"
                          CONTENT="igitur"/>
                  <SP HEIGHT="49" WIDTH="14" VPOS="704" HPOS="1160"/>
                  <String HEIGHT="49"
                          WIDTH="96"
                          VPOS="704"
                          HPOS="1105"
                          CONTENT="appa"
                          SUBS_TYPE="HypPart1"
                          SUBS_CONTENT="apparet"/>
                  <HYP CONTENT="-"/>
               </TextLine>
               <TextLine ID="r2l45"
                         BASELINE="789"
                         HEIGHT="41"
                         WIDTH="492"
                         VPOS="748"
                         HPOS="713">
                  <String HEIGHT="41"
                          WIDTH="98"
                          VPOS="748"
                          HPOS="699"
                          CONTENT="ret"
                          SUBS_TYPE="HypPart2"
                          SUBS_CONTENT="apparet"/>
                  <SP HEIGHT="41" WIDTH="14" VPOS="748" HPOS="797"/>
                  <String HEIGHT="41"
                          WIDTH="112"
                          VPOS="748"
                          HPOS="755"
                          CONTENT="quod"/>
                  <SP HEIGHT="41" WIDTH="14" VPOS="748" HPOS="868"/>
                  <String HEIGHT="41" WIDTH="98" VPOS="748" HPOS="825" CONTENT="est"/>
                  <SP HEIGHT="41" WIDTH="14" VPOS="748" HPOS="924"/>
                  <String HEIGHT="41"
                          WIDTH="127"
                          VPOS="748"
                          HPOS="882"
                          CONTENT="vnum,"/>
                  <SP HEIGHT="41" WIDTH="14" VPOS="748" HPOS="1008"/>
                  <String HEIGHT="41"
                          WIDTH="225"
                          VPOS="748"
                          HPOS="966"
                          CONTENT="declarabitur"/>
                  <SP HEIGHT="41" WIDTH="14" VPOS="748" HPOS="1191"/>
                  <String HEIGHT="41" WIDTH="70" VPOS="748" HPOS="1135" CONTENT="cum"/>
               </TextLine>
               <TextLine ID="r2l48"
                         BASELINE="828"
                         HEIGHT="49"
                         WIDTH="486"
                         VPOS="779"
                         HPOS="713">
                  <String HEIGHT="49" WIDTH="74" VPOS="779" HPOS="702" CONTENT="hoc"/>
                  <SP HEIGHT="49" WIDTH="11" VPOS="779" HPOS="776"/>
                  <String HEIGHT="49" WIDTH="85" VPOS="779" HPOS="745" CONTENT="quod"/>
                  <SP HEIGHT="49" WIDTH="11" VPOS="779" HPOS="829"/>
                  <String HEIGHT="49" WIDTH="74" VPOS="779" HPOS="798" CONTENT="est"/>
                  <SP HEIGHT="49" WIDTH="11" VPOS="779" HPOS="871"/>
                  <String HEIGHT="49"
                          WIDTH="169"
                          VPOS="779"
                          HPOS="840"
                          CONTENT="indiuisibile"/>
                  <SP HEIGHT="49" WIDTH="11" VPOS="779" HPOS="1009"/>
                  <String HEIGHT="49"
                          WIDTH="127"
                          VPOS="779"
                          HPOS="977"
                          CONTENT="secundum"/>
                  <SP HEIGHT="49" WIDTH="11" VPOS="779" HPOS="1104"/>
                  <String HEIGHT="49"
                          WIDTH="137"
                          VPOS="779"
                          HPOS="1062"
                          CONTENT="dualitatem,"/>
               </TextLine>
               <TextLine ID="r2l51"
                         BASELINE="866"
                         HEIGHT="52"
                         WIDTH="494"
                         VPOS="814"
                         HPOS="715">
                  <String HEIGHT="52" WIDTH="102" VPOS="814" HPOS="700" CONTENT="Hoc"/>
                  <SP HEIGHT="52" WIDTH="15" VPOS="814" HPOS="802"/>
                  <String HEIGHT="52"
                          WIDTH="160"
                          VPOS="814"
                          HPOS="759"
                          CONTENT="igitur,"/>
                  <SP HEIGHT="52" WIDTH="15" VPOS="814" HPOS="918"/>
                  <String HEIGHT="52"
                          WIDTH="116"
                          VPOS="814"
                          HPOS="875"
                          CONTENT="quod"/>
                  <SP HEIGHT="52" WIDTH="15" VPOS="814" HPOS="991"/>
                  <String HEIGHT="52"
                          WIDTH="203"
                          VPOS="814"
                          HPOS="947"
                          CONTENT="declarauit"/>
                  <SP HEIGHT="52" WIDTH="15" VPOS="814" HPOS="1151"/>
                  <String HEIGHT="52"
                          WIDTH="102"
                          VPOS="814"
                          HPOS="1107"
                          CONTENT="hic"/>
                  <SP HEIGHT="52" WIDTH="15" VPOS="814" HPOS="1209"/>
                  <String HEIGHT="52" WIDTH="58" VPOS="814" HPOS="1151" CONTENT="de"/>
               </TextLine>
               <TextLine ID="r2l55"
                         BASELINE="899"
                         HEIGHT="47"
                         WIDTH="498"
                         VPOS="852"
                         HPOS="706">
                  <String HEIGHT="47"
                          WIDTH="255"
                          VPOS="852"
                          HPOS="694"
                          CONTENT="indinisibilitate,"/>
                  <SP HEIGHT="47" WIDTH="12" VPOS="852" HPOS="949"/>
                  <String HEIGHT="47" WIDTH="85" VPOS="852" HPOS="912" CONTENT="est"/>
                  <SP HEIGHT="47" WIDTH="12" VPOS="852" HPOS="998"/>
                  <String HEIGHT="47"
                          WIDTH="109"
                          VPOS="852"
                          HPOS="961"
                          CONTENT="aliud"/>
                  <SP HEIGHT="47" WIDTH="12" VPOS="852" HPOS="1070"/>
                  <String HEIGHT="47" WIDTH="73" VPOS="852" HPOS="1034" CONTENT="ab"/>
                  <SP HEIGHT="47" WIDTH="12" VPOS="852" HPOS="1107"/>
                  <String HEIGHT="47"
                          WIDTH="109"
                          VPOS="852"
                          HPOS="1070"
                          CONTENT="illo,"/>
                  <SP HEIGHT="47" WIDTH="12" VPOS="852" HPOS="1180"/>
                  <String HEIGHT="47"
                          WIDTH="73"
                          VPOS="852"
                          HPOS="1131"
                          CONTENT="quid"/>
               </TextLine>
               <TextLine ID="r2l58"
                         BASELINE="940"
                         HEIGHT="48"
                         WIDTH="498"
                         VPOS="892"
                         HPOS="711">
                  <String HEIGHT="48"
                          WIDTH="194"
                          VPOS="892"
                          HPOS="697"
                          CONTENT="declarauit"/>
                  <SP HEIGHT="48" WIDTH="14" VPOS="892" HPOS="891"/>
                  <String HEIGHT="48" WIDTH="83" VPOS="892" HPOS="849" CONTENT="in"/>
                  <SP HEIGHT="48" WIDTH="14" VPOS="892" HPOS="932"/>
                  <String HEIGHT="48"
                          WIDTH="166"
                          VPOS="892"
                          HPOS="891"
                          CONTENT="tempore,"/>
                  <SP HEIGHT="48" WIDTH="14" VPOS="892" HPOS="1057"/>
                  <String HEIGHT="48" WIDTH="69" VPOS="892" HPOS="1015" CONTENT="&amp;"/>
                  <SP HEIGHT="48" WIDTH="14" VPOS="892" HPOS="1085"/>
                  <String HEIGHT="48"
                          WIDTH="166"
                          VPOS="892"
                          HPOS="1043"
                          CONTENT="fundatur"/>
                  <SP HEIGHT="48" WIDTH="14" VPOS="892" HPOS="1209"/>
                  <String HEIGHT="48" WIDTH="55" VPOS="892" HPOS="1154" CONTENT="su"/>
               </TextLine>
               <TextLine ID="r2l61"
                         BASELINE="978"
                         HEIGHT="51"
                         WIDTH="498"
                         VPOS="927"
                         HPOS="715">
                  <String HEIGHT="51" WIDTH="100" VPOS="927" HPOS="701" CONTENT="per"/>
                  <SP HEIGHT="51" WIDTH="14" VPOS="927" HPOS="800"/>
                  <String HEIGHT="51" WIDTH="100" VPOS="927" HPOS="758" CONTENT="duo"/>
                  <SP HEIGHT="51" WIDTH="14" VPOS="927" HPOS="857"/>
                  <String HEIGHT="51"
                          WIDTH="213"
                          VPOS="927"
                          HPOS="815"
                          CONTENT="fundamenta:"/>
                  <SP HEIGHT="51" WIDTH="14" VPOS="927" HPOS="1028"/>
                  <String HEIGHT="51"
                          WIDTH="142"
                          VPOS="927"
                          HPOS="985"
                          CONTENT="quorum"/>
                  <SP HEIGHT="51" WIDTH="14" VPOS="927" HPOS="1128"/>
                  <String HEIGHT="51"
                          WIDTH="114"
                          VPOS="927"
                          HPOS="1085"
                          CONTENT="Vnum"/>
                  <SP HEIGHT="51" WIDTH="14" VPOS="927" HPOS="1199"/>
                  <String HEIGHT="51" WIDTH="71" VPOS="927" HPOS="1142" CONTENT="est"/>
               </TextLine>
               <TextLine ID="r2l64"
                         BASELINE="1008"
                         HEIGHT="43"
                         WIDTH="506"
                         VPOS="965"
                         HPOS="705">
                  <String HEIGHT="43" WIDTH="96" VPOS="965" HPOS="693" CONTENT="quod"/>
                  <SP HEIGHT="43" WIDTH="12" VPOS="965" HPOS="789"/>
                  <String HEIGHT="43"
                          WIDTH="133"
                          VPOS="965"
                          HPOS="753"
                          CONTENT="instans"/>
                  <SP HEIGHT="43" WIDTH="12" VPOS="965" HPOS="886"/>
                  <String HEIGHT="43" WIDTH="84" VPOS="965" HPOS="850" CONTENT="non"/>
                  <SP HEIGHT="43" WIDTH="12" VPOS="965" HPOS="934"/>
                  <String HEIGHT="43" WIDTH="84" VPOS="965" HPOS="898" CONTENT="est"/>
                  <SP HEIGHT="43" WIDTH="12" VPOS="965" HPOS="982"/>
                  <String HEIGHT="43" WIDTH="96" VPOS="965" HPOS="946" CONTENT="pars"/>
                  <SP HEIGHT="43" WIDTH="12" VPOS="965" HPOS="1042"/>
                  <String HEIGHT="43"
                          WIDTH="181"
                          VPOS="965"
                          HPOS="1006"
                          CONTENT="praeteriti,"/>
                  <SP HEIGHT="43" WIDTH="12" VPOS="965" HPOS="1187"/>
                  <String HEIGHT="43"
                          WIDTH="72"
                          VPOS="965"
                          HPOS="1139"
                          CONTENT="aut"
                          SUBS_TYPE="HypPart1"
                          SUBS_CONTENT="autfuturi:"/>
                  <HYP CONTENT="-"/>
               </TextLine>
               <TextLine ID="r2l66"
                         BASELINE="1052"
                         HEIGHT="51"
                         WIDTH="502"
                         VPOS="1001"
                         HPOS="706">
                  <String HEIGHT="51"
                          WIDTH="142"
                          VPOS="1001"
                          HPOS="693"
                          CONTENT="futuri:"
                          SUBS_TYPE="HypPart2"
                          SUBS_CONTENT="autfuturi:"/>
                  <SP HEIGHT="51" WIDTH="13" VPOS="1001" HPOS="835"/>
                  <String HEIGHT="51"
                          WIDTH="154"
                          VPOS="1001"
                          HPOS="796"
                          CONTENT="Secundum"/>
                  <SP HEIGHT="51" WIDTH="13" VPOS="1001" HPOS="951"/>
                  <String HEIGHT="51"
                          WIDTH="103"
                          VPOS="1001"
                          HPOS="912"
                          CONTENT="vero"/>
                  <SP HEIGHT="51" WIDTH="13" VPOS="1001" HPOS="1015"/>
                  <String HEIGHT="51" WIDTH="90" VPOS="1001" HPOS="976" CONTENT="est"/>
                  <SP HEIGHT="51" WIDTH="13" VPOS="1001" HPOS="1066"/>
                  <String HEIGHT="51"
                          WIDTH="103"
                          VPOS="1001"
                          HPOS="1028"
                          CONTENT="quod"/>
                  <SP HEIGHT="51" WIDTH="13" VPOS="1001" HPOS="1131"/>
                  <String HEIGHT="51"
                          WIDTH="129"
                          VPOS="1001"
                          HPOS="1079"
                          CONTENT="indiuisi"/>
               </TextLine>
               <TextLine ID="r2l68"
                         BASELINE="1083"
                         HEIGHT="44"
                         WIDTH="496"
                         VPOS="1039"
                         HPOS="709">
                  <String HEIGHT="44"
                          WIDTH="120"
                          VPOS="1039"
                          HPOS="694"
                          CONTENT="bile"/>
                  <SP HEIGHT="44" WIDTH="15" VPOS="1039" HPOS="814"/>
                  <String HEIGHT="44"
                          WIDTH="105"
                          VPOS="1039"
                          HPOS="769"
                          CONTENT="non"/>
                  <SP HEIGHT="44" WIDTH="15" VPOS="1039" HPOS="874"/>
                  <String HEIGHT="44"
                          WIDTH="225"
                          VPOS="1039"
                          HPOS="829"
                          CONTENT="continuatur"/>
                  <SP HEIGHT="44" WIDTH="15" VPOS="1039" HPOS="1055"/>
                  <String HEIGHT="44"
                          WIDTH="105"
                          VPOS="1039"
                          HPOS="1010"
                          CONTENT="cum"/>
                  <SP HEIGHT="44" WIDTH="15" VPOS="1039" HPOS="1115"/>
                  <String HEIGHT="44"
                          WIDTH="150"
                          VPOS="1039"
                          HPOS="1055"
                          CONTENT="iudiuisi"/>
               </TextLine>
               <TextLine ID="r2l70"
                         BASELINE="1125"
                         HEIGHT="49"
                         WIDTH="504"
                         VPOS="1076"
                         HPOS="707">
                  <String HEIGHT="49"
                          WIDTH="116"
                          VPOS="1076"
                          HPOS="694"
                          CONTENT="bili."/>
                  <SP HEIGHT="49" WIDTH="13" VPOS="1076" HPOS="810"/>
                  <String HEIGHT="49" WIDTH="90" VPOS="1076" HPOS="772" CONTENT="Et,"/>
                  <SP HEIGHT="49" WIDTH="13" VPOS="1076" HPOS="862"/>
                  <String HEIGHT="49" WIDTH="90" VPOS="1076" HPOS="823" CONTENT="cum"/>
                  <SP HEIGHT="49" WIDTH="13" VPOS="1076" HPOS="914"/>
                  <String HEIGHT="49"
                          WIDTH="155"
                          VPOS="1076"
                          HPOS="875"
                          CONTENT="narrauit"/>
                  <SP HEIGHT="49" WIDTH="13" VPOS="1076" HPOS="1030"/>
                  <String HEIGHT="49"
                          WIDTH="116"
                          VPOS="1076"
                          HPOS="991"
                          CONTENT="quod,"/>
                  <SP HEIGHT="49" WIDTH="13" VPOS="1076" HPOS="1108"/>
                  <String HEIGHT="49"
                          WIDTH="90"
                          VPOS="1076"
                          HPOS="1069"
                          CONTENT="cum"/>
                  <SP HEIGHT="49" WIDTH="13" VPOS="1076" HPOS="1159"/>
                  <String HEIGHT="49"
                          WIDTH="103"
                          VPOS="1076"
                          HPOS="1108"
                          CONTENT="istans"/>
               </TextLine>
               <TextLine ID="r2l72"
                         BASELINE="1162"
                         HEIGHT="45"
                         WIDTH="499"
                         VPOS="1117"
                         HPOS="706">
                  <String HEIGHT="45"
                          WIDTH="119"
                          VPOS="1117"
                          HPOS="694"
                          CONTENT="fuerit"/>
                  <SP HEIGHT="45" WIDTH="12" VPOS="1117" HPOS="813"/>
                  <String HEIGHT="45"
                          WIDTH="107"
                          VPOS="1117"
                          HPOS="777"
                          CONTENT="tale,"/>
                  <SP HEIGHT="45" WIDTH="12" VPOS="1117" HPOS="884"/>
                  <String HEIGHT="45"
                          WIDTH="131"
                          VPOS="1117"
                          HPOS="849"
                          CONTENT="necesse"/>
                  <SP HEIGHT="45" WIDTH="12" VPOS="1117" HPOS="979"/>
                  <String HEIGHT="45" WIDTH="83" VPOS="1117" HPOS="944" CONTENT="est"/>
                  <SP HEIGHT="45" WIDTH="12" VPOS="1117" HPOS="1027"/>
                  <String HEIGHT="45" WIDTH="71" VPOS="1117" HPOS="991" CONTENT="vt"/>
                  <SP HEIGHT="45" WIDTH="12" VPOS="1117" HPOS="1062"/>
                  <String HEIGHT="45"
                          WIDTH="83"
                          VPOS="1117"
                          HPOS="1027"
                          CONTENT="sit"/>
                  <SP HEIGHT="45" WIDTH="12" VPOS="1117" HPOS="1110"/>
                  <String HEIGHT="45"
                          WIDTH="107"
                          VPOS="1117"
                          HPOS="1074"
                          CONTENT="vnum,"/>
                  <SP HEIGHT="45" WIDTH="12" VPOS="1117" HPOS="1181"/>
                  <String HEIGHT="45"
                          WIDTH="83"
                          VPOS="1117"
                          HPOS="1146"
                          CONTENT="non"/>
                  <SP HEIGHT="45" WIDTH="12" VPOS="1117" HPOS="1229"/>
                  <String HEIGHT="45" WIDTH="24" VPOS="1117" HPOS="1181" CONTENT=""/>
               </TextLine>
               <TextLine ID="r2l74"
                         BASELINE="1195"
                         HEIGHT="45"
                         WIDTH="502"
                         VPOS="1150"
                         HPOS="705">
                  <String HEIGHT="45"
                          WIDTH="190"
                          VPOS="1150"
                          HPOS="691"
                          CONTENT="diuisibile"/>
                  <SP HEIGHT="45" WIDTH="14" VPOS="1150" HPOS="881"/>
                  <String HEIGHT="45" WIDTH="81" VPOS="1150" HPOS="841" CONTENT="in"/>
                  <SP HEIGHT="45" WIDTH="14" VPOS="1150" HPOS="922"/>
                  <String HEIGHT="45"
                          WIDTH="109"
                          VPOS="1150"
                          HPOS="881"
                          CONTENT="duo."/>
                  <SP HEIGHT="45" WIDTH="14" VPOS="1150" HPOS="990"/>
                  <String HEIGHT="45" WIDTH="95" VPOS="1150" HPOS="949" CONTENT="nam"/>
                  <SP HEIGHT="45" WIDTH="14" VPOS="1150" HPOS="1044"/>
                  <String HEIGHT="45"
                          WIDTH="190"
                          VPOS="1150"
                          HPOS="1003"
                          CONTENT="declaratum"/>
                  <SP HEIGHT="45" WIDTH="14" VPOS="1150" HPOS="1193"/>
                  <String HEIGHT="45"
                          WIDTH="68"
                          VPOS="1150"
                          HPOS="1139"
                          CONTENT="est"/>
               </TextLine>
               <TextLine ID="r2l76"
                         BASELINE="1242"
                         HEIGHT="53"
                         WIDTH="496"
                         VPOS="1189"
                         HPOS="714">
                  <String HEIGHT="53"
                          WIDTH="97"
                          VPOS="1189"
                          HPOS="702"
                          CONTENT="quod"/>
                  <SP HEIGHT="53" WIDTH="12" VPOS="1189" HPOS="799"/>
                  <String HEIGHT="53" WIDTH="73" VPOS="1189" HPOS="762" CONTENT="in"/>
                  <SP HEIGHT="53" WIDTH="12" VPOS="1189" HPOS="835"/>
                  <String HEIGHT="53" WIDTH="73" VPOS="1189" HPOS="799" CONTENT="se"/>
                  <SP HEIGHT="53" WIDTH="12" VPOS="1189" HPOS="871"/>
                  <String HEIGHT="53" WIDTH="85" VPOS="1189" HPOS="835" CONTENT="non"/>
                  <SP HEIGHT="53" WIDTH="12" VPOS="1189" HPOS="920"/>
                  <String HEIGHT="53" WIDTH="85" VPOS="1189" HPOS="883" CONTENT="est"/>
                  <SP HEIGHT="53" WIDTH="12" VPOS="1189" HPOS="968"/>
                  <String HEIGHT="53"
                          WIDTH="181"
                          VPOS="1189"
                          HPOS="932"
                          CONTENT="diuisibile."/>
                  <SP HEIGHT="53" WIDTH="12" VPOS="1189" HPOS="1113"/>
                  <String HEIGHT="53"
                          WIDTH="85"
                          VPOS="1189"
                          HPOS="1077"
                          CONTENT="sed"/>
                  <SP HEIGHT="53" WIDTH="12" VPOS="1189" HPOS="1162"/>
                  <String HEIGHT="53"
                          WIDTH="97"
                          VPOS="1189"
                          HPOS="1113"
                          CONTENT="quaeri"/>
               </TextLine>
               <TextLine ID="r2l78"
                         BASELINE="1279"
                         HEIGHT="50"
                         WIDTH="493"
                         VPOS="1229"
                         HPOS="713">
                  <String HEIGHT="50" WIDTH="99" VPOS="1229" HPOS="699" CONTENT="tur"/>
                  <SP HEIGHT="50" WIDTH="14" VPOS="1229" HPOS="798"/>
                  <String HEIGHT="50" WIDTH="99" VPOS="1229" HPOS="755" CONTENT="hic"/>
                  <SP HEIGHT="50" WIDTH="14" VPOS="1229" HPOS="854"/>
                  <String HEIGHT="50"
                          WIDTH="127"
                          VPOS="1229"
                          HPOS="812"
                          CONTENT="quare"/>
                  <SP HEIGHT="50" WIDTH="14" VPOS="1229" HPOS="938"/>
                  <String HEIGHT="50" WIDTH="99" VPOS="1229" HPOS="896" CONTENT="non"/>
                  <SP HEIGHT="50" WIDTH="14" VPOS="1229" HPOS="995"/>
                  <String HEIGHT="50"
                          WIDTH="183"
                          VPOS="1229"
                          HPOS="952"
                          CONTENT="diuiditur"/>
                  <SP HEIGHT="50" WIDTH="14" VPOS="1229" HPOS="1136"/>
                  <String HEIGHT="50" WIDTH="85" VPOS="1229" HPOS="1093" CONTENT="in"/>
                  <SP HEIGHT="50" WIDTH="14" VPOS="1229" HPOS="1178"/>
                  <String HEIGHT="50"
                          WIDTH="85"
                          VPOS="1229"
                          HPOS="1121"
                          CONTENT="duo."/>
               </TextLine>
               <TextLine ID="r2l80"
                         BASELINE="1306"
                         HEIGHT="37"
                         WIDTH="499"
                         VPOS="1269"
                         HPOS="710">
                  <String HEIGHT="37" WIDTH="64" VPOS="1269" HPOS="697" CONTENT="&amp;"/>
                  <SP HEIGHT="37" WIDTH="13" VPOS="1269" HPOS="761"/>
                  <String HEIGHT="37"
                          WIDTH="102"
                          VPOS="1269"
                          HPOS="723"
                          CONTENT="ideo"/>
                  <SP HEIGHT="37" WIDTH="13" VPOS="1269" HPOS="825"/>
                  <String HEIGHT="37"
                          WIDTH="154"
                          VPOS="1269"
                          HPOS="787"
                          CONTENT="incoepit"/>
                  <SP HEIGHT="37" WIDTH="13" VPOS="1269" HPOS="940"/>
                  <String HEIGHT="37"
                          WIDTH="166"
                          VPOS="1269"
                          HPOS="902"
                          CONTENT="declarare"/>
                  <SP HEIGHT="37" WIDTH="13" VPOS="1269" HPOS="1068"/>
                  <String HEIGHT="37"
                          WIDTH="102"
                          VPOS="1269"
                          HPOS="1030"
                          CONTENT="hoc,"/>
                  <SP HEIGHT="37" WIDTH="13" VPOS="1269" HPOS="1132"/>
                  <String HEIGHT="37" WIDTH="64" VPOS="1269" HPOS="1094" CONTENT="&amp;"/>
                  <SP HEIGHT="37" WIDTH="13" VPOS="1269" HPOS="1158"/>
                  <String HEIGHT="37"
                          WIDTH="102"
                          VPOS="1269"
                          HPOS="1107"
                          CONTENT="dixit."/>
               </TextLine>
               <TextLine ID="r2l82"
                         BASELINE="1356"
                         HEIGHT="54"
                         WIDTH="452"
                         VPOS="1302"
                         HPOS="752">
                  <String HEIGHT="54" WIDTH="90" VPOS="1302" HPOS="739" CONTENT="Nec"/>
                  <SP HEIGHT="54" WIDTH="13" VPOS="1302" HPOS="829"/>
                  <String HEIGHT="54"
                          WIDTH="103"
                          VPOS="1302"
                          HPOS="791"
                          CONTENT="esse"/>
                  <SP HEIGHT="54" WIDTH="13" VPOS="1302" HPOS="894"/>
                  <String HEIGHT="54"
                          WIDTH="116"
                          VPOS="1302"
                          HPOS="855"
                          CONTENT="estus"/>
                  <SP HEIGHT="54" WIDTH="13" VPOS="1302" HPOS="972"/>
                  <String HEIGHT="54"
                          WIDTH="129"
                          VPOS="1302"
                          HPOS="933"
                          CONTENT="igitut"/>
                  <SP HEIGHT="54" WIDTH="13" VPOS="1302" HPOS="1062"/>
                  <String HEIGHT="54"
                          WIDTH="103"
                          VPOS="1302"
                          HPOS="1023"
                          CONTENT="idem"/>
                  <SP HEIGHT="54" WIDTH="13" VPOS="1302" HPOS="1127"/>
                  <String HEIGHT="54"
                          WIDTH="103"
                          VPOS="1302"
                          HPOS="1088"
                          CONTENT="esse"/>
                  <SP HEIGHT="54" WIDTH="13" VPOS="1302" HPOS="1191"/>
                  <String HEIGHT="54"
                          WIDTH="65"
                          VPOS="1302"
                          HPOS="1139"
                          CONTENT="ip"
                          SUBS_TYPE="HypPart1"
                          SUBS_CONTENT="ipsum"/>
                  <HYP CONTENT="-"/>
               </TextLine>
               <TextLine ID="r2l84"
                         BASELINE="1396"
                         HEIGHT="47"
                         WIDTH="497"
                         VPOS="1349"
                         HPOS="709">
                  <String HEIGHT="47"
                          WIDTH="105"
                          VPOS="1349"
                          HPOS="694"
                          CONTENT="sum"
                          SUBS_TYPE="HypPart2"
                          SUBS_CONTENT="ipsum"/>
                  <SP HEIGHT="47" WIDTH="15" VPOS="1349" HPOS="799"/>
                  <String HEIGHT="47"
                          WIDTH="136"
                          VPOS="1349"
                          HPOS="754"
                          CONTENT="nunc,"/>
                  <SP HEIGHT="47" WIDTH="15" VPOS="1349" HPOS="890"/>
                  <String HEIGHT="47"
                          WIDTH="120"
                          VPOS="1349"
                          HPOS="845"
                          CONTENT="quid"/>
                  <SP HEIGHT="47" WIDTH="15" VPOS="1349" HPOS="965"/>
                  <String HEIGHT="47"
                          WIDTH="166"
                          VPOS="1349"
                          HPOS="920"
                          CONTENT="vltimum"/>
                  <SP HEIGHT="47" WIDTH="15" VPOS="1349" HPOS="1086"/>
                  <String HEIGHT="47"
                          WIDTH="181"
                          VPOS="1349"
                          HPOS="1025"
                          CONTENT="vtrorumque"/>
               </TextLine>
               <TextLine ID="r2l86"
                         BASELINE="1435"
                         HEIGHT="47"
                         WIDTH="484"
                         VPOS="1388"
                         HPOS="708">
                  <String HEIGHT="47"
                          WIDTH="176"
                          VPOS="1388"
                          HPOS="693"
                          CONTENT="temporum"/>
                  <SP HEIGHT="47" WIDTH="15" VPOS="1388" HPOS="869"/>
                  <String HEIGHT="47"
                          WIDTH="117"
                          VPOS="1388"
                          HPOS="825"
                          CONTENT="est."/>
                  <SP HEIGHT="47" WIDTH="15" VPOS="1388" HPOS="943"/>
                  <String HEIGHT="47" WIDTH="88" VPOS="1388" HPOS="899" CONTENT="Si"/>
                  <SP HEIGHT="47" WIDTH="15" VPOS="1388" HPOS="987"/>
                  <String HEIGHT="47"
                          WIDTH="117"
                          VPOS="1388"
                          HPOS="943"
                          CONTENT="enim"/>
                  <SP HEIGHT="47" WIDTH="15" VPOS="1388" HPOS="1060"/>
                  <String HEIGHT="47"
                          WIDTH="161"
                          VPOS="1388"
                          HPOS="1016"
                          CONTENT="alterum"/>
                  <SP HEIGHT="47" WIDTH="15" VPOS="1388" HPOS="1177"/>
                  <String HEIGHT="47"
                          WIDTH="73"
                          VPOS="1388"
                          HPOS="1119"
                          CONTENT="est"/>
               </TextLine>
               <TextLine ID="r2l88"
                         BASELINE="1474"
                         HEIGHT="43"
                         WIDTH="501"
                         VPOS="1431"
                         HPOS="710">
                  <String HEIGHT="43"
                          WIDTH="236"
                          VPOS="1431"
                          HPOS="695"
                          CONTENT="consequenter"/>
                  <SP HEIGHT="43" WIDTH="15" VPOS="1431" HPOS="931"/>
                  <String HEIGHT="43"
                          WIDTH="103"
                          VPOS="1431"
                          HPOS="887"
                          CONTENT="non"/>
                  <SP HEIGHT="43" WIDTH="15" VPOS="1431" HPOS="990"/>
                  <String HEIGHT="43"
                          WIDTH="118"
                          VPOS="1431"
                          HPOS="946"
                          CONTENT="erit"/>
                  <SP HEIGHT="43" WIDTH="15" VPOS="1431" HPOS="1064"/>
                  <String HEIGHT="43"
                          WIDTH="162"
                          VPOS="1431"
                          HPOS="1019"
                          CONTENT="alterum"/>
                  <SP HEIGHT="43" WIDTH="15" VPOS="1431" HPOS="1182"/>
                  <String HEIGHT="43"
                          WIDTH="88"
                          VPOS="1431"
                          HPOS="1123"
                          CONTENT="alte"/>
               </TextLine>
               <TextLine ID="r2l90"
                         BASELINE="1514"
                         HEIGHT="45"
                         WIDTH="498"
                         VPOS="1469"
                         HPOS="708">
                  <String HEIGHT="45"
                          WIDTH="109"
                          VPOS="1469"
                          HPOS="692"
                          CONTENT="ri,"/>
                  <SP HEIGHT="45" WIDTH="16" VPOS="1469" HPOS="801"/>
                  <String HEIGHT="45"
                          WIDTH="202"
                          VPOS="1469"
                          HPOS="755"
                          CONTENT="propterea"/>
                  <SP HEIGHT="45" WIDTH="16" VPOS="1469" HPOS="957"/>
                  <String HEIGHT="45"
                          WIDTH="125"
                          VPOS="1469"
                          HPOS="910"
                          CONTENT="quod"/>
                  <SP HEIGHT="45" WIDTH="16" VPOS="1469" HPOS="1035"/>
                  <String HEIGHT="45"
                          WIDTH="202"
                          VPOS="1469"
                          HPOS="988"
                          CONTENT="continuum"/>
                  <SP HEIGHT="45" WIDTH="16" VPOS="1469" HPOS="1190"/>
                  <String HEIGHT="45"
                          WIDTH="78"
                          VPOS="1469"
                          HPOS="1128"
                          CONTENT="non"/>
               </TextLine>
               <TextLine ID="r2l92"
                         BASELINE="1555"
                         HEIGHT="43"
                         WIDTH="503"
                         VPOS="1512"
                         HPOS="708">
                  <String HEIGHT="43" WIDTH="98" VPOS="1512" HPOS="694" CONTENT="est"/>
                  <SP HEIGHT="43" WIDTH="14" VPOS="1512" HPOS="792"/>
                  <String HEIGHT="43" WIDTH="84" VPOS="1512" HPOS="750" CONTENT="ex"/>
                  <SP HEIGHT="43" WIDTH="14" VPOS="1512" HPOS="834"/>
                  <String HEIGHT="43"
                          WIDTH="265"
                          VPOS="1512"
                          HPOS="792"
                          CONTENT="impartibilibus."/>
                  <SP HEIGHT="43" WIDTH="14" VPOS="1512" HPOS="1057"/>
                  <String HEIGHT="43" WIDTH="84" VPOS="1512" HPOS="1015" CONTENT="si"/>
                  <SP HEIGHT="43" WIDTH="14" VPOS="1512" HPOS="1099"/>
                  <String HEIGHT="43"
                          WIDTH="126"
                          VPOS="1512"
                          HPOS="1057"
                          CONTENT="autem"/>
                  <SP HEIGHT="43" WIDTH="14" VPOS="1512" HPOS="1183"/>
                  <String HEIGHT="43"
                          WIDTH="84"
                          VPOS="1512"
                          HPOS="1127"
                          CONTENT="seor"/>
               </TextLine>
               <TextLine ID="r2l94"
                         BASELINE="1601"
                         HEIGHT="44"
                         WIDTH="500"
                         VPOS="1557"
                         HPOS="708">
                  <String HEIGHT="44"
                          WIDTH="100"
                          VPOS="1557"
                          HPOS="694"
                          CONTENT="sum"/>
                  <SP HEIGHT="44" WIDTH="14" VPOS="1557" HPOS="794"/>
                  <String HEIGHT="44"
                          WIDTH="100"
                          VPOS="1557"
                          HPOS="751"
                          CONTENT="est"/>
                  <SP HEIGHT="44" WIDTH="14" VPOS="1557" HPOS="851"/>
                  <String HEIGHT="44"
                          WIDTH="186"
                          VPOS="1557"
                          HPOS="808"
                          CONTENT="vtrumque."/>
                  <SP HEIGHT="44" WIDTH="14" VPOS="1557" HPOS="994"/>
                  <String HEIGHT="44"
                          WIDTH="129"
                          VPOS="1557"
                          HPOS="951"
                          CONTENT="inter"/>
                  <SP HEIGHT="44" WIDTH="14" VPOS="1557" HPOS="1079"/>
                  <String HEIGHT="44" WIDTH="86" VPOS="1557" HPOS="1037" CONTENT="ea"/>
                  <SP HEIGHT="44" WIDTH="14" VPOS="1557" HPOS="1122"/>
                  <String HEIGHT="44"
                          WIDTH="114"
                          VPOS="1557"
                          HPOS="1079"
                          CONTENT="erit"/>
                  <SP HEIGHT="44" WIDTH="14" VPOS="1557" HPOS="1194"/>
                  <String HEIGHT="44"
                          WIDTH="71"
                          VPOS="1557"
                          HPOS="1137"
                          CONTENT="tem"/>
               </TextLine>
               <TextLine ID="r2l96"
                         BASELINE="1646"
                         HEIGHT="49"
                         WIDTH="498"
                         VPOS="1597"
                         HPOS="708">
                  <String HEIGHT="49"
                          WIDTH="102"
                          VPOS="1597"
                          HPOS="695"
                          CONTENT="pus,"/>
                  <SP HEIGHT="49" WIDTH="13" VPOS="1597" HPOS="797"/>
                  <String HEIGHT="49"
                          WIDTH="102"
                          VPOS="1597"
                          HPOS="759"
                          CONTENT="omne"/>
                  <SP HEIGHT="49" WIDTH="13" VPOS="1597" HPOS="861"/>
                  <String HEIGHT="49"
                          WIDTH="102"
                          VPOS="1597"
                          HPOS="823"
                          CONTENT="enim"/>
                  <SP HEIGHT="49" WIDTH="13" VPOS="1597" HPOS="925"/>
                  <String HEIGHT="49"
                          WIDTH="166"
                          VPOS="1597"
                          HPOS="887"
                          CONTENT="continuam"/>
                  <SP HEIGHT="49" WIDTH="13" VPOS="1597" HPOS="1053"/>
                  <String HEIGHT="49"
                          WIDTH="166"
                          VPOS="1597"
                          HPOS="1014"
                          CONTENT="huiusmodi"/>
                  <SP HEIGHT="49" WIDTH="13" VPOS="1597" HPOS="1180"/>
                  <String HEIGHT="49"
                          WIDTH="77"
                          VPOS="1597"
                          HPOS="1129"
                          CONTENT="est."/>
               </TextLine>
               <TextLine ID="r2l98"
                         BASELINE="1682"
                         HEIGHT="45"
                         WIDTH="503"
                         VPOS="1637"
                         HPOS="710">
                  <String HEIGHT="45" WIDTH="94" VPOS="1637" HPOS="694" CONTENT="vt"/>
                  <SP HEIGHT="45" WIDTH="16" VPOS="1637" HPOS="789"/>
                  <String HEIGHT="45"
                          WIDTH="173"
                          VPOS="1637"
                          HPOS="741"
                          CONTENT="aliquid"/>
                  <SP HEIGHT="45" WIDTH="16" VPOS="1637" HPOS="914"/>
                  <String HEIGHT="45"
                          WIDTH="110"
                          VPOS="1637"
                          HPOS="867"
                          CONTENT="sit"/>
                  <SP HEIGHT="45" WIDTH="16" VPOS="1637" HPOS="977"/>
                  <String HEIGHT="45"
                          WIDTH="189"
                          VPOS="1637"
                          HPOS="930"
                          CONTENT="vniuocum"/>
                  <SP HEIGHT="45" WIDTH="16" VPOS="1637" HPOS="1119"/>
                  <String HEIGHT="45"
                          WIDTH="141"
                          VPOS="1637"
                          HPOS="1072"
                          CONTENT="inter"/>
                  <SP HEIGHT="45" WIDTH="16" VPOS="1637" HPOS="1213"/>
                  <String HEIGHT="45" WIDTH="63" VPOS="1637" HPOS="1150" CONTENT="fi"/>
               </TextLine>
               <TextLine ID="r2l100"
                         BASELINE="1722"
                         HEIGHT="38"
                         WIDTH="512"
                         VPOS="1684"
                         HPOS="707">
                  <String HEIGHT="38"
                          WIDTH="137"
                          VPOS="1684"
                          HPOS="690"
                          CONTENT="nes."/>
                  <SP HEIGHT="38" WIDTH="17" VPOS="1684" HPOS="826"/>
                  <String HEIGHT="38" WIDTH="102" VPOS="1684" HPOS="775" CONTENT="At"/>
                  <SP HEIGHT="38" WIDTH="17" VPOS="1684" HPOS="878"/>
                  <String HEIGHT="38"
                          WIDTH="154"
                          VPOS="1684"
                          HPOS="826"
                          CONTENT="vero,"/>
                  <SP HEIGHT="38" WIDTH="17" VPOS="1684" HPOS="980"/>
                  <String HEIGHT="38" WIDTH="102" VPOS="1684" HPOS="929" CONTENT="si"/>
                  <SP HEIGHT="38" WIDTH="17" VPOS="1684" HPOS="1031"/>
                  <String HEIGHT="38"
                          WIDTH="171"
                          VPOS="1684"
                          HPOS="980"
                          CONTENT="tempus"/>
                  <SP HEIGHT="38" WIDTH="17" VPOS="1684" HPOS="1151"/>
                  <String HEIGHT="38"
                          WIDTH="137"
                          VPOS="1684"
                          HPOS="1082"
                          CONTENT="medium"/>
               </TextLine>
               <TextLine ID="r2l102"
                         BASELINE="1770"
                         HEIGHT="51"
                         WIDTH="509"
                         VPOS="1719"
                         HPOS="706">
                  <String HEIGHT="51"
                          WIDTH="107"
                          VPOS="1719"
                          HPOS="693"
                          CONTENT="est,"/>
                  <SP HEIGHT="51" WIDTH="13" VPOS="1719" HPOS="800"/>
                  <String HEIGHT="51"
                          WIDTH="188"
                          VPOS="1719"
                          HPOS="760"
                          CONTENT="diuisibile"/>
                  <SP HEIGHT="51" WIDTH="13" VPOS="1719" HPOS="947"/>
                  <String HEIGHT="51"
                          WIDTH="121"
                          VPOS="1719"
                          HPOS="907"
                          CONTENT="erit."/>
                  <SP HEIGHT="51" WIDTH="13" VPOS="1719" HPOS="1027"/>
                  <String HEIGHT="51"
                          WIDTH="107"
                          VPOS="1719"
                          HPOS="987"
                          CONTENT="omne"/>
                  <SP HEIGHT="51" WIDTH="13" VPOS="1719" HPOS="1094"/>
                  <String HEIGHT="51"
                          WIDTH="107"
                          VPOS="1719"
                          HPOS="1054"
                          CONTENT="enim"/>
                  <SP HEIGHT="51" WIDTH="13" VPOS="1719" HPOS="1161"/>
                  <String HEIGHT="51"
                          WIDTH="107"
                          VPOS="1719"
                          HPOS="1108"
                          CONTENT="tempus"/>
               </TextLine>
               <TextLine ID="r2l103"
                         BASELINE="1802"
                         HEIGHT="45"
                         WIDTH="502"
                         VPOS="1757"
                         HPOS="710">
                  <String HEIGHT="45"
                          WIDTH="183"
                          VPOS="1757"
                          HPOS="695"
                          CONTENT="ostensum"/>
                  <SP HEIGHT="45" WIDTH="15" VPOS="1757" HPOS="877"/>
                  <String HEIGHT="45"
                          WIDTH="106"
                          VPOS="1757"
                          HPOS="832"
                          CONTENT="est"/>
                  <SP HEIGHT="45" WIDTH="15" VPOS="1757" HPOS="938"/>
                  <String HEIGHT="45"
                          WIDTH="122"
                          VPOS="1757"
                          HPOS="893"
                          CONTENT="quod"/>
                  <SP HEIGHT="45" WIDTH="15" VPOS="1757" HPOS="1014"/>
                  <String HEIGHT="45"
                          WIDTH="213"
                          VPOS="1757"
                          HPOS="969"
                          CONTENT="diuisibile"/>
                  <SP HEIGHT="45" WIDTH="15" VPOS="1757" HPOS="1182"/>
                  <String HEIGHT="45"
                          WIDTH="91"
                          VPOS="1757"
                          HPOS="1121"
                          CONTENT="sit."/>
               </TextLine>
               <TextLine ID="r2l105"
                         BASELINE="1858"
                         HEIGHT="56"
                         WIDTH="511"
                         VPOS="1802"
                         HPOS="704">
                  <String HEIGHT="56"
                          WIDTH="139"
                          VPOS="1802"
                          HPOS="689"
                          CONTENT="quare"/>
                  <SP HEIGHT="56" WIDTH="15" VPOS="1802" HPOS="828"/>
                  <String HEIGHT="56"
                          WIDTH="217"
                          VPOS="1802"
                          HPOS="781"
                          CONTENT="diuisibile"/>
                  <SP HEIGHT="56" WIDTH="15" VPOS="1802" HPOS="998"/>
                  <String HEIGHT="56"
                          WIDTH="124"
                          VPOS="1802"
                          HPOS="952"
                          CONTENT="erit"/>
                  <SP HEIGHT="56" WIDTH="15" VPOS="1802" HPOS="1076"/>
                  <String HEIGHT="56"
                          WIDTH="139"
                          VPOS="1802"
                          HPOS="1029"
                          CONTENT="ipsum"/>
                  <SP HEIGHT="56" WIDTH="15" VPOS="1802" HPOS="1169"/>
                  <String HEIGHT="56"
                          WIDTH="108"
                          VPOS="1802"
                          HPOS="1107"
                          CONTENT="nunce"/>
               </TextLine>
            </TextBlock>
         </PrintSpace>
      </Page>
   </Layout>
</alto>
