1416 2066
170 180 110 54 secundum
252 180 73 54 quod
298 180 100 54 apparet
371 180 82 54 etiam
425 180 64 54 hic
462 180 110 54 scilicet
544 180 73 54 quod
590 180 82 54 motus
635 180 55 54 loca

177 221 92 53 lis
229 221 171 53 praecedit
361 221 223 53 essentialiter
531 221 158 53 generatio-

182 261 93 49 nem.
241 261 93 49 D.d.
299 261 70 49 v.
334 261 70 49 g.
368 261 93 49 quod
427 261 151 49 generans,
543 261 81 49 &c.
589 261 70 49 i.
613 261 81 49 sicut

189 299 126 41 inuenitur
286 299 58 41 in
315 299 136 41 animalibus
422 299 155 41 generantibus
548 299 116 41 scilicet
635 299 77 41 quod

177 339 140 51 gignens
279 339 89 51 est
330 339 115 51 causa
407 339 128 51 geniti
496 339 128 51 perper
573 339 115 51 transla

185 374 127 52 tionem.
278 374 58 52 &
301 374 69 52 d.
335 374 92 52 hoc,
393 374 92 52 quia
450 374 161 52 manifestum
577 374 81 52 est
623 374 92 52 quod

180 413 189 53 translatio
328 413 176 53 gignentis
463 413 176 53 praecedit
585 413 95 53 gene-

183 460 163 39 rationem
305 460 122 39 suam:
387 460 190 39 translatio
536 460 122 39 aute,
604 460 81 39 quae

175 485 191 55 praecedit
322 485 235 55 generationem
514 485 103 55 non
558 485 132 55 gignen-

187 526 136 52 tium,
277 526 106 52 est
338 526 211 52 translatio
504 526 136 52 mundi
579 526 106 52 magni

184 565 184 47 generans
322 565 153 47 totum,
429 565 77 47 &
459 565 214 47 conseruans
612 565 77 47 ip-

182 605 114 38 sum.
253 605 85 38 &,
296 605 100 38 cum
353 605 100 38 ita
409 605 114 38 sit,
481 605 199 38 manifestum
623 605 71 38 est

186 640 97 47 quod
247 640 170 47 translatio
380 640 85 47 est
429 640 158 47 posterior
550 640 73 47 in
575 640 121 47 animali-

183 684 177 41 generato
316 684 118 41 motu
389 684 236 41 generationis
581 684 103 41 per
625 684 59 41 ac

182 712 136 42 cidens.
280 712 62 42 &
305 712 99 42 ideo
367 712 74 42 d.
404 712 111 42 post.
477 712 86 42 Et,
527 712 74 42 si
564 712 86 42 non
601 712 86 42 esset

186 752 93 42 ita,
245 752 82 42 &c.
291 752 70 42 i.
326 752 93 42 nisi
384 752 163 42 translatio
512 752 175 42 praecederet
640 752 47 42 de

182 792 210 42 lecessitate
350 792 224 42 generationem
518 792 168 42 gignentis,

184 833 101 45 tunc
247 833 214 45 existimaretur
423 833 101 45 quod
486 833 163 45 generatio
599 833 88 45 esset

181 864 128 49 primus
271 864 140 49 motuum.
373 864 140 49 quoniam
475 864 140 49 apparet
577 864 77 49 in
603 864 89 49 istis

191 906 107 47 quod
257 906 174 47 generatio
391 906 94 47 est
445 906 134 47 primus
538 906 134 47 motuum
632 906 80 47 in

185 940 105 39 eis.
251 940 184 39 D.iterauit
395 940 92 39 hoc
448 940 211 39 confirmando,
619 940 66 39 &
632 940 53 39 d.

185 981 85 49 sed
233 981 109 49 licet
306 981 109 49 dispo
379 981 85 49 sit
428 981 109 49 talis
501 981 73 49 in
537 981 170 49 indiuiduo,

183 1021 88 37 &c.
234 1021 76 37 i.
272 1021 88 37 sed
322 1021 114 37 licet
398 1021 88 37 hoc
449 1021 139 37 accidat
550 1021 76 37 in
575 1021 114 37 indiui-

191 1053 83 45 duo
239 1053 131 45 istorum
334 1053 202 45 generabilium,
501 1053 107 45 tamen
572 1053 83 45 non
608 1053 83 45 acci-

181 1101 85 43 dit
229 1101 85 43 hoc
278 1101 73 43 in
314 1101 133 43 omnibus
411 1101 218 43 generabilibus.
592 1101 73 43 i.
616 1101 73 43 quda

181 1130 183 53 declaratum
325 1130 91 53 est
377 1130 104 53 quod
442 1130 117 53 motus
520 1130 144 53 localis
612 1130 65 53 pce

182 1169 91 42 dit
234 1169 194 42 naturaliter
389 1169 117 42 motum
467 1169 220 42 generationis,
648 1169 65 42 &

191 1212 94 44 quod
250 1212 130 44 necesse
345 1212 83 44 est
392 1212 71 44 vt
427 1212 94 44 ante
486 1212 189 44 generationem
628 1212 59 44 sit

185 1245 118 38 aliquid
271 1245 150 38 translatum
389 1245 64 38 ex
421 1245 75 38 se.
463 1245 64 38 &,
495 1245 64 38 si
528 1245 86 38 non,
581 1245 75 38 non
613 1245 75 38 esset

183 1283 108 47 gnatio
259 1283 119 47 omnino.
346 1283 65 47 Si
378 1283 108 47 igitur
454 1283 87 47 omne
509 1283 152 47 translatum
628 1283 65 47 ex
650 1283 43 47 se

167 1317 118 53 Isset
246 1317 183 53 generatum,
390 1317 105 53 tunc
455 1317 170 53 generatum
573 1317 118 53 haberet

184 1365 120 37 causas
268 1365 168 37 infinitas.
400 1365 180 37 contingeret
545 1365 96 37 enim
605 1365 72 37 vt
629 1365 60 37 au-

184 1397 73 40 te
220 1397 171 40 translatum
355 1397 85 40 per
403 1397 85 40 se,
452 1397 110 40 esset
525 1397 110 40 aliud
586 1397 98 40 trans-

187 1436 115 38 latum
264 1436 90 38 per
315 1436 90 38 se,
367 1436 64 38 &
392 1436 90 38 sic
443 1436 77 38 in
482 1436 179 38 infinitum.
610 1436 77 38 D.d.

194 1473 60 48 &
218 1473 109 48 etiam
291 1473 109 48 istud
363 1473 109 48 habet
435 1473 109 48 aliud
508 1473 109 48 prius
580 1473 109 48 ipso.
641 1473 48 48 1.

187 1513 55 42 &
209 1513 121 42 necesse
297 1513 77 42 est
340 1513 66 42 vt
373 1513 99 42 istud
439 1513 99 42 motum
505 1513 131 42 scilicet
592 1513 88 42 trans-

188 1549 112 49 latum
262 1549 75 49 ex
299 1549 75 49 se
337 1549 87 49 non
387 1549 187 49 generabile,
536 1549 112 49 neque
598 1549 87 49 corru

191 1583 147 50 ptibile
298 1583 134 50 habeat
391 1583 147 50 aliquid
499 1583 121 50 prius
579 1583 121 50 ipso:
646 1583 40 50 &

191 1620 91 46 est
243 1620 130 46 illud,
334 1620 104 46 quid
399 1620 117 46 mouet
476 1620 130 46 ipsum,
567 1620 65 46 &
593 1620 91 46 non
632 1620 52 46 mo

189 1658 131 48 uetur.
281 1658 105 48 D.d.
346 1658 92 48 Et,
399 1658 105 48 quia
465 1658 197 48 impossibile
609 1658 79 48 est,

192 1694 92 44 &c.
244 1694 79 44 i.
284 1694 79 44 &,
323 1694 105 44 quia
389 1694 197 44 impossibile
547 1694 92 44 est
599 1694 79 44 vt
625 1694 66 44 mo-

193 1739 94 46 tus
246 1739 214 46 generationis
420 1739 94 46 sit
473 1739 120 46 prior
553 1739 147 46 natura,
647 1739 40 46 &

190 1772 129 46 tempore
284 1772 106 46 aliis
355 1772 141 46 motibus.
461 1772 141 46 quoniam,
566 1772 71 46 si
602 1772 82 46 ita
637 1772 47 46 es

195 1811 84 48 set,
247 1811 84 48 tunc
299 1811 84 48 mota
352 1811 63 48 ex
383 1811 63 48 se
415 1811 126 48 scilicet
509 1811 63 48 in
540 1811 84 48 loco
593 1811 94 48 omnia
645 1811 42 48 es

708 180 108 52 sent
775 180 202 52 generabilia
936 180 67 52 &
963 180 242 52 corruptibilia.
1165 180 81 52 &.
1192 180 40 52 I

707 217 81 53 si
747 217 94 53 ita
801 217 134 53 esset,
895 217 94 53 non
948 217 201 53 inueniretur
1096 217 121 53 genera-

707 253 127 45 bile,
791 253 70 45 &
819 253 239 45 corruptibile,
1016 253 84 45 vt
1044 253 169 45 declaratum

708 293 103 46 est.
772 293 103 46 D.d.
836 293 179 46 manifestum
977 293 103 46 est,
1042 293 90 46 &c.
1093 293 77 46 i.
1131 293 77 46 &,
1157 293 64 46 cum

706 333 183 49 generatio
847 333 98 49 non
903 333 98 49 sit
959 333 141 49 prior,
1043 333 169 49 manifestum

715 366 91 51 est
767 366 104 51 quod
832 366 130 51 nullus
923 366 143 51 aliorum
1026 366 143 51 motuum,
1130 366 91 51 qui
1169 366 52 51 se

706 414 147 42 quuntur
813 414 228 42 generationem,
1001 414 107 42 pont
1068 414 107 42 esse
1121 414 94 42 prior

716 445 122 49 natura,
805 445 55 49 &
827 445 133 49 tempore,
927 445 133 49 scilicet
1026 445 100 49 motus
1082 445 133 49 alteratio-

704 483 110 39 nis,
773 483 69 39 &
801 483 234 39 diminutionis,
993 483 69 39 &
1007 483 206 39 corruptionis.

712 520 137 54 quoniam
811 520 162 54 generatio
935 520 149 54 pEecedit
1047 520 112 54 istos
1110 520 99 54 motus,

709 558 84 54 Et
751 558 237 54 consyderandum
946 558 98 54 est
1002 558 153 54 quomodo
1099 558 112 54 genena

708 597 79 51 tio
753 597 125 51 pecedit
844 597 102 51 istos
912 597 113 51 motus.
991 597 91 51 Omne
1047 597 91 51 enim
1104 597 91 51 quod
1149 597 57 51 ge-

709 636 133 38 neratur
806 636 145 38 secundum
915 636 158 38 opinionem
1036 636 121 38 Arist.
1109 636 109 38 neceste

707 673 96 41 est
762 673 82 41 vt
803 673 191 41 alteretur:
953 673 68 41 &
981 673 82 41 ex
1022 673 96 41 hoc
1063 673 150 41 existima-

706 712 87 50 tur
755 712 99 50 quod
817 712 161 50 alteratio
941 712 136 50 pecedit
1028 712 186 50 generationem.

702 749 95 52 Sed,
762 749 95 52 quia
821 749 83 52 nos
868 749 131 52 videmus
964 749 95 52 quod
1023 749 107 52 omne,
1094 749 95 52 quod
1142 749 71 52 alte

704 788 136 50 ratur,
800 788 109 50 ante
868 788 109 50 fuit
936 788 191 50 generatum,
1086 788 68 50 &
1114 788 82 50 ex
1141 788 68 50 hoc

703 823 165 42 existimatur
835 823 88 42 quod
890 823 154 42 dispositio
1010 823 66 42 in
1043 823 99 42 istis
1109 823 77 42 est
1142 823 66 42 cir-

703 868 160 44 cularis,
822 868 66 44 &
849 868 106 44 quod
915 868 133 44 neuter
1009 868 146 44 istorum
1102 868 106 44 motuum

706 900 116 46 pcedit
788 900 139 46 alterum,
892 900 128 46 quomodo
985 900 116 46 igitur
1067 900 105 46 dixit
1125 900 81 46 Arif.

706 941 101 43 quod
769 941 164 43 generatio
896 941 139 43 pecedit
997 941 114 43 alios
1072 941 114 43 motus
1135 941 76 43 prae

706 980 95 47 ter
761 980 164 47 localem:
884 980 150 47 quoniam
993 980 82 47 in
1034 980 177 47 augmento,
1170 980 68 47 &

700 1018 247 46 diminutione,
900 1018 77 46 &
931 1018 232 46 corruptione
1101 1018 108 46 mani-

708 1053 129 50 festum
798 1053 90 50 est
850 1053 90 50 eos
902 1053 103 50 esse
966 1053 193 50 posteriores
1108 1053 103 50 genera

706 1093 107 46 tione.
781 1093 75 46 Et,
824 1093 64 46 si
856 1093 96 46 etiam
920 1093 75 46 non
963 1093 139 46 inuenitur
1069 1093 64 46 in
1101 1093 96 46 istis
1155 1093 53 46 pro

707 1128 98 51 prium
772 1128 120 51 prioris
859 1128 130 51 secundum
957 1128 130 51 naturam.
1055 1128 87 51 omne
1109 1128 87 51 enim
1153 1128 43 51 ge

707 1165 165 52 nerabile
831 1165 96 52 est
886 1165 233 52 augmentabile,
1078 1165 69 52 &
1092 1165 124 52 diminui

704 1205 116 51 bile,
781 1205 64 51 &
807 1205 219 51 corruptibile,
988 1205 64 51 &
1014 1205 103 51 omne
1065 1205 142 51 augmenta-

700 1243 123 48 bile,
782 1243 96 48 aut
837 1243 233 48 corruptibile,
1029 1243 96 48 aut
1070 1243 137 48 diminui-

713 1287 81 46 bile
763 1287 71 46 est
804 1287 151 46 generabile.
925 1287 111 46 Dicamus
1005 1287 111 46 igitur,
1086 1287 81 46 quod
1126 1287 81 46 consy-

705 1318 147 49 deratio
812 1318 161 49 prioris,
932 1318 67 49 &
959 1318 201 49 posterioris
1119 1318 80 49 in
1146 1318 67 49 hoc

704 1357 96 51 loco
764 1357 96 51 est,
824 1357 108 51 sicut
895 1357 191 51 consyderatio
1039 1357 167 51 prioritatis,

710 1395 57 48 &
732 1395 218 48 posterioritatis
916 1395 69 48 in
951 1395 195 48 pedicamentis,
1100 1395 103 48 iquibus

707 1430 74 44 em
744 1430 123 44 motus.
829 1430 172 44 Substantia
964 1430 98 44 enim
1025 1430 98 44 quia
1087 1430 86 44 est
1123 1430 86 44 prior

704 1469 177 45 naturaliter
846 1469 141 45 caeteris
952 1469 189 45 pdicamentis:
1093 1469 118 45 quoniam,

704 1508 88 39 cum
755 1508 163 39 aufertur,
880 1508 176 39 auferuntur
1019 1508 101 39 alia
1069 1508 138 39 praedica-

706 1544 141 51 menta:
805 1544 85 51 &,
847 1544 99 51 cum
903 1544 155 51 fuerit,
1016 1544 99 51 non
1059 1544 155 51 sequitur,

715 1581 63 50 vt
747 1581 84 50 sint
800 1581 84 50 alia
852 1581 189 50 praedicamenta,
1010 1581 126 50 secundum
1105 1581 84 50 quod
1147 1581 63 50 sub-

706 1621 142 48 stantia
810 1621 91 48 est
861 1621 117 48 prior
939 1621 104 48 eis:
1004 1621 65 48 &
1030 1621 91 48 si,
1069 1621 142 48 sequitur,

712 1658 82 41 vt
753 1658 109 41 sint
822 1658 82 41 in
863 1658 191 41 substantia
1013 1658 82 41 ex
1054 1658 137 41 natura
1136 1658 68 41 ma-

709 1693 149 56 teriae,
817 1693 68 56 &
844 1693 135 56 ocipce
938 1693 135 56 natura
1019 1693 189 56 quantitatis:

709 1729 172 56 manifestum
844 1729 86 56 est
893 1729 98 56 quod
954 1729 86 56 via
1003 1729 74 56 ad
1040 1729 98 56 esse
1089 1729 123 56 substan-

702 1772 96 46 tiae
762 1772 84 46 est
810 1772 108 46 prior
882 1772 84 46 via
930 1772 72 46 ad
967 1772 96 46 esse
1027 1772 132 46 aliorum
1111 1772 96 46 praedi

703 1813 201 53 camentorum.
863 1813 80 53 Et
903 1813 174 53 intelligo
1037 1813 94 53 per
1091 1813 107 53 viam
1144 1813 67 53 mo
