1416 2066
166 173 168 55 quoniam
288 173 138 55 scire
380 173 168 55 aliquid
502 173 122 55 esse
579 173 107 55 cum
625 173 76 55 sua

186 216 110 42 causa
259 216 97 42 erit
320 216 134 42 certius
417 216 158 42 scientia,
539 216 97 42 quae
600 216 85 42 est
648 216 73 42 in

178 255 128 51 sensu
263 255 156 51 tantum.
377 255 99 51 Et,
433 255 99 51 cum
490 255 128 51 dixit
575 255 114 51 quod
632 255 71 51 hoc

184 292 96 53 non
239 292 137 53 tantum
335 292 151 53 apparet
445 292 137 53 sensu,
541 292 96 53 sed
582 292 123 53 ratione

185 333 92 37 vi.
238 333 251 37 demonstratione,
449 333 171 37 incoepit,
580 333 66 37 &
594 333 105 37 dixit:

177 370 79 41 Et
216 370 92 41 hoc
269 370 92 41 est
321 370 183 41 principium
465 370 144 41 illius,
570 370 92 41 &c.
622 370 79 41 i.
662 370 66 41 &

191 405 95 46 quia
250 405 71 46 in
286 405 83 46 his
333 405 119 46 duobus
416 405 130 46 motibus
511 405 142 46 scilicet
606 405 83 46 recto

189 444 57 47 &
211 444 125 47 ressexo
302 444 91 47 sunt
359 444 102 47 tria,
428 444 137 47 scilicet
530 444 171 47 principium,
667 444 57 47 &

181 485 143 44 medium,
285 485 65 44 &
311 485 91 44 est
363 485 130 44 illud,
455 485 91 44 ond
507 485 91 44 est
559 485 117 44 inter
624 485 78 44 duos

181 525 153 38 motus:
288 525 76 38 &
318 525 137 38 istud
410 525 153 38 medium
517 525 107 38 est
578 525 122 38 vnum
639 525 61 38 nu

185 564 113 39 mero,
260 564 63 39 &
285 564 88 39 duo
335 564 150 39 ratione:
447 564 138 39 necesse
547 564 88 39 est
597 564 75 39 vt
622 564 75 39 iste

187 596 123 45 motus
269 596 109 45 sint
338 596 109 45 duo.
406 596 123 45 motus
488 596 109 45 enim
543 596 150 45 continuus

179 645 104 37 non
239 645 134 37 habet
328 645 164 37 medium,
447 645 119 37 quod
522 645 104 37 sit
582 645 119 37 vnum
641 645 60 37 nu

185 669 91 45 mero
241 669 136 45 scilicet
343 669 68 45 in
377 669 102 45 actu,
446 669 79 45 sed
491 669 147 45 potentia.
604 669 68 45 D.
627 669 68 45 indu

184 712 96 42 xit
239 712 124 42 aliam
322 712 248 42 declarationem,
528 712 69 42 &
556 712 138 42 dixit:
638 712 55 42 Et

186 756 82 45 est
233 756 106 45 etiam
304 756 118 45 illud,
386 756 94 45 quid
445 756 82 45 est
492 756 71 45 in
527 756 153 45 potentia,
633 756 59 45 &c.

185 789 86 48 i.
228 789 71 48 &
256 789 114 48 omne
328 789 129 48 motum
413 789 129 48 super
499 789 143 48 lineam
585 789 114 48 rectam

185 829 158 38 secundum
303 829 105 38 quod
369 829 144 38 mouetur
474 829 118 38 super
553 829 118 38 ipsam
618 829 79 38 motu

182 861 144 46 finito,
286 861 183 46 necessario
430 861 170 46 describit
560 861 78 46 in
600 861 78 46 ea
626 861 65 46 duo

189 909 112 44 puncta
267 909 67 44 in
301 909 89 44 actu
357 909 134 44 scilicet
457 909 134 44 punctum,
558 909 67 44 ex
591 909 78 44 quo
636 909 78 44 mo¬

193 948 134 43 uetur,
286 948 67 43 &
313 948 161 43 punctum,
433 948 80 43 ad
474 948 107 43 quod
540 948 161 43 mouetur:
661 948 67 43 &

186 987 140 31 nullum
284 987 154 31 punctum
396 987 182 31 describit
536 987 84 31 in
578 987 112 31 actu
634 987 56 31 in

189 1014 92 44 tet
242 1014 106 44 haec
308 1014 92 44 duo
360 1014 145 44 puncta,
466 1014 106 44 nisi
519 1014 171 44 quiesceret,

185 1055 134 43 medio.
278 1055 67 43 &
305 1055 94 43 hoc
359 1055 201 43 intendebat,
520 1055 94 43 cum
573 1055 134 43 dixit:
654 1055 40 43 &

186 1097 99 41 non
242 1097 99 41 est
299 1097 85 41 in
341 1097 127 41 actu,
426 1097 99 41 &c.
482 1097 85 41 i.
525 1097 71 41 &
553 1097 127 41 motum
623 1097 71 41 non

188 1132 181 51 describit
327 1132 153 51 punctum
439 1132 84 51 in
481 1132 112 51 actu
551 1132 125 51 inter
620 1132 70 51 duo

183 1174 144 46 puncta,
288 1174 118 46 inter
366 1174 105 46 quae
432 1174 157 46 mouetur,
550 1174 105 46 nisi
602 1174 92 46 diui-

186 1212 127 49 serit
271 1212 240 49 magnitudinem,
468 1212 127 49 super
553 1212 113 49 quam
609 1212 85 49 moue

191 1248 106 42 tur,
257 1248 66 42 &
283 1248 172 42 quieuerit
416 1248 79 42 in
456 1248 132 42 medio.
548 1248 79 42 Si
575 1248 119 42 igitur,

190 1291 192 43 reuertatur
341 1291 82 43 in
382 1291 110 43 motu
451 1291 82 43 ad
492 1291 192 43 contrariam
629 1291 69 43 par

194 1325 105 50 tem,
260 1325 66 50 a
286 1325 92 50 qua
339 1325 184 50 mouebatur,
483 1325 105 50 tunc
549 1325 145 50 punctus
641 1325 53 50 me

189 1365 111 37 dius,
263 1365 99 37 quem
325 1365 161 37 describit
448 1365 74 37 in
485 1365 111 37 actu,
559 1365 99 37 erit
609 1365 86 37 prin-

188 1400 114 52 cipium
268 1400 114 52 motus,
347 1400 57 52 &
370 1400 114 52 finis.
450 1400 91 52 erit
507 1400 91 52 enim
564 1400 103 52 finis
621 1400 69 52 pri-

185 1440 85 49 mi
227 1440 142 49 motus,
327 1440 71 49 &
356 1440 114 49 prin
427 1440 142 49 cipium
526 1440 157 49 secundi
626 1440 71 49 mo-

188 1480 107 34 tus.
255 1480 80 34 Et
295 1480 94 34 hoc
348 1480 201 34 intendebat,
509 1480 94 34 cum
563 1480 134 34 dixit:
657 1480 67 34 &

191 1516 92 39 non
243 1516 92 39 est
296 1516 78 39 in
335 1516 118 39 actu,
413 1516 92 39 &c.
466 1516 78 39 i.
505 1516 65 39 &
531 1516 157 39 incoepit
636 1516 52 39 mo

193 1551 121 53 ueri.
273 1551 81 53 i.
314 1551 81 53 ad
354 1551 188 53 contratiam
502 1551 134 53 partem
596 1551 94 53 ei,
636 1551 54 53 ad

185 1598 120 44 quam
260 1598 209 44 mouebatur.
424 1598 120 44 D.d.
499 1598 120 44 tunc
559 1598 134 44 igitur,

186 1630 138 50 medius
283 1630 151 50 punctus
393 1630 110 50 erit
461 1630 206 50 principium,
626 1630 69 50 &
640 1630 55 50 fi

191 1669 98 50 nis.
252 1669 74 50 i.
289 1669 98 50 tunc
350 1669 123 50 igitur
436 1669 135 50 punctus
534 1669 135 50 medius,
620 1669 74 50 quem

192 1709 168 37 describit
322 1709 78 37 in
360 1709 117 37 actu,
438 1709 104 37 erit
503 1709 194 37 principium,
658 1709 65 37 &

192 1745 131 48 finis.
284 1745 66 48 &
310 1745 105 48 siue
376 1745 118 48 motum
455 1745 171 48 quieuerit
586 1745 79 48 in
612 1745 79 48 pum-

187 1784 107 35 cto
248 1784 138 35 medio
340 1784 153 35 deinde
448 1784 184 35 reuersum
586 1784 107 35 est
632 1784 61 35 ad

192 1821 113 53 motum
267 1821 75 53 ad
304 1821 188 53 contrarium.
454 1821 125 53 illius
542 1821 138 53 partis,
629 1821 75 53 aut

710 180 163 47 quieuerit
836 180 75 47 in
873 180 100 47 fine
936 180 138 47 spatii,
1036 180 125 47 deinde
1123 180 125 47 reuner
1198 180 38 47 l

715 223 96 41 sum
770 223 96 41 est
825 223 83 41 ad
867 223 193 41 contrarium
1018 223 138 41 illius
1101 223 124 41 partis,

716 262 170 48 describit
847 262 131 48 igitur
939 262 144 48 punctum
1044 262 79 48 in
1083 262 118 48 actu,
1148 262 79 48 quod

716 301 79 37 est
761 301 169 37 principium,
896 301 56 37 &
919 301 102 37 finis
987 301 124 37 insimu,
1077 301 135 37 scilicet
1167 301 68 37 prin

713 334 147 54 cipium
816 334 177 54 postremi
949 334 147 54 motus,
1052 334 74 54 &
1082 334 133 54 finis
1155 334 74 54 pri

714 372 105 46 mi.
774 372 105 46 Et,
834 372 105 46 cum
894 372 135 46 dixit
985 372 105 46 hoc
1045 372 135 46 dedit
1120 372 105 46 exem-

721 418 98 41 plum,
787 418 55 41 &
808 418 109 41 dixit:
885 418 65 41 V:
917 418 65 41 g.
950 418 76 41 &c.
994 418 65 41 i.
1027 418 65 41 v.
1059 418 65 41 g.
1092 418 109 41 ponere
1158 418 65 41 quod

714 453 176 38 Amoueatur
850 453 95 38 ex.
904 453 68 38 c
931 453 81 38 ad
971 453 81 38 p,
1012 453 68 38 &
1039 453 162 38 quiescit
1160 453 81 38 in
1187 453 41 38 i

714 486 105 44 ilicet
787 486 84 44 quod
839 486 94 44 facit
902 486 63 44 pr
933 486 84 44 esse
985 486 115 44 punctum
1069 486 63 44 in
1101 486 94 44 actu,
1163 486 63 44 de
1184 486 42 44 in

710 520 89 51 de
755 520 178 51 reuersum
888 520 119 51 est,
962 520 74 51 &
992 520 163 51 mouetur
1110 520 89 51 ex
1155 520 74 51 i
1170 520 59 51 ad

712 565 78 52 c,
751 565 103 52 tunc
815 565 129 52 igitur
906 565 90 52 per
958 565 103 52 erit
1022 565 116 52 finis
1100 565 116 52 primi
1164 565 65 52 mo-

708 612 115 30 tus,
779 612 72 30 &
808 612 201 30 principium
966 612 172 30 secundi.
1095 612 115 30 D.d.
1152 612 72 30 cum

711 644 107 38 autem
783 644 131 38 mouetur
878 644 143 38 secundum
985 644 226 38 continuationem,
1163 644 60 38 &c.

716 679 56 51 i
738 679 56 51 &
761 679 112 51 illud,
839 679 90 51 quid
896 679 124 51 mouetur
986 679 146 51 continue,
1087 679 146 51 impossibile

713 724 90 44 est
764 724 77 44 vt
803 724 205 44 superponatur
970 724 141 44 alicui,
1072 724 64 44 &
1098 724 77 44 vt
1123 724 103 44 separe

717 758 86 49 tur
766 758 74 49 ab
803 758 86 49 eo.
852 758 136 49 quoniam
951 758 99 49 tale
1012 758 86 49 est
1062 758 111 49 super
1123 758 99 49 magni-

713 791 144 52 tudinem
818 791 79 52 in
857 791 158 52 tempore.
976 791 144 52 quoniam
1081 791 144 52 diuidit
1172 791 53 52 ma

716 829 200 54 gnitudinem
873 829 86 54 in
916 829 129 54 actu.
1001 829 71 54 &
1030 829 114 54 ideo
1087 829 143 54 quiescit

713 870 198 45 necessario
869 870 128 45 inter
954 870 113 45 duos
1025 870 142 45 motus,
1124 870 71 45 &
1152 870 99 45 non

715 909 75 38 in
753 909 163 38 instanti.
879 909 63 38 &
904 909 126 38 illud,
992 909 101 38 quod
1055 909 88 38 est
1092 909 126 38 continui

711 949 155 37 motus,
819 949 108 37 est
881 949 139 37 super
974 949 248 37 magnitudinem
1159 949 62 37 in

715 986 154 49 instanti,
834 986 83 49 non
881 986 71 49 in
917 986 107 49 tpere
988 986 130 49 omnino.
1083 986 95 49 D.d.
1142 986 59 49 &
1166 986 83 49 in¬

716 1020 114 41 stans
793 1020 89 41 non
843 1020 153 41 diuidit.
958 1020 76 41 i.
996 1020 64 41 &
1022 1020 127 41 motum,
1111 1020 89 41 cum
1149 1020 76 41 fue-

710 1061 89 50 rit
761 1061 76 50 in
799 1061 165 50 instanti,
926 1061 89 50 non
977 1061 140 50 diuidit
1066 1061 153 50 magnitudi-

709 1089 92 49 nem
762 1089 79 49 in
801 1089 119 49 actu.
881 1089 106 49 D.d.
947 1089 79 49 Si
986 1089 132 49 igitur
1079 1089 145 49 aliquis
1171 1089 53 49 po

712 1136 136 53 suerit,
811 1136 87 53 &c.
860 1136 74 53 i.
897 1136 74 53 si
934 1136 124 53 igitur
1021 1136 136 53 aliquis
1107 1136 124 53 posuerit

712 1174 111 46 quod
781 1174 152 46 aliquod
892 1174 125 46 motum
976 1174 139 46 fuerit
1073 1174 125 46 super
1142 1174 83 46 ali-

708 1213 108 47 quid
776 1213 81 47 in
817 1213 122 47 actu,
898 1213 135 47 deinde
992 1213 176 47 separetur
1127 1213 81 47 ab
1154 1213 68 47 eo,

708 1251 109 50 tunc
776 1251 177 50 continget
912 1251 190 50 necessario
1062 1251 82 50 vt
1089 1251 136 50 quiescat

715 1287 73 49 in
751 1287 109 49 illo.
824 1287 109 49 Deide
897 1287 109 49 dedit
970 1287 146 49 rationem
1079 1287 109 49 super
1140 1287 73 49 hoc,

708 1326 114 45 quod
779 1326 100 45 est
836 1326 186 45 conuersum
979 1326 157 45 positi,
1093 1326 71 45 &
1122 1326 143 45 dixit:

712 1365 164 51 impossibile
843 1365 77 51 est
887 1365 87 51 enim
942 1365 66 51 vt
974 1365 55 51 A
996 1365 77 51 sit
1040 1365 120 51 insimul
1128 1365 66 51 in
1160 1365 66 51 n,
1182 1365 33 51 &

715 1403 149 49 separatum
829 1403 69 49 ab
863 1403 80 49 eo.
909 1403 69 49 i.
943 1403 57 49 &
966 1403 80 49 hoc
1012 1403 92 49 fuit
1069 1403 92 49 ita.
1115 1403 103 49 quoniam

711 1443 192 39 impossibile
865 1443 90 39 est
916 1443 77 39 vt
954 1443 115 39 motum
1031 1443 90 39 sit
1082 1443 77 39 in
1108 1443 115 39 extremo

716 1476 231 54 magnitudinis,
907 1476 136 54 deinde
1002 1476 177 54 separetur
1138 1476 82 54 ab
1165 1476 54 54 eo

704 1517 85 37 ad
746 1517 198 37 contrarium
901 1517 141 37 illius
1000 1517 155 37 partis,
1113 1517 85 37 ad
1141 1517 85 37 quam

712 1561 152 45 mouebatur
829 1561 70 45 in
865 1561 82 45 vno
911 1561 141 45 istanti.
1017 1561 70 45 v.
1052 1561 70 45 g.
1087 1561 94 45 quod
1134 1561 82 45 Aiuit

710 1588 76 46 ex
748 1588 89 46 enr
799 1588 76 46 ad
837 1588 76 46 c,
876 1588 64 46 &
901 1588 102 46 fuit
965 1588 114 46 super
1041 1588 76 46 c,
1079 1588 127 46 deinde
1155 1588 64 46 mo-

714 1637 116 33 uetur
791 1637 77 33 ab
830 1637 77 33 eo
868 1637 77 33 ad
907 1637 90 33 per
958 1637 77 33 in
997 1637 90 33 vno
1048 1637 167 33 instanti.
1164 1637 51 33 D.

714 1669 74 38 d.
751 1669 99 38 eroo
812 1669 86 38 hoc
862 1669 99 38 erit
924 1669 74 38 in
961 1669 124 38 duobus
1047 1669 161 38 prfinctis
1158 1669 62 38 di-

710 1697 124 50 uersis.
800 1697 67 50 i.
833 1697 67 50 &,
867 1697 79 50 cum
912 1697 112 50 fuerit
990 1697 168 50 impossibile
1125 1697 67 50 vt
1148 1697 67 50 ali-

710 1743 112 55 quod
780 1743 127 55 motum
865 1743 98 55 sit
921 1743 127 55 super
1005 1743 169 55 exrremum
1118 1743 98 55 alicu

707 1783 102 51 ius
766 1783 247 51 magnitudinis,
969 1783 73 51 &
998 1783 218 51 reffectatur
1158 1783 58 51 ab

710 1820 72 46 eo
746 1820 72 46 in
782 1820 108 46 eodem
854 1820 72 46 in
890 1820 156 46 instanti,
1009 1820 96 46 tunc
1069 1820 144 46 instans,
1165 1820 48 46 in
