1416 2066
200 180 90 55 At
245 180 120 55 vero
320 180 150 55 neque,
425 180 90 55 si
470 180 165 55 doctio,
590 180 75 55 &
605 180 120 55 disci-

207 226 132 52 plina
295 226 117 52 sint
369 226 132 52 idem,
457 226 73 52 &
486 226 176 52 discere,
618 226 73 52 &
633 226 88 52 doce

203 268 78 54 re
242 268 104 54 idem
307 268 130 54 erunt.
398 268 130 54 sicuti
489 268 130 54 neque,
580 268 78 54 si
606 268 117 54 spatium

212 309 113 45 vnum
283 309 198 45 distantium
439 309 113 45 fit,
509 309 71 45 &
538 309 156 45 distare
637 309 85 45 hino

207 356 133 46 illuc,
300 356 67 46 &
327 356 133 46 illinc
420 356 93 46 huc
474 356 120 46 vnum,
554 356 80 46 et
594 356 107 46 idem
647 356 80 46 est.

260 396 84 62 Et
302 396 84 62 no
344 396 98 62 est
401 396 127 62 etiam
485 396 155 62 necesse
597 396 84 62 vt
626 396 98 62 doces

208 445 103 65 sit
267 445 192 65 addiscens
415 445 133 65 omne,
504 445 74 65 &
533 445 89 65 no
577 445 103 65 est
622 445 103 65 impro

210 493 139 53 babile
308 493 84 53 vt
350 493 139 53 actio,
447 493 70 53 &
475 493 139 53 passio
573 493 112 53 sint
628 493 98 53 idem,

211 541 100 61 non
268 541 114 61 ita,
339 541 114 61 quod
410 541 171 61 quiditas
538 541 114 61 earu
609 541 100 61 sit
652 541 71 61 ea-

212 588 114 63 dem,
283 588 86 63 vt
326 588 157 63 tunica,
440 588 71 63 &
468 588 157 63 vestis,
582 588 100 63 sed
625 588 100 63 sicut

214 639 124 52 via
285 639 106 52 de
338 639 141 52 Asia
426 639 106 52 ad
479 639 212 52 Athenas,
638 639 88 52 &
655 639 71 52 de

215 690 167 51 Athenis
336 690 91 51 ad
382 690 152 51 Asiam.
488 690 106 51 non
549 690 121 51 enim
610 690 121 51 omnia,

217 740 114 64 quae
288 740 114 64 sunt
360 740 143 64 eorum,
460 740 114 64 quae
531 740 171 64 dicuntur
645 740 86 64 esse

223 797 132 45 vnum,
311 797 118 45 sunt
385 797 132 45 vnum,
473 797 103 45 sed
532 797 118 45 sunt
605 797 88 45 in
635 797 88 45 eis,

213 836 149 62 quorum
318 836 179 62 quiditas
452 836 105 62 est
512 836 149 62 eadem.
601 836 120 62 Neque,

207 885 107 64 est
268 885 168 64 necesse
390 885 137 64 etiam
481 885 91 64 vt
527 885 198 64 doctrina,
679 885 76 64 &

216 933 186 62 disciplina
362 933 107 62 sint
429 933 133 62 eadem,
522 933 120 62 neque
602 933 80 62 vt
628 933 107 62 disci-

214 980 145 67 plina
311 980 113 67 sit
375 980 210 67 doctrina.
521 980 210 67 quemadmodum

211 1029 141 61 spatiu
309 1029 127 61 inter
394 1029 112 61 duo,
464 1029 112 61 siue
534 1029 197 61 accipiatur
675 1029 56 61 de

212 1077 92 53 hoc
264 1077 79 53 ad
304 1077 105 53 hoc,
369 1077 92 53 aut
422 1077 79 53 de
461 1077 92 53 hoc
514 1077 79 53 ad
553 1077 105 53 hoc,
619 1077 66 53 e
632 1077 92 53 idem.

252 1125 89 49 Et
297 1125 104 49 non
356 1125 178 49 sequitur
489 1125 89 49 ex
534 1125 118 49 hoc,
608 1125 118 49 quod
667 1125 59 49 po

216 1165 144 50 suimus,
321 1165 105 50 quod
386 1165 118 50 actio
465 1165 157 50 motoris,
583 1165 66 50 &
609 1165 105 50 moti
661 1165 66 50 est

220 1205 139 51 eadem,
317 1205 83 51 vt
359 1205 139 51 docens
456 1205 166 51 addiscat
581 1205 125 51 omne,
650 1205 83 51 quod

219 1245 124 49 docet,
305 1245 124 49 quando
392 1245 124 49 docet.
479 1245 87 49 non
529 1245 99 49 enim
591 1245 87 49 est
628 1245 99 49 impro-

217 1283 149 39 babile,
326 1283 81 39 vt
366 1283 176 39 doctrina,
501 1283 68 39 &
528 1283 203 39 disciplina,
690 1283 68 39 &

219 1321 164 54 vniversaler
350 1321 109 54 actio,
426 1321 55 54 &
448 1321 109 54 passio
525 1321 164 54 significent
645 1321 76 54 idem,

201 1361 95 49 non
256 1361 122 49 sicut
337 1361 149 49 tunica,
445 1361 68 49 &
473 1361 136 49 vestis
554 1361 176 49 significant

216 1404 93 51 idem
274 1404 139 51 secundum
378 1404 174 51 quiditatem,
517 1404 81 51 sed
552 1404 162 51 intelligimus

219 1440 63 42 &
245 1440 139 42 dicimus
346 1440 88 42 hoc
396 1440 101 42 quod
459 1440 139 42 passio,
560 1440 63 42 &
585 1440 114 42 actio
648 1440 76 42 sunt

223 1481 88 43 idem
278 1481 132 43 secundum
377 1481 154 43 subiectum,
497 1481 55 43 &
519 1481 77 43 duo
563 1481 132 43 secundum
651 1481 77 43 defi-

214 1518 192 46 nitionem,
362 1518 133 46 sicut
450 1518 103 46 est
510 1518 103 46 via
569 1518 89 46 de
613 1518 118 46 Asia
672 1518 59 46 ad

218 1558 186 44 Athenas,
358 1558 78 44 &
389 1558 93 44 ab
436 1558 186 44 Atlienis
576 1558 93 44 ad
607 1558 124 44 Asiam.

218 1597 99 45 via
274 1597 113 45 enim
345 1597 99 45 est
402 1597 141 45 eadem,
501 1597 99 45 sed
557 1597 85 45 in
586 1597 141 45 respectu

219 1637 120 53 vnius
299 1637 161 53 regionis
419 1637 147 53 dicitur
526 1637 174 53 ascensus,
660 1637 67 53 &
673 1637 54 53 in

218 1676 158 51 respectu
336 1676 158 51 alterius
454 1676 184 51 descensus,
599 1676 79 51 vt
625 1676 92 51 dixi-

218 1716 111 52 mus
282 1716 206 52 superius.
440 1716 127 52 D.d.
519 1716 111 52 non
582 1716 127 52 enim
646 1716 79 52 om-

220 1757 99 46 nia,
282 1757 87 46 &c.
331 1757 124 46 idest,
418 1757 62 46 &
443 1757 112 46 illud
518 1757 186 46 inopinabile
654 1757 75 46 com.

215 1798 150 49 tingit,
324 1798 109 49 quia
392 1798 95 49 non
447 1798 123 49 omne,
529 1798 82 49 de
570 1798 95 49 quo
610 1798 123 49 dicitur

216 1831 93 45 hoc
269 1831 120 45 nomen
349 1831 120 45 vnum,
428 1831 146 45 dicitur
535 1831 80 45 de
575 1831 80 45 eo
601 1831 133 45 secundum

219 1870 107 44 hoc,
285 1870 107 44 quod
352 1870 160 44 quiditas
472 1870 93 44 sit
526 1870 134 44 eadem,
619 1870 80 44 vt
646 1870 80 44 vnum

741 180 139 46 dicitur
842 180 76 46 de
880 180 139 46 tunica,
981 180 63 46 &
1007 180 126 46 veste.
1095 180 63 46 &
1120 180 101 46 quod
1184 180 76 46 d.
1221 180 63 46 &
1234 180 38 46 I

746 222 99 45 esse
807 222 124 45 omnium
894 222 124 45 rerum,
981 222 148 45 secundum
1092 222 99 45 quod
1141 222 124 45 dicitur,

739 263 102 43 eas
798 263 116 43 esse
870 263 131 43 vnum,
957 263 102 43 non
1015 263 102 43 est
1073 263 116 43 quod
1131 263 131 43 habeans

743 302 106 44 vnam
809 302 199 44 quiditatem.
969 302 106 44 D.d.
1035 302 93 44 sed
1088 302 93 44 hoc
1141 302 106 44 est,
1195 302 66 44 &c.

746 342 116 45 idest
823 342 90 45 sed
875 342 103 45 ista
939 342 154 45 intentio
1055 342 77 45 de
1094 342 90 45 vno
1145 342 90 45 non
1197 342 90 45 in

745 388 173 40 uenitur,
875 388 116 40 nisi
947 388 87 40 in
990 388 145 40 rebus,
1092 388 145 40 quarum
1178 388 87 40 qui-

741 420 118 46 ditas
820 420 92 46 est
872 420 131 46 eadem.
964 420 118 46 neque
1042 420 157 46 sequitur
1160 420 79 46 ex
1186 420 79 46 hoc,

740 456 110 50 quod
809 456 179 50 posuimus,
947 456 110 50 quod
1015 456 124 50 actio
1098 456 165 50 motoris,
1222 456 69 50 &

746 495 103 51 moti
810 495 90 51 est
862 495 116 51 eadem
939 495 154 51 secundum
1054 495 180 51 subiectum,
1183 495 77 51 hoc,

741 534 110 48 quod
810 534 179 48 doctrina,
948 534 69 48 &
975 534 193 48 disciplina
1126 534 110 48 sint
1181 534 83 48 idem

738 573 147 45 secundum
848 573 208 45 definitionem,
1020 573 110 45 neque
1093 573 98 45 quod
1142 573 123 45 doctrina

745 613 92 54 sit
798 613 198 54 disciplina:
956 613 119 54 sicut
1035 613 92 54 non
1088 613 172 54 sequitur,
1207 613 53 54 si

737 652 160 53 spatium
854 652 131 53 inter
941 652 102 53 duo
999 652 102 53 sit
1057 652 131 53 idem,
1145 652 87 53 vt
1174 652 87 53 illa

747 693 85 46 duo
796 693 98 46 sint
857 693 98 46 idem
918 693 146 46 secundum
1027 693 207 46 definitionem,
1186 693 73 46 sci-

740 733 137 37 licet
831 733 167 37 sursum,
952 733 76 37 &
983 733 182 37 deorsum.
1119 733 106 37 hoc
1165 733 91 37 enim

747 772 213 51 inopinabile
917 772 185 51 contingit
1059 772 99 51 ei,
1116 772 99 51 qui
1158 772 114 51 ponit,

746 812 98 46 quod
807 812 110 46 actio
880 812 110 46 eorum
953 812 85 46 est
1002 812 110 46 eadem
1075 812 146 46 secundum
1173 812 85 46 quidi

740 851 145 53 tatem.
842 851 174 53 quaestio
973 851 145 53 igitur
1074 851 189 53 contingit
1205 851 58 53 ex

745 890 89 48 hoc
796 890 102 48 quod
860 890 166 48 accipimus
988 890 128 48 illud,
1077 890 102 48 quod
1128 890 128 48 dicitur,

741 928 83 50 de
783 928 181 50 pluribus,
922 928 111 50 dici
991 928 83 50 de
1033 928 111 50 vno:
1102 928 83 50 &,
1144 928 97 50 cum
1186 928 69 50 di-

750 966 193 47 stinguitur,
905 966 193 47 dissoluitur
1059 966 167 47 quaestio.
1175 966 90 47 sunt,

746 1007 132 48 gitur
834 1007 117 48 vnum
907 1007 176 48 secundum
1039 1007 117 48 vnum
1113 1007 146 48 modum,
1215 1007 73 48 &

746 1047 146 43 diuersa
852 1047 160 43 secundum
972 1047 133 43 alium.
1065 1047 67 43 &
1092 1047 93 43 hoc
1132 1047 133 43 conuenit

745 1085 90 45 ei,
797 1085 103 45 quod
861 1085 90 45 est
913 1085 77 45 in
951 1085 168 45 anifestum
1080 1085 90 45 per
1132 1085 90 45 se.
1171 1085 90 45 appa-

742 1125 81 50 ret
789 1125 93 50 enim
847 1125 93 50 quod
904 1125 116 50 sunt:i
985 1125 81 50 dem
1032 1125 139 50 secundum
1124 1125 139 50 subiectum,

744 1165 62 45 &
768 1165 137 45 diuersa
868 1165 149 45 secundum
967 1165 187 45 definitionem.

781 1220 170 47 Omnino
900 1220 136 47 vero
985 1220 170 47 dicere
1104 1220 119 47 est
1155 1220 102 47 quod

742 1277 134 36 neque
831 1277 149 36 doctio
936 1277 104 36 cum
995 1277 223 36 disciplina,
1159 1277 104 36 neque

742 1308 127 54 actio
827 1308 99 54 cum
883 1308 170 54 passione
1011 1308 113 54 idem
1081 1308 156 54 proprie
1180 1308 71 54 est

739 1357 127 53 sed,
818 1357 111 53 cui
882 1357 158 53 insunt
992 1357 142 53 haec,
1087 1357 158 53 motus.
1182 1357 79 53 nam

743 1393 130 49 huius
829 1393 87 49 in
872 1393 115 49 hoc,
945 1393 87 49 et
988 1393 130 49 huius
1074 1393 87 49 ab
1118 1393 101 49 hoc
1161 1393 101 49 actum

740 1439 122 43 esse
816 1439 168 43 ratione
938 1439 183 43 diuersum
1060 1439 92 43 est.

785 1477 93 46 Et
831 1477 170 46 dicamus
954 1477 262 46 vniuersaliter
1170 1477 123 46 auod

745 1518 165 74 intentio
869 1518 179 74 doctrimae
1007 1518 110 74 apud
1062 1518 193 74 disciplinam,

741 1572 72 64 &
769 1572 173 64 intentio
900 1572 173 64 actionis
1030 1572 116 64 apud
1088 1572 173 64 passionem,

742 1620 104 62 non
802 1620 104 62 est
861 1620 134 62 eadem
950 1620 134 62 inrei
1040 1620 193 62 veritate,
1189 1620 104 62 sed

739 1668 173 63 secundum
869 1668 145 63 illud,
970 1668 101 63 per
1028 1668 116 63 quod
1100 1668 116 63 ista
1158 1668 101 63 inue-

741 1716 156 62 niutur,
855 1716 100 62 est
911 1716 142 62 motus.
1011 1716 142 62 dicere
1111 1716 114 62 enim
1182 1716 114 62 quod

746 1764 98 61 hoc
802 1764 98 61 est
858 1764 126 61 actio
942 1764 126 61 huius
1025 1764 84 61 in
1067 1764 98 61 hoc
1123 1764 98 61 est
1165 1764 98 61 aliud

744 1813 76 62 a
774 1813 152 62 dicere
881 1813 122 62 quod
957 1813 107 62 hoc
1018 1813 107 62 est
1079 1813 137 62 actio
1155 1813 107 62 huius

736 1861 110 53 ab
772 1861 110 53 hoc.
