1416 2066
174 180 116 56 niri
246 180 145 56 tempus
347 180 173 56 finitum.
477 180 116 56 ista
549 180 101 56 est
593 180 101 56 propo

192 221 112 45 sitio
266 221 112 45 minor
341 221 125 45 istius
429 221 150 45 figurae.
541 221 75 45 Et
579 221 100 45 iste
629 221 62 45 ser

190 262 85 44 mo
232 262 199 44 componitur
389 262 114 44 sic.
460 262 156 44 Instans
573 262 99 44 est
616 262 71 44 fi-

197 301 91 50 nis
249 301 156 50 alicuius
366 301 143 50 finiti:
469 301 65 50 &
495 301 117 50 nihil
573 301 104 50 quod
625 301 65 50 est

187 342 124 44 finis
270 342 165 44 alicuius
394 342 152 44 finiti,
504 342 96 44 est
559 342 124 44 vnum:
628 342 69 44 er-

185 381 93 53 go
232 381 171 53 instans
356 381 109 53 non
419 381 109 53 est
465 381 109 53 vnum.

235 445 147 53 Amplius,
345 445 74 53 si
382 445 111 53 simul
456 445 98 53 esse
517 445 147 53 secundum
615 445 74 53 tem-

191 499 114 52 pus,
262 499 71 52 &
290 499 128 52 neque
376 499 128 52 prius
461 499 128 52 neque
532 499 157 52 posterius

189 535 87 59 in
233 535 131 59 eodem
320 535 131 59 esse,
408 535 73 59 &
437 535 87 59 in
480 535 116 59 ipso
553 535 116 59 nunc
611 535 73 59 sit

194 581 73 53 &
224 581 87 53 si
267 581 116 53 quae
340 581 145 53 prius,
441 581 102 53 aut
499 581 189 53 posterius
630 581 58 53 in

187 620 175 58 hoccine
314 620 127 58 nunc
393 620 143 58 sunt,
489 620 143 58 simul
568 620 127 58 vtique

182 662 144 44 erunt
278 662 128 44 quae
358 662 128 44 ante
438 662 160 44 decles
535 662 160 44 millenos

188 708 131 46 facta
276 708 161 46 fuerunt
393 708 131 46 annos
481 708 102 46 cum
539 708 131 46 ijns,
612 708 73 46 qua

194 744 133 60 fiunt
283 744 147 60 hodie,
386 744 74 60 &
415 744 133 60 neque
504 744 147 60 prius,
592 744 103 60 neque

184 789 206 53 posterius
342 789 142 53 vllum
437 789 142 53 aliud
516 789 111 53 alio.

242 850 80 57 Et
282 850 133 57 etiam,
375 850 80 57 si
415 850 160 57 intentio
535 850 147 57 essendi
642 850 80 57 in

188 901 160 53 tempore
304 901 102 53 non
362 901 131 53 ante,
449 901 131 53 neque
536 901 131 53 post,
608 901 87 53 est,

198 948 87 46 vt
241 948 115 46 sint
313 948 87 46 in
356 948 130 46 eodem
443 948 188 46 instanti,
573 948 115 46 deinde

188 996 140 57 illud,
286 996 112 57 quod
356 996 98 57 est
412 996 126 57 ante,
496 996 70 57 &
524 996 140 57 illud,
608 996 84 57 quod

190 1044 97 46 est
246 1044 125 46 post,
329 1044 111 46 sint
398 1044 83 46 in
440 1044 125 46 eodem
523 1044 166 46 instanti
634 1044 55 46 de

188 1093 216 58 monstrato,
357 1093 124 58 tunc
435 1093 154 58 illud,
543 1093 124 58 quod
604 1093 93 58 fuit

186 1140 205 58 transacto
344 1140 221 58 millesimo,
518 1140 79 58 &
550 1140 126 58 quod
613 1140 79 58 est

185 1188 151 61 hodie
286 1188 134 61 sunt
370 1188 202 61 insimul,
521 1188 84 61 &
538 1188 151 61 neutrum

191 1236 168 62 praecedit
320 1236 155 62 reliquu,
436 1236 90 62 aut
488 1236 90 62 est
539 1236 103 62 post
591 1236 103 62 illud,

216 1309 118 53 Ista
290 1309 103 53 est
349 1309 162 53 secunda
467 1309 250 53 ratiocinatio,
658 1309 44 53 &

185 1365 222 40 componitur
359 1365 190 40 secundum
486 1365 206 40 inductionem

174 1404 85 39 ad
216 1404 239 39 inconueniens.
413 1404 70 39 &
442 1404 127 39 ista,
526 1404 70 39 &
540 1404 155 39 praedicta

189 1436 87 47 sunt
243 1436 98 47 vera.
308 1436 54 47 &
330 1436 130 47 secundum
428 1436 108 47 signum
504 1436 87 47 est.
558 1436 130 47 quoniam,
645 1436 54 47 cum

189 1469 154 45 intentio
305 1469 116 45 eius,
382 1469 103 45 quod
446 1469 141 45 dicimus
549 1469 77 45 de
574 1469 116 45 aliqui-

186 1509 94 45 bus
239 1509 134 45 duobus
333 1509 108 45 quod
401 1509 108 45 sunt
468 1509 148 45 insimul
575 1509 81 45 in
602 1509 81 45 ali-

184 1553 112 50 quo
248 1553 193 50 tempore,
393 1553 129 50 quod
473 1553 112 50 non
537 1553 112 50 est
586 1553 96 50 ante

191 1589 91 44 aut
243 1589 117 44 post,
321 1589 104 44 est,
386 1589 78 44 vt
425 1589 104 44 illa
489 1589 91 44 duo
541 1589 104 44 sint
606 1589 78 44 in
632 1589 65 44 eo-

188 1630 98 44 dem
244 1630 181 44 instanti.
383 1630 98 44 Et,
439 1630 98 44 cum
495 1630 153 44 induxit
592 1630 98 44 istam

187 1671 268 62 propositionem
408 1671 142 62 veram
486 1671 205 62 conuertibi-

187 1709 123 53 nem,
264 1709 200 53 coniungit
418 1709 108 53 cum
479 1709 108 53 sua
526 1709 169 53 conuiessa

189 1750 267 52 propositionem
409 1750 251 52 dubitatiuam,
613 1750 78 52 &
628 1750 63 52 n-

188 1789 125 38 duxit
271 1789 236 38 inconueniens,
466 1789 69 38 &
494 1789 139 38 dixit:
577 1789 111 38 deinde

179 1829 141 50 illud,
278 1829 113 50 quod
349 1829 99 50 est
405 1829 127 50 ante,
490 1829 71 50 &
518 1829 141 50 illud,
603 1829 85 50 quod

189 1868 85 54 est
237 1868 109 54 post,
310 1868 85 54 &c.
359 1868 73 54 i.
395 1868 73 54 &,
431 1868 85 54 cum
468 1868 218 54 communiunxerimus

710 181 164 57 conuersae
837 181 215 57 propositiorsi
1013 181 139 57 dicenti
1114 181 101 57 quod
1165 181 63 57 il-

709 221 97 45 la,
765 221 111 45 quae
834 221 111 45 sunt
903 221 166 45 insimul,
1027 221 111 45 sunt
1097 221 83 45 in
1124 221 97 45 eodem

712 260 172 53 instanti,
844 260 66 53 &
871 260 106 53 est,
937 260 106 53 quia
1003 260 119 53 illa,
1083 260 106 53 quae
1136 260 79 53 sunt

712 301 81 45 in
752 301 121 45 eodem
833 301 175 45 instanti,
967 301 108 45 sunt
1035 301 162 45 insimul,
1142 301 81 45 hanc

717 340 194 50 propositionem,
879 340 130 50 scilicet
976 340 86 50 quod
1030 340 86 50 idem
1084 340 119 50 instans
1160 340 54 50 est

709 381 164 45 omnium
823 381 180 45 entium,
955 381 98 45 de
1004 381 164 45 quibus
1102 381 115 45 dici-

708 417 108 49 mus
769 417 170 49 quaedam
893 417 124 49 esse
970 417 139 49 ante,
1063 417 77 49 &
1078 417 139 49 quaedam

710 454 102 55 esse
774 454 115 55 post,
851 454 154 55 sequitur
966 454 77 55 vt
1004 454 128 55 illud,
1094 454 102 55 quod
1145 454 77 55 fuit

707 495 191 43 tranfacto
854 495 206 43 millesimo,
1016 495 74 43 &
1046 495 147 43 illud,
1134 495 88 43 quod

711 533 104 45 est
771 533 149 45 hodie,
875 533 119 45 sint
949 533 179 45 insimul:
1083 533 119 45 quod
1143 533 74 45 est

712 571 200 55 opinabile.
869 571 86 55 Et
912 571 214 55 syllogismus
1069 571 157 55 categori,

711 612 105 38 cus
771 612 209 38 concludens
935 612 224 38 incoueniens
1114 612 90 38 in
1144 612 75 38 hoc

707 653 175 37 sermone
834 653 222 37 componitur
1009 653 111 37 sic
1072 653 95 37 in
1104 653 111 37 prima

712 693 168 49 figura,
834 693 137 49 Omnes
925 693 107 49 res
986 693 229 49 inueniuntur
1154 693 61 49 in

709 728 119 51 codem
788 728 173 51 instanti:
921 728 66 51 &
948 728 133 51 omnia,
1040 728 106 51 quae
1107 728 106 51 sunt
1160 728 53 51 in

708 766 135 44 eodem
798 766 195 44 instanti,
948 766 120 44 sunt
1022 766 180 44 insimul:
1142 766 75 44 er-

709 806 91 51 go
754 806 152 51 omnia,
861 806 122 51 quae
937 806 137 51 sunt,
1028 806 122 51 sunt
1089 806 122 51 sunul.

711 844 116 54 quod
784 844 102 54 est
828 844 203 54 impossibile.

719 927 154 51 Quaeritur
838 927 95 51 quid
897 927 83 51 sit
944 927 130 51 Tempus:
1039 927 178 51 probaturque
1170 927 47 51 ip

741 965 109 53 sum
804 965 109 53 non
866 965 125 53 esse
944 965 156 53 motum.
1053 965 125 53 Cap.
1116 965 62 53 4.

749 1020 109 57 Eis
812 1020 172 57 igitur,
937 1020 125 57 quae
1015 1020 156 57 insunt
1109 1020 109 57 ipsi-

782 1055 138 75 Itot
868 1055 138 75 sint
954 1055 224 75 dubitata.
1109 1055 103 75 Quid

823 1108 145 55 autem
920 1108 113 55 est
984 1108 177 55 tempus,
1113 1108 81 55 &
1129 1108 81 55 qua

709 1150 132 44 ipsius
801 1150 145 44 natura,
906 1150 171 44 similiter
1038 1150 66 44 &
1064 1150 79 44 ex
1090 1150 132 44 traditis

712 1197 90 44 in
757 1197 210 44 manifestum
922 1197 120 44 est,
998 1197 75 44 &
1028 1197 90 44 ex
1073 1197 120 44 iis,
1133 1197 90 44 quae

711 1237 165 45 fuimus
826 1237 263 45 percurrentes
1040 1237 165 45 prius.
1139 1237 82 45 Nam

713 1282 163 47 quidam
827 1282 195 47 vniuersi
973 1282 130 47 esse
1054 1282 146 47 motum
1136 1282 81 47 di-

712 1317 137 53 cunt.
803 1317 122 53 Alii
879 1317 182 53 sphaeram
1016 1317 152 53 ipsam.
1107 1317 106 53 Atque

709 1372 277 44 circunlationis
940 1372 139 44 etiam
1032 1372 123 44 pars
1094 1372 123 44 tempus

719 1404 157 55 quoddam
833 1404 114 55 est,
904 1404 214 55 circumlatio
1075 1404 114 55 vero
1132 1404 85 55 non.

716 1445 106 45 pars
782 1445 106 45 enim
848 1445 237 45 circunlationis
1046 1445 92 45 est
1098 1445 106 45 quod
1151 1445 66 45 ac-

714 1493 151 45 ceptum
820 1493 121 45 est.
895 1493 106 45 sed
956 1493 106 45 non
1001 1493 212 45 circumlatio,

707 1533 159 53 Amplius
822 1533 145 53 autem,
924 1533 87 53 si
967 1533 145 53 plures
1068 1533 116 53 eent
1126 1533 87 53 coe-

708 1572 105 46 li,
768 1572 195 46 similiter
918 1572 150 46 vtique
1024 1572 135 46 esset
1099 1572 120 46 tempus

702 1618 240 40 cuiuslibet
890 1618 189 40 ipsorum
1027 1618 171 40 motus.
1130 1618 86 40 qua

705 1661 103 46 re
756 1661 154 46 multa
859 1661 188 46 tempora
979 1661 137 46 simul.

748 1708 118 66 ista
822 1708 147 66 igitur
925 1708 118 66 sunt
998 1708 221 66 dubitabilia
1160 1708 59 66 de

706 1761 151 57 rebus,
812 1761 121 57 quae
887 1761 226 57 inueniuntur
1068 1761 91 57 in
1098 1761 121 57 tempo-

712 1813 93 57 re.
765 1813 80 57 Et
805 1813 120 57 etiam
885 1813 107 57 quid
952 1813 120 57 ipsum
1032 1813 107 57 sit,
1099 1813 80 57 et
1139 1813 107 57 quam

707 1858 145 49 habet
804 1858 177 49 naturam
933 1858 145 49 latet
1029 1858 113 49 hoc
1094 1858 129 49 modo
1158 1858 65 49 ex
