1416 2066
163 173 146 52 potest
266 173 117 52 quis
339 173 219 52 intelligere
514 173 102 52 per
572 173 102 52 hoc
616 173 73 52 no-

179 219 99 39 men
235 219 99 39 ens
292 219 99 39 non
348 219 198 39 principium
504 219 141 39 entis.
602 219 71 39 &
616 219 71 39 est

169 261 268 43 conuenientius,
392 261 89 43 vt
437 261 134 43 dicet
526 261 134 43 post.
601 261 89 43 quo-

178 300 136 43 niam,
268 300 91 43 si
314 300 166 43 vtuntur
434 300 106 43 hoc
495 300 121 43 nole
570 300 106 43 ens
616 300 75 43 pro

180 333 203 43 principio,
339 333 116 43 tunc
411 333 101 43 non
469 333 159 43 possunt
570 333 116 43 dicere

176 369 83 40 ens
224 369 95 40 esse
283 369 107 40 vnum:
354 369 131 40 quoniam
449 369 166 40 principium
580 369 107 40 habet
639 369 48 40 in

175 406 79 44 se
214 406 105 44 duo,
280 406 197 44 principium,
438 406 66 44 &
464 406 132 44 illud,
556 406 118 44 cuius
622 406 66 44 est

178 444 128 51 princ
263 444 142 51 ipium.
362 444 99 51 Et,
419 444 99 51 cum
476 444 156 51 induxit
575 444 114 51 modos,

176 489 112 41 quos
246 489 98 41 pot
302 489 139 41 dicere
399 489 98 41 qui
455 489 126 41 dicit
525 489 167 41 principium

182 521 107 42 esse
248 521 120 42 vnum,
328 521 160 42 reuersus
448 521 93 42 est
501 521 120 42 etiam
581 521 80 42 ad
608 521 80 42 nume

175 559 139 51 randum
273 559 126 51 omnes
356 559 139 51 modos,
454 559 112 51 quos
524 559 112 51 pont
579 559 112 51 dicere

180 597 111 53 dicens
258 597 144 53 principia
369 597 89 53 esse
424 597 100 53 plura
491 597 78 53 vno
535 597 133 53 scilicet
624 597 67 53 pri-

177 636 129 50 cipia,
268 636 104 50 quae
332 636 104 50 sunt
397 636 78 50 in
436 636 91 50 re,
488 636 65 50 &
514 636 129 50 dixit.
604 636 91 50 Et,
643 636 52 50 si

181 678 158 44 principia
303 678 134 44 fuerunt
400 678 110 44 plura
473 678 97 44 vno,
534 678 85 44 &c.
570 678 110 44 quoniam

183 714 73 40 si
219 714 134 40 fuerint
316 714 134 40 finita,
414 714 170 40 necessario
547 714 134 40 hiabunt
632 714 61 40 nu-

176 749 125 46 merum
259 749 236 46 determinatum.
453 749 111 46 D.d.
523 749 97 46 Et,
578 749 83 46 si
606 749 83 46 infi

177 796 109 38 nita,
250 796 85 38 &c.
298 796 73 38 i.
335 796 73 38 &,
371 796 73 38 si
408 796 158 38 infinita,
529 796 85 38 aut
578 796 109 38 erunt
638 796 49 38 ea

177 828 100 51 dem
234 828 86 51 in
277 828 157 51 genere,
391 828 157 51 diuersa
505 828 86 51 in
548 828 143 51 forma,
648 828 71 51 &

179 868 143 50 figura,
283 868 91 50 aut
335 868 195 50 diuersitate
491 868 182 50 contraria,
621 868 65 50 aut

188 902 79 45 non
233 902 159 45 contraria,
358 902 136 45 scilicet
460 902 148 45 infinita:
574 902 79 45 aut
608 902 79 45 erunt

186 943 111 43 eadem
260 943 74 43 in
296 943 135 43 specie,
395 943 135 43 diuersa
493 943 74 43 in
518 943 160 43 quantitate,

183 981 89 37 vt
228 981 164 37 dicebat
347 981 224 37 Democritus.
526 981 104 37 sed
571 981 119 37 innuit

190 1021 100 51 hoc
247 1021 214 51 condiuidens
418 1021 100 51 hoc
476 1021 100 51 per
533 1021 157 51 primum,
633 1021 57 51 vt

188 1058 97 41 est
244 1058 111 41 suus
313 1058 97 41 mos
368 1058 83 41 in
410 1058 249 41 abbreuiatione.
618 1058 69 41 &
632 1058 55 41 in

184 1093 117 46 isto
257 1093 117 46 modo
331 1093 102 46 est
389 1093 190 46 multitudo
535 1093 146 46 rerum:
623 1093 73 46 mul

190 1133 101 44 titudo
261 1133 81 44 enim
311 1133 71 44 aut
351 1133 71 44 est
392 1133 121 44 secundum
482 1133 111 44 formam,
563 1133 71 44 aut
593 1133 91 44 secundu

183 1172 239 47 quantitatem.
377 1172 75 47 &
407 1172 105 47 has
467 1172 120 47 duas
527 1172 164 47 multitudi

184 1220 97 43 nes
240 1220 166 43 dixerunt
364 1220 152 43 antiqui
475 1220 83 43 de
503 1220 180 43 principiis,

188 1252 69 49 &
216 1252 139 49 tacuit
313 1252 194 49 diuisionem
465 1252 152 49 plurium
562 1252 125 49 princi-

178 1291 165 43 piorum
294 1291 99 43 in
344 1291 165 43 motum,
460 1291 83 43 &
493 1291 99 43 in
526 1291 165 43 quietem:

183 1328 148 49 nullus
287 1328 118 49 enim
361 1328 133 49 dixit
449 1328 133 49 plura
523 1328 163 49 principia

183 1372 208 39 quiescentia
349 1372 125 39 esse:
432 1372 97 39 aut
488 1372 111 39 quia
543 1372 152 39 contentus

183 1405 94 37 est
236 1405 94 37 hac
290 1405 174 37 diuisione
424 1405 80 37 in
464 1405 121 37 primo
531 1405 161 37 principio.

202 1443 193 52 Similiter
350 1443 133 52 autem
439 1443 178 52 quaerunt
573 1443 74 52 &
602 1443 119 52 quae

181 1485 147 54 rentes
284 1485 117 54 quot
357 1485 117 54 sunt
431 1485 103 54 ea,
490 1485 117 54 quae
563 1485 132 54 sunt.
636 1485 59 54 ex

183 1524 161 48 quibus
295 1524 129 48 enim
376 1524 129 48 sunt
456 1524 112 48 ea,
520 1524 129 48 quae
585 1524 96 48 sunt

182 1567 186 51 quaerunt
322 1567 155 51 primum
431 1567 140 51 vtrum
524 1567 124 51 haec
586 1567 109 51 vnum,

177 1605 168 52 anmulta
299 1605 138 52 sint.
391 1605 77 52 &
422 1605 92 52 si
467 1605 153 52 multa,
559 1605 138 52 finita,

181 1648 98 49 an
230 1648 212 49 infinita.
393 1648 147 49 quare
475 1648 212 49 principium,

183 1700 110 37 ac
238 1700 239 37 elementum
421 1700 220 37 quaerunt
568 1700 129 37 vtrum

176 1735 118 51 sit
244 1735 152 51 vnum,
345 1735 101 51 an
378 1735 135 51 multa.

206 1773 89 61 Et
251 1773 133 61 eodem
339 1773 118 61 modo
413 1773 177 61 quaerunt
546 1773 133 61 illi,
619 1773 74 61 qui

184 1821 154 61 quaerut
296 1821 84 61 de
338 1821 154 61 entibus
449 1821 112 61 quot
519 1821 126 61 sunt.
589 1821 98 61 prius

703 172 120 65 enim
778 172 120 65 quam
853 172 256 65 perscrutentur
1064 172 90 65 de
1094 172 120 65 illis,

704 220 91 62 ex
749 220 152 62 quibus
856 220 122 62 sunt
932 220 152 62 entia,
1023 220 198 62 perscrutan-

707 269 94 61 tur
760 269 80 61 de
800 269 94 61 eis
854 269 107 61 vtru
921 269 107 61 sint
988 269 134 61 plura,
1082 269 94 61 aut
1122 269 94 61 vnum.

710 317 83 68 &,
752 317 83 68 si
793 317 139 68 plura,
890 317 125 68 vtrum
974 317 152 68 finita,
1084 317 97 68 aut
1126 317 97 68 insi-

703 365 127 53 nita.
787 365 70 53 &
815 365 98 53 sic
872 365 112 53 erit
942 365 225 53 perscrutatio
1111 365 98 53 eoru,

704 412 80 59 &
736 412 96 59 de
784 412 223 59 principio,
959 412 80 59 &
991 412 96 59 de
1023 412 191 59 elementis,

707 461 142 45 vtrum
802 461 126 45 sint
881 461 142 45 vnum,
975 461 110 45 aut
1023 461 126 45 plura.

743 509 157 38 Dixit.
853 509 94 38 Et
901 509 94 38 in
948 509 126 38 hunc
1026 509 142 38 modum
1105 509 110 38 inqui

703 542 158 44 sitionis
821 542 171 44 diuiditur
953 542 211 44 perscrutatio
1112 542 105 44 eorum,

707 584 88 42 qui
758 584 214 42 perscrutantur
934 584 76 42 de
972 584 139 42 entibus
1073 584 101 42 quot
1124 584 88 42 sint:

710 622 64 49 &
736 622 103 49 sunt
800 622 116 49 illi,
878 622 90 49 qui
929 622 142 49 vtuntur
1032 622 90 49 hoc
1084 622 116 49 nolie
1149 622 64 49 ens

703 660 105 50 pro
763 660 105 50 hoc
823 660 150 50 nomine
928 660 225 50 principium:
1092 660 120 50 existi

708 704 101 44 mant
772 704 101 44 enim
835 704 165 44 principia
962 704 101 44 esse
1025 704 127 44 entia:
1114 704 101 44 quia
1164 704 51 44 so

706 739 115 39 lum
771 739 132 39 modo
854 739 247 39 perceperunt
1035 739 181 39 materiale

709 774 230 52 principium,
893 774 77 52 &
923 774 107 52 non
985 774 184 52 formale:
1108 774 107 52 quare

706 813 95 48 non
761 813 164 48 fecerunt
884 813 218 48 differentiam
1061 813 123 48 inter
1129 813 82 48 prin

712 860 141 44 cipium,
815 860 64 44 &
840 860 102 44 ens.
904 860 102 44 isti
968 860 102 44 enim
1019 860 192 44 perscrutantur

713 889 80 42 de
753 889 147 42 entibus
859 889 120 42 vtrum
939 889 107 42 sint
1006 889 120 42 vnum,
1086 889 93 42 aut
1126 889 80 42 plu-

710 930 107 41 ta:
771 930 122 41 quia
847 930 199 41 intendunt
1000 930 107 41 per
1061 930 107 41 hoc
1107 930 107 41 nomen

709 966 100 44 ens
766 966 215 44 principium:
938 966 72 44 &
967 966 100 44 sic
1010 966 201 44 perscrutatio

710 1004 127 46 eorum
794 1004 84 46 in
836 1004 141 46 nihilo
935 1004 155 46 differt
1047 1004 70 46 a
1061 1004 155 46 perseruta

711 1047 127 43 tione
796 1047 85 43 de
838 1047 183 43 elementis
979 1047 127 43 vtrum
1064 1047 113 43 sint
1120 1047 99 43 vnum,

704 1084 95 42 aut
759 1084 135 42 plura:
853 1084 95 42 cum
908 1084 95 42 non
962 1084 176 42 differant
1097 1084 108 42 nisi
1165 1084 81 42 in

712 1124 94 46 voce
771 1124 130 46 tamtum.
865 1124 118 46 Deinde
948 1124 118 46 dixit.
1030 1124 106 46 prius
1101 1124 94 46 enim
1148 1124 59 46 qua

715 1160 218 51 perscrutentur
895 1160 77 51 de
933 1160 128 51 illis,
1023 1160 77 51 ex
1062 1160 141 51 quibus,
1152 1160 64 51 &c.

713 1198 68 44 i.
747 1198 125 44 quoniam
837 1198 91 44 isti
894 1198 68 44 ex
928 1198 204 44 perscrutatione
1099 1198 79 44 sua
1144 1198 68 44 de
1167 1198 45 44 re

704 1239 109 50 bus,
772 1239 109 50 quae
840 1239 109 50 sunt
908 1239 176 50 principia
1044 1239 149 50 entium,
1152 1239 95 50 per

709 1276 181 50 scrutantur
851 1276 116 50 primo
929 1276 78 50 de
967 1276 142 50 entibus
1071 1276 116 50 vtrum
1135 1276 78 50 sint

706 1317 114 45 vnum,
782 1317 89 45 aut
833 1317 127 45 plura,
922 1317 76 45 &,
960 1317 76 45 si
998 1317 127 45 plura,
1086 1317 114 45 vtrum
1150 1317 63 45 fi-

706 1355 118 39 nita,
785 1355 92 39 aut
837 1355 171 39 infinita.
969 1355 66 39 &
995 1355 92 39 sic
1035 1355 184 39 perscrutatio

706 1390 83 44 de
748 1390 125 44 ente,
831 1390 125 44 vtrum
915 1390 97 44 sit
970 1390 125 44 vnum,
1054 1390 97 44 aut
1096 1390 111 44 plura,

709 1434 124 47 eadem
792 1434 96 47 est
847 1434 96 47 cum
901 1434 247 47 perscrutatione
1107 1434 82 47 de
1135 1434 82 47 prim

710 1469 135 49 cipio,
805 1469 95 49 aut
859 1469 176 49 elemento,
995 1469 122 49 vtrum
1076 1469 95 49 sit
1116 1469 95 49 vnum,

703 1510 104 43 aut
748 1510 119 43 plura.

705 1541 78 45 Ex
744 1541 275 45 dictisopinionibus
980 1541 144 45 quaenam
1084 1541 65 45 a
1097 1541 118 45 Physico

753 1585 124 51 destrui,
846 1585 72 51 pel
887 1585 72 51 non
929 1585 114 51 destrui
1011 1585 124 51 debeant.
1105 1585 72 51 Cc.
1136 1585 41 51 1.

768 1619 138 56 Taque
859 1619 92 56 si
905 1619 138 56 vnum,
997 1619 138 56 atque
1073 1619 138 56 immobi-

763 1663 84 44 le
805 1663 98 44 sit
861 1663 98 44 id,
917 1663 112 44 quod
987 1663 112 44 est,
1043 1663 168 44 consydera-

757 1709 103 47 re,
816 1709 103 47 non
875 1709 103 47 est
934 1709 88 47 de
978 1709 147 47 natura
1067 1709 147 47 specula-

702 1756 125 30 ri.
774 1756 107 30 vt
827 1756 143 30 enim
916 1756 89 30 &
952 1756 232 30 Geometrae
1131 1756 125 30 non

708 1788 172 54 amplius
833 1788 109 54 est
896 1788 140 54 ratio
989 1788 94 54 ad
1036 1788 125 54 eum,
1114 1788 109 54 qui
1161 1788 62 54 de

710 1831 147 52 struit
813 1831 206 52 principia,
975 1831 103 52 sed
1034 1831 103 52 aut
1078 1831 147 52 alterius
