1416 2066
192 179 191 53 differunt
339 179 74 53 a
369 179 162 53 Platone
487 179 88 53 in
531 179 118 53 hoc:
590 179 132 53 quoniam

209 221 211 49 Platolponit
378 221 112 49 haec
448 221 98 49 duo
504 221 183 49 contraria
631 221 84 49 loco

198 259 206 47 materiae,
356 259 79 47 &
388 259 142 47 ponit
483 259 142 47 vnum,
578 259 127 47 quod
641 259 79 47 est

200 297 199 41 subiectum
353 297 138 41 eorum
445 297 123 41 loco
522 297 169 41 formae:
629 297 92 41 isti

208 332 125 55 vero
286 332 156 55 ponunt
395 332 140 55 vnum,
489 332 125 55 quod
566 332 109 55 est
613 332 109 55 subie

209 373 138 45 ctum,
301 373 200 45 materiam,
455 373 77 45 &
485 373 154 45 ponunt
578 373 138 45 contra-

208 411 104 47 rias
273 411 221 47 differentias,
455 411 65 47 &
481 411 143 47 species
572 411 143 47 materiae,

206 453 133 50 licet
295 453 163 50 quoniam
413 453 118 50 vnum
487 453 148 50 ponunt
591 453 104 50 pro
635 453 74 50 ma-

206 492 138 52 teria,
303 492 69 52 &
331 492 180 52 contraria
469 492 97 52 pro
524 492 138 52 forma.
621 492 83 52 Et
649 492 69 52 cum

203 529 229 42 notificauit
386 529 122 42 vnam
462 529 214 42 sententiam
615 529 107 42 dicen

208 567 134 51 tium,
298 567 209 51 principium
462 567 119 51 esse
536 567 119 51 vnum
611 567 89 51 in
640 567 75 51 mo-

207 610 88 41 do
251 610 235 41 generationis
443 610 132 41 rerum
531 610 88 41 ab
575 610 118 41 illo
634 610 88 41 prin

208 645 138 45 cipio,
305 645 165 45 reuersus
429 645 96 45 est
484 645 83 45 ad
525 645 165 45 secundam
635 645 83 45 sen-

203 687 179 42 tentiam,
338 687 75 42 &
367 687 149 42 dixit:
472 687 90 42 Et
517 687 149 42 quidam
606 687 120 42 dicunt

213 724 105 46 quod
278 724 183 46 contraria,
422 724 92 46 &c.
474 724 78 46 i.
514 724 65 46 &
540 724 131 46 quidam
618 724 105 46 eorum,

213 774 92 36 qui
265 774 145 36 dicunt,
371 774 105 36 quod
437 774 184 36 principium
581 774 92 36 est
621 774 92 36 vnum,

210 807 119 47 non
278 807 169 47 ponunt
396 807 152 47 modum
481 807 237 47 generationis

213 839 144 43 secundum
321 839 180 43 densitatem,
465 839 60 43 &
489 839 168 43 raritatem:
621 839 84 43 sed
657 839 60 43 di-

208 878 103 44 cunt
272 878 103 44 quod
337 878 180 44 contraria,
478 878 64 44 &
504 878 219 44 vniuersalitur
672 878 51 44 om

210 917 102 45 nia
269 917 203 45 diuersarum
428 917 203 45 specierum,
588 917 73 45 &
603 917 116 45 forma-

214 958 97 37 rum
269 958 111 37 sunt
339 958 194 37 existentia
491 958 83 37 in
532 958 111 37 actu
601 958 83 37 in
629 958 83 37 ille

216 1005 88 42 vno
267 1005 163 42 principio
392 1005 150 42 secundum
504 1005 175 42 latentiam:
642 1005 63 42 &
654 1005 63 42 ge-

208 1029 133 44 neratio
305 1029 109 44 nihil
377 1029 109 44 aliud
449 1029 85 44 est
498 1029 97 44 quam
558 1029 121 44 exitus
630 1029 85 44 illa-

200 1083 109 32 rum
263 1083 141 32 rerum
357 1083 203 32 latentium
513 1083 94 32 ex
560 1083 125 32 illo
622 1083 94 32 vno:

205 1108 93 46 vt
251 1108 139 46 dixit
343 1108 231 46 Anaximander
513 1108 185 46 naturalis.

228 1151 114 43 D.d,
299 1151 156 43 quomodo
413 1151 199 43 conueniunt
569 1151 142 43 quidam
654 1151 57 43 eo

206 1188 112 54 rum,
276 1188 98 54 qui
332 1188 140 54 dicunt
430 1188 182 54 principia
570 1188 112 54 esse
626 1188 84 54 plu-

215 1227 71 52 ra
251 1227 82 52 vno
298 1227 82 52 cum
345 1227 106 52 istis
415 1227 71 52 in
450 1227 82 52 hac
498 1227 153 52 opinione,
603 1227 118 52 scilicet

206 1269 75 38 in
244 1269 100 38 hoc,
307 1269 100 38 quod
370 1269 163 38 oeneratio
495 1269 75 38 ex
533 1269 176 38 principiis
658 1269 63 38 est

208 1297 153 57 secundum
323 1297 230 57 dissolutionem,
515 1297 64 57 &
540 1297 140 57 exitum,
642 1297 64 57 &
655 1297 64 57 di-

195 1348 98 38 xit:
256 1348 74 38 Et
293 1348 159 38 similiter
415 1348 110 38 illi,
489 1348 86 38 qui
538 1348 135 38 dicunt,
636 1348 86 38 &c.
673 1348 49 38 i.

200 1389 146 37 talem
297 1389 211 37 opinionem
459 1389 97 37 de
507 1389 146 37 modis
588 1389 130 37 genera

209 1421 128 45 tionis
299 1421 167 45 opinantur
428 1421 116 45 illi,
505 1421 90 45 qui
556 1421 128 45 dicunt
646 1421 103 45 quod

203 1468 211 39 principium
369 1468 106 39 est
429 1468 136 39 vnum,
520 1468 75 39 &
550 1468 106 39 qui
595 1468 121 39 dicunt

206 1507 183 41 principia
347 1507 112 41 esse
417 1507 141 41 plura,
515 1507 84 41 vt
543 1507 169 41 Anaxacoras

205 1528 75 50 &
235 1528 224 50 Empedocles:
414 1528 119 50 isti
488 1528 119 50 enim
548 1528 179 50 attribuunt

202 1574 256 49 generationem
410 1574 144 49 rerum
506 1574 160 49 exitui
602 1574 112 49 earum

206 1621 64 38 a
232 1621 128 38 mixto.
322 1621 90 38 Et,
373 1621 90 38 cum
424 1621 154 38 narrauit
540 1621 103 38 quod
604 1621 103 38 isti
655 1621 64 38 duo

211 1647 125 55 viri
290 1647 219 55 conueniunt
462 1647 94 55 in
509 1647 125 55 modo
572 1647 141 55 genera-

209 1684 146 47 tionis,
315 1684 159 47 incoepit
434 1684 146 47 narrare
540 1684 80 47 in
580 1684 93 47 ouo
620 1684 93 47 diffe

208 1730 107 44 runt,
279 1730 59 44 &
303 1730 119 44 dixit:
386 1730 59 44 &
410 1730 154 44 differunt
529 1730 71 44 in
565 1730 95 44 hoc:
612 1730 107 44 quoniam

205 1765 112 53 &c.
269 1765 96 53 i.
317 1765 240 53 Empedocles,
510 1765 80 53 &
526 1765 192 53 Anaxagoras

207 1803 175 46 differunt:
344 1803 138 46 quoniam
444 1803 100 46 Empe
507 1803 125 46 docles
582 1803 138 46 opinatur,

206 1840 113 58 quod
277 1840 156 58 mixtio,
390 1840 71 58 &
418 1840 213 58 congregatio
588 1840 128 58 rerum
659 1840 57 58 ha

740 180 104 42 pet
800 180 163 42 tempus,
918 180 119 42 quod
993 180 104 42 est
1052 180 149 42 tempus
1141 180 119 42 corrul

740 217 164 54 ptionis
859 217 149 54 mundi,
964 217 75 54 &
994 217 209 54 segregatio
1143 217 104 54 earum

734 254 133 44 habet
823 254 133 44 aliud
911 254 162 44 tempus,
1029 254 74 44 &
1059 254 103 44 est
1103 254 133 44 tempus,

726 299 260 48 generationis
937 299 162 48 mundi:
1050 299 81 48 &
1083 299 130 48 quod
1148 299 97 48 ista

729 337 235 52 congregatio
918 337 78 52 &
949 337 220 52 segregatio
1122 337 157 52 semper

739 373 98 50 est
795 373 196 50 reciprocem
949 373 84 50 in
991 373 196 50 infinitum.
1132 373 112 50 Anaxa-

728 413 129 50 goras
814 413 115 50 vero
885 413 172 50 opinatur
1015 413 100 50 res
1072 413 115 50 esse
1129 413 115 50 mixtas

736 454 150 45 tempore
845 454 177 45 infinito:
982 454 136 45 deinde
1064 454 177 45 intellectus

735 492 165 38 incoepit
859 492 206 38 distinguere
1023 492 110 38 eas,
1092 492 69 38 &
1106 492 137 38 extrahe-

737 526 87 47 re
780 526 102 47 eas
838 526 73 47 a
867 526 145 47 mixto:
969 526 73 47 &
998 526 116 47 quod
1070 526 102 47 hoc
1128 526 116 47 erit
1186 526 58 47 in

733 565 238 45 infinitum.
920 565 170 45 Mundus
1038 565 170 45 igitur
1140 565 102 45 apud

735 612 218 46 Empedoclem
907 612 109 46 est
969 612 218 46 quandoque,
1140 612 78 46 &
1156 612 93 46 cor-

729 652 200 38 rumpitur
880 652 234 38 quandoque:
1063 652 134 38 apud
1130 652 117 38 Anaxa

733 686 134 52 goram
822 686 119 52 vero
897 686 104 52 est
956 686 104 52 ens
1016 686 149 52 factum
1120 686 74 52 a
1135 686 104 52 prin-

736 725 140 38 cipio,
834 725 98 38 sed
890 725 196 38 permanebit
1043 725 84 38 in
1071 725 168 38 infinitum.

733 764 138 39 Deinde
830 764 151 39 induxit
940 764 124 39 alias
1022 764 220 39 differentias
1187 764 55 39 in

737 805 94 37 ter
790 805 107 37 eos,
857 805 67 37 &
884 805 134 37 dixit:
978 805 67 37 &
1005 805 107 37 iste
1072 805 121 37 facit
1139 805 94 37 semel

741 842 92 40 &c.
794 842 79 40 i.
833 842 66 40 &
860 842 92 40 non
912 842 172 40 differunt
1044 842 79 40 in
1084 842 92 40 hoc
1123 842 106 40 tantum

736 877 159 55 scilicet
855 877 106 55 quod
922 877 186 55 Anaxagoras
1067 877 119 55 ponit
1134 877 106 55 genera

729 917 170 49 tionem
848 917 153 49 mundi
950 917 170 49 semel,
1070 917 85 49 &
1087 917 153 49 Empedo-

735 956 101 47 cles
799 956 190 47 infinities,
951 956 89 47 sed
1001 956 114 47 etiam
1077 956 76 47 in
1115 956 101 47 hoc,
1166 956 76 47 quod

733 999 184 48 Anaxagoras
878 999 132 48 dicit,
970 999 105 48 quod
1035 999 132 48 omnia,
1128 999 105 48 quae
1180 999 66 48 dif

732 1033 192 41 soluuntur,
883 1033 110 41 sunt
952 1033 137 41 partes
1048 1033 206 41 consimiles,
1199 1033 41 41 &

741 1076 196 38 contraria:
895 1076 70 38 &
923 1076 112 38 ideo
993 1076 154 38 accidet
1105 1076 126 38 mundo
1175 1076 70 38 re-

736 1110 130 53 manere
827 1110 78 53 in
866 1110 182 53 infinitum,
1009 1110 78 53 eo
1048 1110 104 53 quod
1113 1110 117 53 istae
1178 1110 65 53 par

741 1148 90 52 tes
793 1148 103 52 sunt
857 1148 181 52 infinitae:
999 1148 116 52 quare
1076 1148 142 52 nunquam
1167 1148 77 52 ces-

729 1191 118 47 sant
803 1191 148 47 exire.
906 1191 207 47 Empedocles
1069 1191 133 47 autem
1143 1191 103 47 dicit

736 1228 295 52 cogregationem,
982 1228 82 52 &
998 1228 246 52 segregatione.

730 1276 233 38 elementorum
917 1276 171 38 quatuor
1041 1276 124 38 esse
1103 1276 140 38 recipro

734 1308 125 39 cam:
812 1308 125 39 quia
890 1308 125 39 apud
968 1308 140 39 ipsum
1062 1308 125 39 sunt
1124 1308 125 39 elemen

735 1345 131 41 menta
823 1345 145 41 eorum,
924 1345 116 41 quae
997 1345 116 41 sunt
1055 1345 189 41 consimilium

735 1383 185 52 partium:
873 1383 108 52 sed
935 1383 123 52 apud
1011 1383 215 52 Anaxagoram
1165 1383 77 52 est

737 1420 127 53 conuerso
833 1420 127 53 scilicet
928 1420 117 53 quoniam
1013 1420 96 53 omnia
1077 1420 96 53 illa,
1141 1420 85 53 quae
1183 1420 64 53 sunt

736 1461 225 49 consimilium
916 1461 180 49 partium,
1050 1461 120 49 sunt
1110 1461 135 49 apudlip

739 1501 103 38 rum
798 1501 176 38 elementa
930 1501 220 38 elementorum
1091 1501 147 38 quatuor,

776 1548 157 54 Videtur
890 1548 129 54 autem
976 1548 200 54 Anaxagoras
1134 1548 100 54 sic
1176 1548 72 54 in-

741 1589 140 45 finita
839 1589 168 45 opinari,
965 1589 154 45 quoniam
1078 1589 154 45 putabat
1176 1589 70 45 com

732 1634 144 48 munem
828 1634 208 48 opinionem
988 1634 224 48 Physicorum
1149 1634 96 48 esse

733 1677 133 54 veram,
826 1677 107 54 quod
893 1677 120 54 nihil
973 1677 93 54 fit
1026 1677 80 54 ex
1066 1677 93 54 eo,
1120 1677 107 54 quid
1186 1677 93 54 non

735 1717 100 45 est.
798 1717 113 45 prper
874 1717 88 45 hoc
924 1717 100 45 enim
986 1717 88 45 sic
1037 1717 138 45 dicunt,
1137 1717 113 45 erant
1200 1717 50 45 si

737 1756 90 46 mul
788 1756 128 46 omnia,
878 1756 64 46 &
904 1756 115 46 fieri
980 1756 166 46 huiusmodi
1095 1756 154 46 statuerunt

731 1805 198 45 alterari,
883 1805 122 45 Alii
959 1805 137 45 autem
1036 1805 213 45 congregatio-

729 1844 146 55 nem,
820 1844 91 55 &
838 1844 293 55 segregationem.
