1416 2066
184 181 115 56 te,
249 181 131 56 quod
331 181 213 56 densatur,
496 181 197 56 corpore.
627 181 82 56 Am-

193 229 159 54 plius
299 229 159 54 autem
405 229 88 54 &
440 229 265 54 augmentatio
634 229 71 54 vt

192 268 145 48 detur
289 268 145 48 fieri
385 268 177 48 omnibus
514 268 113 48 per
563 268 145 48 vacuum.

197 312 235 51 alimentum
378 312 145 51 enim
468 312 181 51 corpus
576 312 127 51 esse,

198 357 123 54 duo
269 357 158 54 autem
374 357 194 54 corpora
498 357 211 54 impossibi-

200 396 84 47 le
242 396 126 47 simul
312 396 98 47 esse.

247 437 120 63 Iste
322 437 150 63 igitur
427 437 105 63 est
488 437 120 63 Vnus
563 437 150 63 modus,
653 437 60 63 ex

199 484 105 62 quo
259 484 180 62 declarat
394 484 150 62 uacuum
498 484 120 62 esse
558 484 150 62 aliquid,

204 533 78 61 &
236 533 141 61 Alius
329 533 141 61 modus
423 533 125 61 est,
501 533 125 61 quia
579 533 109 61 nos
626 533 78 61 vi-

194 584 140 62 demus
287 584 124 62 res,
364 584 124 62 quae
442 584 248 62 congregantur
628 584 78 62 ad-

197 629 183 61 inuicem,
334 629 76 61 &
364 629 259 61 condensantur.
562 629 137 61 dicunt,

205 677 125 65 v.g.
283 677 156 65 vinum.
393 677 141 65 dolia
486 677 125 65 enim
549 677 156 65 occupani

193 728 137 55 ipsum
284 728 106 55 cum
345 728 183 55 vtribus,
482 728 76 55 &
512 728 137 55 sine.
604 728 91 55 et
634 728 76 55 hoc

200 777 203 66 significat
359 777 102 66 hic
417 777 116 66 esse
490 777 116 66 loca
562 777 145 66 vacua,
649 777 58 66 ad

194 830 129 60 quae
274 830 161 60 corpus
387 830 257 60 congregatur,
579 830 129 60 quando

197 877 213 62 densatur.
361 877 98 62 Et
410 877 148 62 etiam
508 877 197 62 augmetum
639 877 66 62 om

195 924 109 68 nes
258 924 171 68 homines
382 924 202 68 existimat
537 924 140 68 ipsum
615 924 93 68 esse

201 973 187 57 mediante
342 973 156 57 vacuo.
450 973 140 57 dicut
544 973 125 57 enim
622 973 125 57 quod

194 1021 219 62 nutrimentu
366 1021 109 62 est
429 1021 172 62 corpus,
554 1021 78 62 &
569 1021 141 62 impossi

203 1068 107 62 bile
269 1068 93 62 est
323 1068 80 62 ut
363 1068 93 62 duo
416 1068 147 62 corpora
523 1068 107 62 sint
576 1068 134 62 insimul.

243 1116 104 52 Cum
302 1116 207 52 declarauit
465 1116 118 52 quod
539 1116 118 52 vnum
598 1116 104 52 eorum

192 1159 90 49 ex
237 1159 149 49 quibus
341 1159 164 49 probant
461 1159 149 49 vacuum
566 1159 134 49 esse,
640 1159 75 49 est

203 1204 119 45 motus
282 1204 238 45 translationis,
480 1204 119 45 dicit
560 1204 119 45 etiam
626 1204 79 45 quod

203 1233 89 41 ex
248 1233 193 41 densitate
396 1233 163 41 probant
515 1233 134 41 etiam
589 1233 119 41 vacuu-

206 1274 143 54 dicunt
306 1274 115 54 enim
378 1274 115 54 quod
449 1274 115 54 vnum
521 1274 143 54 corpus
607 1274 100 54 videt

206 1314 189 45 constringi,
357 1314 63 45 &
383 1314 113 45 fieri
458 1314 113 45 miuus
534 1314 88 45 qui
584 1314 113 45 erat:
660 1314 76 45 &,

185 1357 89 46 si
230 1357 148 46 vacuum
333 1357 104 46 non
392 1357 148 46 esset,
496 1357 222 46 contingeret
659 1357 59 46 vt

197 1396 146 47 partes
300 1396 117 47 eius
372 1396 160 47 inuicem
475 1396 233 47 penetrarentur.

199 1429 121 45 quod
274 1429 106 45 est
335 1429 241 45 impossibile.
531 1429 151 45 Deinde
621 1429 91 45 indu

210 1470 90 37 xit
262 1470 142 37 tertiam
365 1470 168 37 rationem,
494 1470 65 37 &
520 1470 116 37 dixit
598 1470 78 37 Et
624 1470 90 37 etiam

204 1508 185 53 augmentum,
349 1508 92 53 &c.
402 1508 79 53 i.
441 1508 145 53 quoniam
533 1508 185 53 nutrimentum,

203 1546 119 47 quia
278 1546 104 47 est
337 1546 149 47 corpus
441 1546 193 47 adueniens
575 1546 134 47 corpori

205 1586 189 41 nutribili,
354 1586 68 41 &
381 1586 176 41 penetrans
516 1586 135 41 ipsum,
597 1586 122 41 necesse

201 1623 93 44 est
254 1623 80 44 vt
294 1623 80 44 in
334 1623 146 44 corpore
440 1623 173 44 nutribili
573 1623 106 44 sint
626 1623 80 44 fora

206 1662 112 47 mina
276 1662 140 47 vacua,
374 1662 84 47 in
416 1662 140 47 quibus
513 1662 140 47 intrat
597 1662 112 47 cibus,

207 1709 171 40 quoniam,
335 1709 86 40 si
378 1709 100 40 non
435 1709 143 40 essent
535 1709 129 40 illic
607 1709 114 40 forami

205 1742 103 50 na,
264 1742 221 50 contingeret
441 1742 148 50 corpus
530 1742 177 50 penctrari.

228 1781 93 51 Hae
281 1781 133 51 igitui
374 1781 107 51 sunt
441 1781 107 51 tres
508 1781 173 51 rationes,
628 1781 80 51 qua-

207 1821 102 45 rum
266 1821 102 45 vna
324 1821 102 45 est
382 1821 87 45 ex
425 1821 116 45 motu
484 1821 232 45 translationis,

205 1856 71 50 &
233 1856 157 50 secunda
347 1856 85 50 ex
390 1856 199 50 densitate,
546 1856 71 50 &
560 1856 157 50 raritate,

727 179 73 55 &
757 179 145 55 tertia
858 179 87 55 ex
902 179 218 55 nutrimento.
1076 179 73 55 &
1090 179 160 55 impossi.I

730 220 103 53 bile,
798 220 92 53 quod
855 220 137 53 sequitur
958 220 69 53 ex
993 220 80 53 eis
1038 220 137 53 secundum
1130 220 103 53 existi-

729 269 62 41 m
753 269 149 41 ationem,
865 269 87 41 est
915 269 99 41 vnum
977 269 149 41 scilicet
1088 269 124 41 corpus
1163 269 74 41 pene

722 300 139 39 trari.
820 300 70 39 &
847 300 223 39 ratiocinatio
1028 300 84 39 ex
1070 300 153 39 vtribus
1167 300 70 39 est

727 338 220 48 particularis,
908 338 65 48 &
934 338 168 48 reducitur
1063 338 78 48 ad
1089 338 142 48 rationem,

721 377 78 49 ex
760 377 182 49 densitate,
903 377 65 49 &
916 377 143 49 raritate.

762 413 262 46 Testimonium
971 413 157 46 autem
1076 413 105 46 et
1111 413 122 46 illud

725 461 94 53 de
772 461 156 53 cinere
882 461 188 53 faciunt,
1023 461 141 53 TAqui
1101 461 125 53 tantum

726 508 143 50 aquae
822 508 207 50 Precipit,
981 508 175 50 quantum
1108 508 111 50 vas
1155 508 80 50 va-

716 541 150 45 cuum.
817 541 134 45 Esse
900 541 150 45 autem
984 541 251 45 affirmauerunt

726 589 85 52 &
760 589 238 52 Pythagorei
947 589 187 52 vacuum,
1065 589 170 52 ipsumque

727 636 157 46 coelum
837 636 94 46 ex
884 636 188 46 infinito
1025 636 188 46 spiritu,
1151 636 94 46 velu

723 668 91 54 ti
768 668 197 54 respirans
920 668 182 54 ingredi.
1056 668 91 54 Et
1102 668 106 54 hoc
1147 668 91 54 esse

721 712 196 42 vacuum,
864 712 143 42 quod
953 712 268 42 disterminat
1150 712 89 42 na-

728 764 176 42 turas:
851 764 193 42 tanquam
992 764 176 42 vacuum
1097 764 141 42 separa

724 796 110 46 tio
787 796 172 46 quaedam
912 796 110 46 sit
975 796 157 46 eorum,
1084 796 125 46 quae
1147 796 94 46 sunt

721 843 281 39 consequenter,
953 843 83 39 &
969 843 265 39 disterminatio,

729 885 98 46 et
778 885 115 46 hoc
843 885 131 46 esse
925 885 164 46 primum
1040 885 98 46 in
1073 885 164 46 numeris.

727 931 184 39 vacuum
855 931 147 39 enim
947 931 295 39 disterminare
1168 931 74 39 na

728 968 165 50 turam
819 968 183 50 ipsorum.

768 1005 91 61 Et
813 1005 182 61 testatur
949 1005 121 61 apud
1025 1005 106 61 eos
1086 1005 121 61 hoc,
1146 1005 91 61 quod

727 1053 149 61 accidit
836 1053 149 61 cineri,
945 1053 95 61 rec
999 1053 109 61 ipit
1067 1053 95 61 eni
1121 1053 81 61 ex
1162 1053 109 61 aqua

728 1117 169 46 tantum.
851 1117 169 46 quantum
974 1117 123 46 vas,
1051 1117 92 46 in
1097 1117 108 46 quo
1143 1117 92 46 erat

725 1151 152 65 cinis.
831 1151 91 65 Et
877 1151 229 65 Pythagorici
1060 1151 183 65 dicebant
1182 1151 61 65 va

725 1201 129 57 cuum
806 1201 145 57 esse,
902 1201 81 57 &
935 1201 129 57 quod
1015 1201 113 57 per
1064 1201 177 57 anhelitum

726 1249 152 49 intrat
832 1249 167 49 coelum.
954 1249 152 49 coelum
1060 1249 122 49 enim
1121 1249 122 49 attra-

727 1297 105 57 hit
787 1297 135 57 ipsum
877 1297 105 57 cum
937 1297 120 57 hoc,
1013 1297 120 57 quod
1073 1297 165 57 attrahit,

728 1345 148 61 quando
832 1345 163 61 anhelat
950 1345 89 61 ex
994 1345 163 61 spiritu
1098 1345 133 61 infini-

723 1393 104 62 to.
783 1393 89 62 Et
827 1393 134 62 vacuu
917 1393 134 62 etiam
1006 1393 104 62 est
1065 1393 149 62 illud,
1155 1393 89 62 quod

724 1442 215 64 distinguit
892 1442 138 64 inter
984 1442 184 64 naturas:
1107 1442 138 64 quoniam

731 1490 159 56 vacuum
843 1490 112 56 est
906 1490 239 56 distinctio,
1098 1490 80 56 &
1114 1490 127 56 deter-

726 1540 162 51 minatio
844 1540 132 51 inter
932 1540 250 51 consequentia.
1123 1540 118 51 dicut,

731 1585 84 61 &
765 1585 117 61 hoc
832 1585 150 61 primo
932 1585 217 61 inuenitur
1099 1585 100 61 in
1132 1585 117 61 nume-

731 1636 121 62 ris.
806 1636 151 62 vacuum
912 1636 121 62 enim
987 1636 121 62 apud
1063 1636 106 62 eos
1108 1636 136 62 distin-

723 1692 120 46 xit
791 1692 188 46 naturam
911 1692 137 46 eorum.

777 1740 74 38 Et
814 1740 99 38 haec
876 1740 87 38 est
925 1740 99 38 alia
987 1740 112 38 ratio
1049 1740 186 38 particularis:

731 1777 74 41 &
761 1777 163 41 induxit
880 1777 134 41 ipsam
969 1777 104 41 pro
1028 1777 208 41 testimonio
1177 1777 59 41 di

735 1813 135 53 centium
833 1813 123 53 vacuum
919 1813 111 53 esse.
993 1813 98 53 dunt
1055 1813 98 53 enim
1116 1813 98 53 quod
1165 1813 74 53 idem

741 1855 83 51 vas
789 1855 119 51 tantum
872 1855 107 51 capit
943 1855 71 51 de
979 1855 107 51 aqua,
1051 1855 119 51 quando
1134 1855 83 51 est
1170 1855 71 51 ple
