<?xml version="1.0" encoding="UTF-8"?>
<alto xmlns:xsi="http://www.w3.org/2001/XMLSchema-instance"
      xmlns="http://www.loc.gov/standards/alto/ns-v2#"
      xmlns:page="http://schema.primaresearch.org/PAGE/gts/pagecontent/2013-07-15"
      xsi:schemaLocation="http://www.loc.gov/standards/alto/ns-v2# http://www.loc.gov/standards/alto/alto.xsd">
   <Description>
      <MeasurementUnit>pixel</MeasurementUnit>
      <OCRProcessing ID="IdOcr">
         <ocrProcessingStep>
            <processingDateTime>2021-02-13T08:26:49.28-05:00</processingDateTime>
            <processingSoftware>
               <softwareCreator>READ COOP</softwareCreator>
               <softwareName>Transkribus</softwareName>
            </processingSoftware>
         </ocrProcessingStep>
      </OCRProcessing>
   </Description>
   <Tags/>
   <Layout>
      <Page ID="Page1" PHYSICAL_IMG_NR="1" HEIGHT="2066" WIDTH="1416">
         <TopMargin HEIGHT="0" WIDTH="1416" VPOS="0" HPOS="0"/>
         <LeftMargin HEIGHT="2066" WIDTH="0" VPOS="0" HPOS="0"/>
         <RightMargin HEIGHT="2066" WIDTH="0" VPOS="0" HPOS="1416"/>
         <BottomMargin HEIGHT="0" WIDTH="1416" VPOS="2066" HPOS="0"/>
         <PrintSpace HEIGHT="2066" WIDTH="1416" VPOS="0" HPOS="0">
            <TextBlock ID="TextRegion_1611948845308_6344"
                       HEIGHT="1801"
                       WIDTH="520"
                       VPOS="105"
                       HPOS="170">
               <Shape>
                  <Polygon POINTS="170,105 690,105 690,1906 170,1906"/>
               </Shape>
               <TextLine ID="line_1611948845399_6347"
                         BASELINE="199"
                         HEIGHT="50"
                         WIDTH="513"
                         VPOS="149"
                         HPOS="165">
                  <String HEIGHT="50" WIDTH="79" VPOS="149" HPOS="152" CONTENT="in"/>
                  <SP HEIGHT="50" WIDTH="13" VPOS="149" HPOS="231"/>
                  <String HEIGHT="50"
                          WIDTH="158"
                          VPOS="149"
                          HPOS="191"
                          CONTENT="pterito,"/>
                  <SP HEIGHT="50" WIDTH="13" VPOS="149" HPOS="349"/>
                  <String HEIGHT="50" WIDTH="92" VPOS="149" HPOS="310" CONTENT="aut"/>
                  <SP HEIGHT="50" WIDTH="13" VPOS="149" HPOS="402"/>
                  <String HEIGHT="50" WIDTH="79" VPOS="149" HPOS="362" CONTENT="in"/>
                  <SP HEIGHT="50" WIDTH="13" VPOS="149" HPOS="441"/>
                  <String HEIGHT="50"
                          WIDTH="145"
                          VPOS="149"
                          HPOS="402"
                          CONTENT="futuro."/>
                  <SP HEIGHT="50" WIDTH="13" VPOS="149" HPOS="546"/>
                  <String HEIGHT="50"
                          WIDTH="105"
                          VPOS="149"
                          HPOS="507"
                          CONTENT="D.d."/>
                  <SP HEIGHT="50" WIDTH="13" VPOS="149" HPOS="612"/>
                  <String HEIGHT="50" WIDTH="66" VPOS="149" HPOS="573" CONTENT="&amp;"/>
                  <SP HEIGHT="50" WIDTH="13" VPOS="149" HPOS="639"/>
                  <String HEIGHT="50"
                          WIDTH="92"
                          VPOS="149"
                          HPOS="586"
                          CONTENT="tpeos"/>
               </TextLine>
               <TextLine ID="r2l5"
                         BASELINE="227"
                         HEIGHT="31"
                         WIDTH="492"
                         VPOS="196"
                         HPOS="176">
                  <String HEIGHT="31"
                          WIDTH="188"
                          VPOS="196"
                          HPOS="162"
                          CONTENT="continet,"/>
                  <SP HEIGHT="31" WIDTH="14" VPOS="196" HPOS="350"/>
                  <String HEIGHT="31" WIDTH="101" VPOS="196" HPOS="306" CONTENT="&amp;c."/>
                  <SP HEIGHT="31" WIDTH="14" VPOS="196" HPOS="408"/>
                  <String HEIGHT="31" WIDTH="87" VPOS="196" HPOS="364" CONTENT="i."/>
                  <SP HEIGHT="31" WIDTH="14" VPOS="196" HPOS="451"/>
                  <String HEIGHT="31" WIDTH="72" VPOS="196" HPOS="408" CONTENT="&amp;"/>
                  <SP HEIGHT="31" WIDTH="14" VPOS="196" HPOS="480"/>
                  <String HEIGHT="31"
                          WIDTH="145"
                          VPOS="196"
                          HPOS="436"
                          CONTENT="tempus"/>
                  <SP HEIGHT="31" WIDTH="14" VPOS="196" HPOS="581"/>
                  <String HEIGHT="31"
                          WIDTH="145"
                          VPOS="196"
                          HPOS="523"
                          CONTENT="continet"/>
               </TextLine>
               <TextLine ID="r2l7"
                         BASELINE="267"
                         HEIGHT="43"
                         WIDTH="497"
                         VPOS="224"
                         HPOS="174">
                  <String HEIGHT="43"
                          WIDTH="107"
                          VPOS="224"
                          HPOS="162"
                          CONTENT="istos"/>
                  <SP HEIGHT="43" WIDTH="12" VPOS="224" HPOS="269"/>
                  <String HEIGHT="43" WIDTH="95" VPOS="224" HPOS="233" CONTENT="duos"/>
                  <SP HEIGHT="43" WIDTH="12" VPOS="224" HPOS="328"/>
                  <String HEIGHT="43"
                          WIDTH="107"
                          VPOS="224"
                          HPOS="292"
                          CONTENT="modos"/>
                  <SP HEIGHT="43" WIDTH="12" VPOS="224" HPOS="399"/>
                  <String HEIGHT="43"
                          WIDTH="130"
                          VPOS="224"
                          HPOS="363"
                          CONTENT="essendi"/>
                  <SP HEIGHT="43" WIDTH="12" VPOS="224" HPOS="494"/>
                  <String HEIGHT="43"
                          WIDTH="142"
                          VPOS="224"
                          HPOS="458"
                          CONTENT="scilicet"/>
                  <SP HEIGHT="43" WIDTH="12" VPOS="224" HPOS="600"/>
                  <String HEIGHT="43" WIDTH="95" VPOS="224" HPOS="565" CONTENT="quod"/>
                  <SP HEIGHT="43" WIDTH="12" VPOS="224" HPOS="659"/>
                  <String HEIGHT="43" WIDTH="59" VPOS="224" HPOS="612" CONTENT="iam"/>
               </TextLine>
               <TextLine ID="r2l9"
                         BASELINE="317"
                         HEIGHT="53"
                         WIDTH="494"
                         VPOS="264"
                         HPOS="178">
                  <String HEIGHT="53"
                          WIDTH="111"
                          VPOS="264"
                          HPOS="166"
                          CONTENT="fuit,"/>
                  <SP HEIGHT="53" WIDTH="12" VPOS="264" HPOS="277"/>
                  <String HEIGHT="53" WIDTH="62" VPOS="264" HPOS="240" CONTENT="&amp;"/>
                  <SP HEIGHT="53" WIDTH="12" VPOS="264" HPOS="302"/>
                  <String HEIGHT="53" WIDTH="99" VPOS="264" HPOS="264" CONTENT="quod"/>
                  <SP HEIGHT="53" WIDTH="12" VPOS="264" HPOS="363"/>
                  <String HEIGHT="53"
                          WIDTH="111"
                          VPOS="264"
                          HPOS="326"
                          CONTENT="erit:"/>
                  <SP HEIGHT="53" WIDTH="12" VPOS="264" HPOS="437"/>
                  <String HEIGHT="53" WIDTH="74" VPOS="264" HPOS="400" CONTENT="si"/>
                  <SP HEIGHT="53" WIDTH="12" VPOS="264" HPOS="474"/>
                  <String HEIGHT="53" WIDTH="74" VPOS="264" HPOS="437" CONTENT="ex"/>
                  <SP HEIGHT="53" WIDTH="12" VPOS="264" HPOS="511"/>
                  <String HEIGHT="53"
                          WIDTH="161"
                          VPOS="264"
                          HPOS="474"
                          CONTENT="vtralibet"/>
                  <SP HEIGHT="53" WIDTH="12" VPOS="264" HPOS="635"/>
                  <String HEIGHT="53"
                          WIDTH="86"
                          VPOS="264"
                          HPOS="586"
                          CONTENT="parte"/>
               </TextLine>
               <TextLine ID="r2l11"
                         BASELINE="354"
                         HEIGHT="51"
                         WIDTH="493"
                         VPOS="303"
                         HPOS="180">
                  <String HEIGHT="51"
                          WIDTH="161"
                          VPOS="303"
                          HPOS="169"
                          CONTENT="inspexeris"/>
                  <SP HEIGHT="51" WIDTH="11" VPOS="303" HPOS="329"/>
                  <String HEIGHT="51"
                          WIDTH="138"
                          VPOS="303"
                          HPOS="295"
                          CONTENT="scilicet"/>
                  <SP HEIGHT="51" WIDTH="11" VPOS="303" HPOS="432"/>
                  <String HEIGHT="51" WIDTH="69" VPOS="303" HPOS="398" CONTENT="ex"/>
                  <SP HEIGHT="51" WIDTH="11" VPOS="303" HPOS="467"/>
                  <String HEIGHT="51"
                          WIDTH="115"
                          VPOS="303"
                          HPOS="432"
                          CONTENT="futuo,"/>
                  <SP HEIGHT="51" WIDTH="11" VPOS="303" HPOS="547"/>
                  <String HEIGHT="51" WIDTH="80" VPOS="303" HPOS="512" CONTENT="aut"/>
                  <SP HEIGHT="51" WIDTH="11" VPOS="303" HPOS="593"/>
                  <String HEIGHT="51"
                          WIDTH="126"
                          VPOS="303"
                          HPOS="547"
                          CONTENT="praeteri"
                          SUBS_TYPE="HypPart1"
                          SUBS_CONTENT="praeterito."/>
                  <HYP CONTENT="-"/>
               </TextLine>
               <TextLine ID="r2l13"
                         BASELINE="387"
                         HEIGHT="46"
                         WIDTH="483"
                         VPOS="341"
                         HPOS="184">
                  <String HEIGHT="46"
                          WIDTH="99"
                          VPOS="341"
                          HPOS="170"
                          CONTENT="to."
                          SUBS_TYPE="HypPart2"
                          SUBS_CONTENT="praeterito."/>
                  <SP HEIGHT="46" WIDTH="14" VPOS="341" HPOS="269"/>
                  <String HEIGHT="46" WIDTH="85" VPOS="341" HPOS="227" CONTENT="Et"/>
                  <SP HEIGHT="46" WIDTH="14" VPOS="341" HPOS="312"/>
                  <String HEIGHT="46"
                          WIDTH="199"
                          VPOS="341"
                          HPOS="269"
                          CONTENT="intendebat"/>
                  <SP HEIGHT="46" WIDTH="14" VPOS="341" HPOS="468"/>
                  <String HEIGHT="46"
                          WIDTH="156"
                          VPOS="341"
                          HPOS="426"
                          CONTENT="innuere"/>
                  <SP HEIGHT="46" WIDTH="14" VPOS="341" HPOS="582"/>
                  <String HEIGHT="46" WIDTH="99" VPOS="341" HPOS="539" CONTENT="per"/>
                  <SP HEIGHT="46" WIDTH="14" VPOS="341" HPOS="639"/>
                  <String HEIGHT="46" WIDTH="85" VPOS="341" HPOS="582" CONTENT="hoc,"/>
               </TextLine>
               <TextLine ID="r2l15"
                         BASELINE="426"
                         HEIGHT="42"
                         WIDTH="492"
                         VPOS="384"
                         HPOS="178">
                  <String HEIGHT="42"
                          WIDTH="101"
                          VPOS="384"
                          HPOS="165"
                          CONTENT="quod"/>
                  <SP HEIGHT="42" WIDTH="13" VPOS="384" HPOS="266"/>
                  <String HEIGHT="42"
                          WIDTH="114"
                          VPOS="384"
                          HPOS="228"
                          CONTENT="causa"/>
                  <SP HEIGHT="42" WIDTH="13" VPOS="384" HPOS="342"/>
                  <String HEIGHT="42" WIDTH="76" VPOS="384" HPOS="304" CONTENT="in"/>
                  <SP HEIGHT="42" WIDTH="13" VPOS="384" HPOS="380"/>
                  <String HEIGHT="42"
                          WIDTH="101"
                          VPOS="384"
                          HPOS="342"
                          CONTENT="hoc,"/>
                  <SP HEIGHT="42" WIDTH="13" VPOS="384" HPOS="443"/>
                  <String HEIGHT="42"
                          WIDTH="101"
                          VPOS="384"
                          HPOS="405"
                          CONTENT="quod"/>
                  <SP HEIGHT="42" WIDTH="13" VPOS="384" HPOS="506"/>
                  <String HEIGHT="42"
                          WIDTH="126"
                          VPOS="384"
                          HPOS="468"
                          CONTENT="tempus"/>
                  <SP HEIGHT="42" WIDTH="13" VPOS="384" HPOS="594"/>
                  <String HEIGHT="42"
                          WIDTH="126"
                          VPOS="384"
                          HPOS="544"
                          CONTENT="terminat"/>
               </TextLine>
               <TextLine ID="r2l16"
                         BASELINE="469"
                         HEIGHT="49"
                         WIDTH="490"
                         VPOS="420"
                         HPOS="176">
                  <String HEIGHT="49"
                          WIDTH="175"
                          VPOS="420"
                          HPOS="164"
                          CONTENT="priuationes"/>
                  <SP HEIGHT="49" WIDTH="12" VPOS="420" HPOS="339"/>
                  <String HEIGHT="49"
                          WIDTH="128"
                          VPOS="420"
                          HPOS="304"
                          CONTENT="istarum"/>
                  <SP HEIGHT="49" WIDTH="12" VPOS="420" HPOS="433"/>
                  <String HEIGHT="49"
                          WIDTH="117"
                          VPOS="420"
                          HPOS="398"
                          CONTENT="rerum,"/>
                  <SP HEIGHT="49" WIDTH="12" VPOS="420" HPOS="514"/>
                  <String HEIGHT="49" WIDTH="93" VPOS="420" HPOS="479" CONTENT="ita,"/>
                  <SP HEIGHT="49" WIDTH="12" VPOS="420" HPOS="573"/>
                  <String HEIGHT="49" WIDTH="93" VPOS="420" HPOS="538" CONTENT="quod"/>
                  <SP HEIGHT="49" WIDTH="12" VPOS="420" HPOS="631"/>
                  <String HEIGHT="49"
                          WIDTH="82"
                          VPOS="420"
                          HPOS="584"
                          CONTENT="possu"/>
               </TextLine>
               <TextLine ID="r2l18"
                         BASELINE="506"
                         HEIGHT="43"
                         WIDTH="500"
                         VPOS="463"
                         HPOS="177">
                  <String HEIGHT="43" WIDTH="92" VPOS="463" HPOS="164" CONTENT="mus"/>
                  <SP HEIGHT="43" WIDTH="13" VPOS="463" HPOS="256"/>
                  <String HEIGHT="43"
                          WIDTH="132"
                          VPOS="463"
                          HPOS="216"
                          CONTENT="dicere"/>
                  <SP HEIGHT="43" WIDTH="13" VPOS="463" HPOS="348"/>
                  <String HEIGHT="43"
                          WIDTH="105"
                          VPOS="463"
                          HPOS="309"
                          CONTENT="quod"/>
                  <SP HEIGHT="43" WIDTH="13" VPOS="463" HPOS="414"/>
                  <String HEIGHT="43" WIDTH="92" VPOS="463" HPOS="374" CONTENT="tot"/>
                  <SP HEIGHT="43" WIDTH="13" VPOS="463" HPOS="466"/>
                  <String HEIGHT="43"
                          WIDTH="105"
                          VPOS="463"
                          HPOS="427"
                          CONTENT="anni"/>
                  <SP HEIGHT="43" WIDTH="13" VPOS="463" HPOS="532"/>
                  <String HEIGHT="43"
                          WIDTH="105"
                          VPOS="463"
                          HPOS="493"
                          CONTENT="sunt"/>
                  <SP HEIGHT="43" WIDTH="13" VPOS="463" HPOS="598"/>
                  <String HEIGHT="43"
                          WIDTH="132"
                          VPOS="463"
                          HPOS="559"
                          CONTENT="elapsi"/>
                  <SP HEIGHT="43" WIDTH="13" VPOS="463" HPOS="690"/>
                  <String HEIGHT="43" WIDTH="39" VPOS="463" HPOS="638" CONTENT="a"/>
               </TextLine>
               <TextLine ID="r2l20"
                         BASELINE="550"
                         HEIGHT="43"
                         WIDTH="494"
                         VPOS="507"
                         HPOS="182">
                  <String HEIGHT="43"
                          WIDTH="111"
                          VPOS="507"
                          HPOS="170"
                          CONTENT="tpere"/>
                  <SP HEIGHT="43" WIDTH="12" VPOS="507" HPOS="281"/>
                  <String HEIGHT="43"
                          WIDTH="161"
                          VPOS="507"
                          HPOS="244"
                          CONTENT="eclipsis,"/>
                  <SP HEIGHT="43" WIDTH="12" VPOS="507" HPOS="404"/>
                  <String HEIGHT="43" WIDTH="86" VPOS="507" HPOS="367" CONTENT="est"/>
                  <SP HEIGHT="43" WIDTH="12" VPOS="507" HPOS="454"/>
                  <String HEIGHT="43" WIDTH="99" VPOS="507" HPOS="417" CONTENT="hoc,"/>
                  <SP HEIGHT="43" WIDTH="12" VPOS="507" HPOS="515"/>
                  <String HEIGHT="43" WIDTH="99" VPOS="507" HPOS="478" CONTENT="quod"/>
                  <SP HEIGHT="43" WIDTH="12" VPOS="507" HPOS="577"/>
                  <String HEIGHT="43" WIDTH="86" VPOS="507" HPOS="540" CONTENT="hoc"/>
                  <SP HEIGHT="43" WIDTH="12" VPOS="507" HPOS="627"/>
                  <String HEIGHT="43"
                          WIDTH="99"
                          VPOS="507"
                          HPOS="577"
                          CONTENT="tempus"/>
               </TextLine>
               <TextLine ID="r2l22"
                         BASELINE="586"
                         HEIGHT="53"
                         WIDTH="496"
                         VPOS="533"
                         HPOS="176">
                  <String HEIGHT="53"
                          WIDTH="211"
                          VPOS="533"
                          HPOS="164"
                          CONTENT="terminatilla."/>
                  <SP HEIGHT="53" WIDTH="12" VPOS="533" HPOS="374"/>
                  <String HEIGHT="53" WIDTH="62" VPOS="533" HPOS="337" CONTENT="&amp;"/>
                  <SP HEIGHT="53" WIDTH="12" VPOS="533" HPOS="399"/>
                  <String HEIGHT="53" WIDTH="99" VPOS="533" HPOS="362" CONTENT="ideo"/>
                  <SP HEIGHT="53" WIDTH="12" VPOS="533" HPOS="461"/>
                  <String HEIGHT="53"
                          WIDTH="112"
                          VPOS="533"
                          HPOS="424"
                          CONTENT="dixit"/>
                  <SP HEIGHT="53" WIDTH="12" VPOS="533" HPOS="536"/>
                  <String HEIGHT="53"
                          WIDTH="112"
                          VPOS="533"
                          HPOS="498"
                          CONTENT="post."/>
                  <SP HEIGHT="53" WIDTH="12" VPOS="533" HPOS="610"/>
                  <String HEIGHT="53" WIDTH="74" VPOS="533" HPOS="573" CONTENT="Et"/>
                  <SP HEIGHT="53" WIDTH="12" VPOS="533" HPOS="647"/>
                  <String HEIGHT="53" WIDTH="74" VPOS="533" HPOS="598" CONTENT="quod"/>
               </TextLine>
               <TextLine ID="r2l24"
                         BASELINE="618"
                         HEIGHT="43"
                         WIDTH="490"
                         VPOS="575"
                         HPOS="181">
                  <String HEIGHT="43" WIDTH="88" VPOS="575" HPOS="168" CONTENT="est"/>
                  <SP HEIGHT="43" WIDTH="13" VPOS="575" HPOS="256"/>
                  <String HEIGHT="43" WIDTH="75" VPOS="575" HPOS="219" CONTENT="ex"/>
                  <SP HEIGHT="43" WIDTH="13" VPOS="575" HPOS="294"/>
                  <String HEIGHT="43" WIDTH="88" VPOS="575" HPOS="256" CONTENT="non"/>
                  <SP HEIGHT="43" WIDTH="13" VPOS="575" HPOS="344"/>
                  <String HEIGHT="43"
                          WIDTH="113"
                          VPOS="575"
                          HPOS="307"
                          CONTENT="ente,"/>
                  <SP HEIGHT="43" WIDTH="13" VPOS="575" HPOS="420"/>
                  <String HEIGHT="43" WIDTH="88" VPOS="575" HPOS="382" CONTENT="non"/>
                  <SP HEIGHT="43" WIDTH="13" VPOS="575" HPOS="470"/>
                  <String HEIGHT="43"
                          WIDTH="201"
                          VPOS="575"
                          HPOS="432"
                          CONTENT="determinatur"/>
                  <SP HEIGHT="43" WIDTH="13" VPOS="575" HPOS="633"/>
                  <String HEIGHT="43" WIDTH="63" VPOS="575" HPOS="596" CONTENT="a"/>
                  <SP HEIGHT="43" WIDTH="13" VPOS="575" HPOS="658"/>
                  <String HEIGHT="43" WIDTH="63" VPOS="575" HPOS="608" CONTENT="tem"/>
               </TextLine>
               <TextLine ID="r2l26"
                         BASELINE="665"
                         HEIGHT="52"
                         WIDTH="495"
                         VPOS="613"
                         HPOS="178">
                  <String HEIGHT="52"
                          WIDTH="99"
                          VPOS="613"
                          HPOS="167"
                          CONTENT="pore,"/>
                  <SP HEIGHT="52" WIDTH="11" VPOS="613" HPOS="266"/>
                  <String HEIGHT="52" WIDTH="66" VPOS="613" HPOS="233" CONTENT="id"/>
                  <SP HEIGHT="52" WIDTH="11" VPOS="613" HPOS="299"/>
                  <String HEIGHT="52" WIDTH="88" VPOS="613" HPOS="266" CONTENT="est,"/>
                  <SP HEIGHT="52" WIDTH="11" VPOS="613" HPOS="354"/>
                  <String HEIGHT="52" WIDTH="55" VPOS="613" HPOS="321" CONTENT="&amp;"/>
                  <SP HEIGHT="52" WIDTH="11" VPOS="613" HPOS="376"/>
                  <String HEIGHT="52"
                          WIDTH="110"
                          VPOS="613"
                          HPOS="343"
                          CONTENT="illud,"/>
                  <SP HEIGHT="52" WIDTH="11" VPOS="613" HPOS="453"/>
                  <String HEIGHT="52" WIDTH="88" VPOS="613" HPOS="420" CONTENT="quid"/>
                  <SP HEIGHT="52" WIDTH="11" VPOS="613" HPOS="508"/>
                  <String HEIGHT="52" WIDTH="77" VPOS="613" HPOS="475" CONTENT="est"/>
                  <SP HEIGHT="52" WIDTH="11" VPOS="613" HPOS="552"/>
                  <String HEIGHT="52" WIDTH="77" VPOS="613" HPOS="519" CONTENT="non"/>
                  <SP HEIGHT="52" WIDTH="11" VPOS="613" HPOS="596"/>
                  <String HEIGHT="52" WIDTH="88" VPOS="613" HPOS="563" CONTENT="ens,"/>
                  <SP HEIGHT="52" WIDTH="11" VPOS="613" HPOS="651"/>
                  <String HEIGHT="52" WIDTH="66" VPOS="613" HPOS="607" CONTENT="quod"/>
               </TextLine>
               <TextLine ID="r2l29"
                         BASELINE="703"
                         HEIGHT="51"
                         WIDTH="488"
                         VPOS="652"
                         HPOS="186">
                  <String HEIGHT="51"
                          WIDTH="211"
                          VPOS="652"
                          HPOS="173"
                          CONTENT="determinatur"/>
                  <SP HEIGHT="51" WIDTH="13" VPOS="652" HPOS="384"/>
                  <String HEIGHT="51"
                          WIDTH="119"
                          VPOS="652"
                          HPOS="344"
                          CONTENT="atpe,"/>
                  <SP HEIGHT="51" WIDTH="13" VPOS="652" HPOS="463"/>
                  <String HEIGHT="51" WIDTH="92" VPOS="652" HPOS="423" CONTENT="est"/>
                  <SP HEIGHT="51" WIDTH="13" VPOS="652" HPOS="516"/>
                  <String HEIGHT="51"
                          WIDTH="185"
                          VPOS="652"
                          HPOS="476"
                          CONTENT="econtiario"/>
                  <SP HEIGHT="51" WIDTH="13" VPOS="652" HPOS="661"/>
                  <String HEIGHT="51" WIDTH="66" VPOS="652" HPOS="608" CONTENT="non"/>
               </TextLine>
               <TextLine ID="r2l32"
                         BASELINE="731"
                         HEIGHT="31"
                         WIDTH="488"
                         VPOS="700"
                         HPOS="184">
                  <String HEIGHT="31"
                          WIDTH="113"
                          VPOS="700"
                          HPOS="171"
                          CONTENT="enti,"/>
                  <SP HEIGHT="31" WIDTH="13" VPOS="700" HPOS="284"/>
                  <String HEIGHT="31"
                          WIDTH="100"
                          VPOS="700"
                          HPOS="247"
                          CONTENT="quod"/>
                  <SP HEIGHT="31" WIDTH="13" VPOS="700" HPOS="347"/>
                  <String HEIGHT="31" WIDTH="88" VPOS="700" HPOS="309" CONTENT="non"/>
                  <SP HEIGHT="31" WIDTH="13" VPOS="700" HPOS="397"/>
                  <String HEIGHT="31"
                          WIDTH="200"
                          VPOS="700"
                          HPOS="359"
                          CONTENT="determinatur"/>
                  <SP HEIGHT="31" WIDTH="13" VPOS="700" HPOS="559"/>
                  <String HEIGHT="31" WIDTH="63" VPOS="700" HPOS="522" CONTENT="a"/>
                  <SP HEIGHT="31" WIDTH="13" VPOS="700" HPOS="584"/>
                  <String HEIGHT="31"
                          WIDTH="100"
                          VPOS="700"
                          HPOS="547"
                          CONTENT="tpe."/>
                  <SP HEIGHT="31" WIDTH="13" VPOS="700" HPOS="647"/>
                  <String HEIGHT="31" WIDTH="88" VPOS="700" HPOS="609" CONTENT="non"/>
                  <SP HEIGHT="31" WIDTH="13" VPOS="700" HPOS="697"/>
                  <String HEIGHT="31" WIDTH="25" VPOS="700" HPOS="647" CONTENT=""/>
               </TextLine>
               <TextLine ID="r2l34"
                         BASELINE="779"
                         HEIGHT="47"
                         WIDTH="498"
                         VPOS="732"
                         HPOS="173">
                  <String HEIGHT="47" WIDTH="83" VPOS="732" HPOS="161" CONTENT="ens"/>
                  <SP HEIGHT="47" WIDTH="12" VPOS="732" HPOS="244"/>
                  <String HEIGHT="47" WIDTH="95" VPOS="732" HPOS="209" CONTENT="enim"/>
                  <SP HEIGHT="47" WIDTH="12" VPOS="732" HPOS="303"/>
                  <String HEIGHT="47" WIDTH="95" VPOS="732" HPOS="268" CONTENT="quod"/>
                  <SP HEIGHT="47" WIDTH="12" VPOS="732" HPOS="363"/>
                  <String HEIGHT="47"
                          WIDTH="190"
                          VPOS="732"
                          HPOS="327"
                          CONTENT="determinatur"/>
                  <SP HEIGHT="47" WIDTH="12" VPOS="732" HPOS="517"/>
                  <String HEIGHT="47" WIDTH="59" VPOS="732" HPOS="481" CONTENT="a"/>
                  <SP HEIGHT="47" WIDTH="12" VPOS="732" HPOS="541"/>
                  <String HEIGHT="47"
                          WIDTH="107"
                          VPOS="732"
                          HPOS="505"
                          CONTENT="tpre,"/>
                  <SP HEIGHT="47" WIDTH="12" VPOS="732" HPOS="612"/>
                  <String HEIGHT="47" WIDTH="83" VPOS="732" HPOS="576" CONTENT="est"/>
                  <SP HEIGHT="47" WIDTH="12" VPOS="732" HPOS="659"/>
                  <String HEIGHT="47"
                          WIDTH="59"
                          VPOS="732"
                          HPOS="612"
                          CONTENT="il"
                          SUBS_TYPE="HypPart1"
                          SUBS_CONTENT="illud,"/>
                  <HYP CONTENT="-"/>
               </TextLine>
               <TextLine ID="r2l35"
                         BASELINE="811"
                         HEIGHT="42"
                         WIDTH="489"
                         VPOS="769"
                         HPOS="183">
                  <String HEIGHT="42"
                          WIDTH="87"
                          VPOS="769"
                          HPOS="172"
                          CONTENT="lud,"
                          SUBS_TYPE="HypPart2"
                          SUBS_CONTENT="illud,"/>
                  <SP HEIGHT="42" WIDTH="11" VPOS="769" HPOS="259"/>
                  <String HEIGHT="42" WIDTH="87" VPOS="769" HPOS="226" CONTENT="quid"/>
                  <SP HEIGHT="42" WIDTH="11" VPOS="769" HPOS="313"/>
                  <String HEIGHT="42"
                          WIDTH="98"
                          VPOS="769"
                          HPOS="281"
                          CONTENT="fuit,"/>
                  <SP HEIGHT="42" WIDTH="11" VPOS="769" HPOS="379"/>
                  <String HEIGHT="42" WIDTH="76" VPOS="769" HPOS="346" CONTENT="aut"/>
                  <SP HEIGHT="42" WIDTH="11" VPOS="769" HPOS="422"/>
                  <String HEIGHT="42"
                          WIDTH="98"
                          VPOS="769"
                          HPOS="389"
                          CONTENT="erit:"/>
                  <SP HEIGHT="42" WIDTH="11" VPOS="769" HPOS="487"/>
                  <String HEIGHT="42" WIDTH="76" VPOS="769" HPOS="455" CONTENT="non"/>
                  <SP HEIGHT="42" WIDTH="11" VPOS="769" HPOS="531"/>
                  <String HEIGHT="42" WIDTH="76" VPOS="769" HPOS="498" CONTENT="ens"/>
                  <SP HEIGHT="42" WIDTH="11" VPOS="769" HPOS="574"/>
                  <String HEIGHT="42"
                          WIDTH="109"
                          VPOS="769"
                          HPOS="542"
                          CONTENT="autem,"/>
                  <SP HEIGHT="42" WIDTH="11" VPOS="769" HPOS="650"/>
                  <String HEIGHT="42" WIDTH="65" VPOS="769" HPOS="607" CONTENT="quid"/>
               </TextLine>
               <TextLine ID="r2l37"
                         BASELINE="863"
                         HEIGHT="56"
                         WIDTH="482"
                         VPOS="807"
                         HPOS="181">
                  <String HEIGHT="56" WIDTH="91" VPOS="807" HPOS="168" CONTENT="non"/>
                  <SP HEIGHT="56" WIDTH="13" VPOS="807" HPOS="259"/>
                  <String HEIGHT="56"
                          WIDTH="208"
                          VPOS="807"
                          HPOS="220"
                          CONTENT="determinatur"/>
                  <SP HEIGHT="56" WIDTH="13" VPOS="807" HPOS="429"/>
                  <String HEIGHT="56" WIDTH="65" VPOS="807" HPOS="389" CONTENT="a"/>
                  <SP HEIGHT="56" WIDTH="13" VPOS="807" HPOS="455"/>
                  <String HEIGHT="56"
                          WIDTH="156"
                          VPOS="807"
                          HPOS="415"
                          CONTENT="tempore,"/>
                  <SP HEIGHT="56" WIDTH="13" VPOS="807" HPOS="572"/>
                  <String HEIGHT="56" WIDTH="91" VPOS="807" HPOS="533" CONTENT="est"/>
                  <SP HEIGHT="56" WIDTH="13" VPOS="807" HPOS="624"/>
                  <String HEIGHT="56"
                          WIDTH="91"
                          VPOS="807"
                          HPOS="572"
                          CONTENT="illud"/>
               </TextLine>
               <TextLine ID="r2l39"
                         BASELINE="899"
                         HEIGHT="52"
                         WIDTH="484"
                         VPOS="847"
                         HPOS="186">
                  <String HEIGHT="52" WIDTH="94" VPOS="847" HPOS="174" CONTENT="quod"/>
                  <SP HEIGHT="52" WIDTH="12" VPOS="847" HPOS="269"/>
                  <String HEIGHT="52"
                          WIDTH="130"
                          VPOS="847"
                          HPOS="233"
                          CONTENT="nunquam"/>
                  <SP HEIGHT="52" WIDTH="12" VPOS="847" HPOS="363"/>
                  <String HEIGHT="52"
                          WIDTH="106"
                          VPOS="847"
                          HPOS="328"
                          CONTENT="fuit,"/>
                  <SP HEIGHT="52" WIDTH="12" VPOS="847" HPOS="434"/>
                  <String HEIGHT="52" WIDTH="83" VPOS="847" HPOS="398" CONTENT="aut"/>
                  <SP HEIGHT="52" WIDTH="12" VPOS="847" HPOS="481"/>
                  <String HEIGHT="52"
                          WIDTH="106"
                          VPOS="847"
                          HPOS="446"
                          CONTENT="erit,"/>
                  <SP HEIGHT="52" WIDTH="12" VPOS="847" HPOS="552"/>
                  <String HEIGHT="52"
                          WIDTH="106"
                          VPOS="847"
                          HPOS="517"
                          CONTENT="neque"/>
                  <SP HEIGHT="52" WIDTH="12" VPOS="847" HPOS="623"/>
                  <String HEIGHT="52" WIDTH="83" VPOS="847" HPOS="587" CONTENT="est"/>
                  <SP HEIGHT="52" WIDTH="12" VPOS="847" HPOS="670"/>
                  <String HEIGHT="52" WIDTH="47" VPOS="847" HPOS="623" CONTENT="mo"/>
               </TextLine>
               <TextLine ID="r2l41"
                         BASELINE="937"
                         HEIGHT="52"
                         WIDTH="489"
                         VPOS="885"
                         HPOS="184">
                  <String HEIGHT="52" WIDTH="104" VPOS="885" HPOS="169" CONTENT="do."/>
                  <SP HEIGHT="52" WIDTH="15" VPOS="885" HPOS="273"/>
                  <String HEIGHT="52" WIDTH="104" VPOS="885" HPOS="228" CONTENT="Et,"/>
                  <SP HEIGHT="52" WIDTH="15" VPOS="885" HPOS="332"/>
                  <String HEIGHT="52"
                          WIDTH="119"
                          VPOS="885"
                          HPOS="288"
                          CONTENT="quia"/>
                  <SP HEIGHT="52" WIDTH="15" VPOS="885" HPOS="406"/>
                  <String HEIGHT="52"
                          WIDTH="119"
                          VPOS="885"
                          HPOS="362"
                          CONTENT="iste"/>
                  <SP HEIGHT="52" WIDTH="15" VPOS="885" HPOS="480"/>
                  <String HEIGHT="52"
                          WIDTH="133"
                          VPOS="885"
                          HPOS="436"
                          CONTENT="modus"/>
                  <SP HEIGHT="52" WIDTH="15" VPOS="885" HPOS="569"/>
                  <String HEIGHT="52" WIDTH="104" VPOS="885" HPOS="525" CONTENT="non"/>
                  <SP HEIGHT="52" WIDTH="15" VPOS="885" HPOS="629"/>
                  <String HEIGHT="52"
                          WIDTH="104"
                          VPOS="885"
                          HPOS="569"
                          CONTENT="entis"/>
               </TextLine>
               <TextLine ID="r2l43"
                         BASELINE="978"
                         HEIGHT="53"
                         WIDTH="476"
                         VPOS="925"
                         HPOS="186">
                  <String HEIGHT="53"
                          WIDTH="142"
                          VPOS="925"
                          HPOS="173"
                          CONTENT="differt"/>
                  <SP HEIGHT="53" WIDTH="13" VPOS="925" HPOS="315"/>
                  <String HEIGHT="53" WIDTH="77" VPOS="925" HPOS="276" CONTENT="ab"/>
                  <SP HEIGHT="53" WIDTH="13" VPOS="925" HPOS="353"/>
                  <String HEIGHT="53"
                          WIDTH="103"
                          VPOS="925"
                          HPOS="315"
                          CONTENT="illo"/>
                  <SP HEIGHT="53" WIDTH="13" VPOS="925" HPOS="418"/>
                  <String HEIGHT="53"
                          WIDTH="103"
                          VPOS="925"
                          HPOS="379"
                          CONTENT="modo"/>
                  <SP HEIGHT="53" WIDTH="13" VPOS="925" HPOS="482"/>
                  <String HEIGHT="53"
                          WIDTH="103"
                          VPOS="925"
                          HPOS="443"
                          CONTENT="alio"/>
                  <SP HEIGHT="53" WIDTH="13" VPOS="925" HPOS="546"/>
                  <String HEIGHT="53" WIDTH="77" VPOS="925" HPOS="508" CONTENT="in"/>
                  <SP HEIGHT="53" WIDTH="13" VPOS="925" HPOS="585"/>
                  <String HEIGHT="53"
                          WIDTH="103"
                          VPOS="925"
                          HPOS="546"
                          CONTENT="hoc,"/>
                  <SP HEIGHT="53" WIDTH="13" VPOS="925" HPOS="649"/>
                  <String HEIGHT="53" WIDTH="64" VPOS="925" HPOS="598" CONTENT="qui"/>
               </TextLine>
               <TextLine ID="r2l45"
                         BASELINE="1018"
                         HEIGHT="53"
                         WIDTH="492"
                         VPOS="965"
                         HPOS="183">
                  <String HEIGHT="53"
                          WIDTH="173"
                          VPOS="965"
                          HPOS="170"
                          CONTENT="oppositum"/>
                  <SP HEIGHT="53" WIDTH="13" VPOS="965" HPOS="343"/>
                  <String HEIGHT="53"
                          WIDTH="133"
                          VPOS="965"
                          HPOS="303"
                          CONTENT="illius"/>
                  <SP HEIGHT="53" WIDTH="13" VPOS="965" HPOS="436"/>
                  <String HEIGHT="53"
                          WIDTH="173"
                          VPOS="965"
                          HPOS="396"
                          CONTENT="inuenitur"/>
                  <SP HEIGHT="53" WIDTH="13" VPOS="965" HPOS="569"/>
                  <String HEIGHT="53"
                          WIDTH="160"
                          VPOS="965"
                          HPOS="515"
                          CONTENT="quandoque,"/>
               </TextLine>
               <TextLine ID="r2l47"
                         BASELINE="1057"
                         HEIGHT="52"
                         WIDTH="472"
                         VPOS="1005"
                         HPOS="187">
                  <String HEIGHT="52" WIDTH="67" VPOS="1005" HPOS="174" CONTENT="&amp;"/>
                  <SP HEIGHT="52" WIDTH="13" VPOS="1005" HPOS="241"/>
                  <String HEIGHT="52"
                          WIDTH="175"
                          VPOS="1005"
                          HPOS="200"
                          CONTENT="oppositum"/>
                  <SP HEIGHT="52" WIDTH="13" VPOS="1005" HPOS="376"/>
                  <String HEIGHT="52"
                          WIDTH="135"
                          VPOS="1005"
                          HPOS="335"
                          CONTENT="istius"/>
                  <SP HEIGHT="52" WIDTH="13" VPOS="1005" HPOS="470"/>
                  <String HEIGHT="52"
                          WIDTH="175"
                          VPOS="1005"
                          HPOS="430"
                          CONTENT="inuenitur"/>
                  <SP HEIGHT="52" WIDTH="13" VPOS="1005" HPOS="605"/>
                  <String HEIGHT="52"
                          WIDTH="108"
                          VPOS="1005"
                          HPOS="551"
                          CONTENT="semper"/>
               </TextLine>
               <TextLine ID="r2l49"
                         BASELINE="1098"
                         HEIGHT="54"
                         WIDTH="486"
                         VPOS="1044"
                         HPOS="185">
                  <String HEIGHT="54"
                          WIDTH="128"
                          VPOS="1044"
                          HPOS="172"
                          CONTENT="dixit:"/>
                  <SP HEIGHT="54" WIDTH="13" VPOS="1044" HPOS="300"/>
                  <String HEIGHT="54" WIDTH="64" VPOS="1044" HPOS="262" CONTENT="&amp;"/>
                  <SP HEIGHT="54" WIDTH="13" VPOS="1044" HPOS="326"/>
                  <String HEIGHT="54"
                          WIDTH="102"
                          VPOS="1044"
                          HPOS="287"
                          CONTENT="quae"/>
                  <SP HEIGHT="54" WIDTH="13" VPOS="1044" HPOS="390"/>
                  <String HEIGHT="54"
                          WIDTH="102"
                          VPOS="1044"
                          HPOS="351"
                          CONTENT="sunt"/>
                  <SP HEIGHT="54" WIDTH="13" VPOS="1044" HPOS="454"/>
                  <String HEIGHT="54"
                          WIDTH="128"
                          VPOS="1044"
                          HPOS="415"
                          CONTENT="talia,"/>
                  <SP HEIGHT="54" WIDTH="13" VPOS="1044" HPOS="543"/>
                  <String HEIGHT="54" WIDTH="90" VPOS="1044" HPOS="505" CONTENT="&amp;c."/>
                  <SP HEIGHT="54" WIDTH="13" VPOS="1044" HPOS="594"/>
                  <String HEIGHT="54" WIDTH="77" VPOS="1044" HPOS="556" CONTENT="i."/>
                  <SP HEIGHT="54" WIDTH="13" VPOS="1044" HPOS="633"/>
                  <String HEIGHT="54" WIDTH="64" VPOS="1044" HPOS="594" CONTENT="&amp;"/>
                  <SP HEIGHT="54" WIDTH="13" VPOS="1044" HPOS="658"/>
                  <String HEIGHT="54" WIDTH="64" VPOS="1044" HPOS="607" CONTENT="est"/>
               </TextLine>
               <TextLine ID="r2l51"
                         BASELINE="1135"
                         HEIGHT="50"
                         WIDTH="477"
                         VPOS="1085"
                         HPOS="193">
                  <String HEIGHT="50"
                          WIDTH="146"
                          VPOS="1085"
                          HPOS="180"
                          CONTENT="poprium"/>
                  <SP HEIGHT="50" WIDTH="13" VPOS="1085" HPOS="326"/>
                  <String HEIGHT="50"
                          WIDTH="106"
                          VPOS="1085"
                          HPOS="286"
                          CONTENT="huic"/>
                  <SP HEIGHT="50" WIDTH="13" VPOS="1085" HPOS="392"/>
                  <String HEIGHT="50"
                          WIDTH="133"
                          VPOS="1085"
                          HPOS="352"
                          CONTENT="generi"/>
                  <SP HEIGHT="50" WIDTH="13" VPOS="1085" HPOS="485"/>
                  <String HEIGHT="50"
                          WIDTH="199"
                          VPOS="1085"
                          HPOS="445"
                          CONTENT="priuationis"/>
                  <SP HEIGHT="50" WIDTH="13" VPOS="1085" HPOS="644"/>
                  <String HEIGHT="50"
                          WIDTH="80"
                          VPOS="1085"
                          HPOS="591"
                          CONTENT="hoc,"/>
               </TextLine>
               <TextLine ID="r2l53"
                         BASELINE="1172"
                         HEIGHT="50"
                         WIDTH="477"
                         VPOS="1122"
                         HPOS="190">
                  <String HEIGHT="50"
                          WIDTH="100"
                          VPOS="1122"
                          HPOS="177"
                          CONTENT="quod"/>
                  <SP HEIGHT="50" WIDTH="13" VPOS="1122" HPOS="278"/>
                  <String HEIGHT="50"
                          WIDTH="163"
                          VPOS="1122"
                          HPOS="240"
                          CONTENT="oppositum"/>
                  <SP HEIGHT="50" WIDTH="13" VPOS="1122" HPOS="403"/>
                  <String HEIGHT="50"
                          WIDTH="100"
                          VPOS="1122"
                          HPOS="366"
                          CONTENT="eius"/>
                  <SP HEIGHT="50" WIDTH="13" VPOS="1122" HPOS="466"/>
                  <String HEIGHT="50" WIDTH="88" VPOS="1122" HPOS="429" CONTENT="est"/>
                  <SP HEIGHT="50" WIDTH="13" VPOS="1122" HPOS="516"/>
                  <String HEIGHT="50"
                          WIDTH="138"
                          VPOS="1122"
                          HPOS="479"
                          CONTENT="semper,"/>
                  <SP HEIGHT="50" WIDTH="13" VPOS="1122" HPOS="617"/>
                  <String HEIGHT="50" WIDTH="75" VPOS="1122" HPOS="579" CONTENT="vt"/>
                  <SP HEIGHT="50" WIDTH="13" VPOS="1122" HPOS="654"/>
                  <String HEIGHT="50" WIDTH="63" VPOS="1122" HPOS="604" CONTENT="dia"/>
               </TextLine>
               <TextLine ID="r2l55"
                         BASELINE="1202"
                         HEIGHT="40"
                         WIDTH="487"
                         VPOS="1162"
                         HPOS="182">
                  <String HEIGHT="40"
                          WIDTH="139"
                          VPOS="1162"
                          HPOS="168"
                          CONTENT="metrum"/>
                  <SP HEIGHT="40" WIDTH="14" VPOS="1162" HPOS="307"/>
                  <String HEIGHT="40"
                          WIDTH="111"
                          VPOS="1162"
                          HPOS="265"
                          CONTENT="esse"/>
                  <SP HEIGHT="40" WIDTH="14" VPOS="1162" HPOS="377"/>
                  <String HEIGHT="40"
                          WIDTH="167"
                          VPOS="1162"
                          HPOS="335"
                          CONTENT="simetrum"/>
                  <SP HEIGHT="40" WIDTH="14" VPOS="1162" HPOS="502"/>
                  <String HEIGHT="40"
                          WIDTH="153"
                          VPOS="1162"
                          HPOS="460"
                          CONTENT="costae."/>
                  <SP HEIGHT="40" WIDTH="14" VPOS="1162" HPOS="613"/>
                  <String HEIGHT="40"
                          WIDTH="111"
                          VPOS="1162"
                          HPOS="558"
                          CONTENT="diame"
                          SUBS_TYPE="HypPart1"
                          SUBS_CONTENT="diametrum"/>
                  <HYP CONTENT="-"/>
               </TextLine>
               <TextLine ID="r2l57"
                         BASELINE="1256"
                         HEIGHT="51"
                         WIDTH="479"
                         VPOS="1205"
                         HPOS="185">
                  <String HEIGHT="51"
                          WIDTH="106"
                          VPOS="1205"
                          HPOS="172"
                          CONTENT="trum"
                          SUBS_TYPE="HypPart2"
                          SUBS_CONTENT="diametrum"/>
                  <SP HEIGHT="51" WIDTH="13" VPOS="1205" HPOS="278"/>
                  <String HEIGHT="51"
                          WIDTH="106"
                          VPOS="1205"
                          HPOS="238"
                          CONTENT="enim"/>
                  <SP HEIGHT="51" WIDTH="13" VPOS="1205" HPOS="345"/>
                  <String HEIGHT="51"
                          WIDTH="106"
                          VPOS="1205"
                          HPOS="305"
                          CONTENT="esse"/>
                  <SP HEIGHT="51" WIDTH="13" VPOS="1205" HPOS="411"/>
                  <String HEIGHT="51"
                          WIDTH="186"
                          VPOS="1205"
                          HPOS="371"
                          CONTENT="assimetrum"/>
                  <SP HEIGHT="51" WIDTH="13" VPOS="1205" HPOS="558"/>
                  <String HEIGHT="51" WIDTH="93" VPOS="1205" HPOS="518" CONTENT="est"/>
                  <SP HEIGHT="51" WIDTH="13" VPOS="1205" HPOS="611"/>
                  <String HEIGHT="51"
                          WIDTH="106"
                          VPOS="1205"
                          HPOS="558"
                          CONTENT="semper"/>
               </TextLine>
               <TextLine ID="r2l59"
                         BASELINE="1294"
                         HEIGHT="50"
                         WIDTH="494"
                         VPOS="1244"
                         HPOS="182">
                  <String HEIGHT="50" WIDTH="73" VPOS="1244" HPOS="167" CONTENT="&amp;"/>
                  <SP HEIGHT="50" WIDTH="15" VPOS="1244" HPOS="240"/>
                  <String HEIGHT="50"
                          WIDTH="116"
                          VPOS="1244"
                          HPOS="197"
                          CONTENT="ideo"/>
                  <SP HEIGHT="50" WIDTH="15" VPOS="1244" HPOS="313"/>
                  <String HEIGHT="50"
                          WIDTH="131"
                          VPOS="1244"
                          HPOS="269"
                          CONTENT="ipsum"/>
                  <SP HEIGHT="50" WIDTH="15" VPOS="1244" HPOS="400"/>
                  <String HEIGHT="50"
                          WIDTH="116"
                          VPOS="1244"
                          HPOS="356"
                          CONTENT="esse"/>
                  <SP HEIGHT="50" WIDTH="15" VPOS="1244" HPOS="473"/>
                  <String HEIGHT="50"
                          WIDTH="174"
                          VPOS="1244"
                          HPOS="429"
                          CONTENT="simetrum"/>
                  <SP HEIGHT="50" WIDTH="15" VPOS="1244" HPOS="603"/>
                  <String HEIGHT="50"
                          WIDTH="131"
                          VPOS="1244"
                          HPOS="545"
                          CONTENT="nunquam"/>
               </TextLine>
               <TextLine ID="r2l61"
                         BASELINE="1333"
                         HEIGHT="49"
                         WIDTH="483"
                         VPOS="1284"
                         HPOS="178">
                  <String HEIGHT="49"
                          WIDTH="94"
                          VPOS="1284"
                          HPOS="166"
                          CONTENT="est."/>
                  <SP HEIGHT="49" WIDTH="12" VPOS="1284" HPOS="260"/>
                  <String HEIGHT="49"
                          WIDTH="94"
                          VPOS="1284"
                          HPOS="225"
                          CONTENT="D.d."/>
                  <SP HEIGHT="49" WIDTH="12" VPOS="1284" HPOS="319"/>
                  <String HEIGHT="49" WIDTH="59" VPOS="1284" HPOS="284" CONTENT="&amp;"/>
                  <SP HEIGHT="49" WIDTH="12" VPOS="1284" HPOS="343"/>
                  <String HEIGHT="49" WIDTH="82" VPOS="1284" HPOS="308" CONTENT="hoc"/>
                  <SP HEIGHT="49" WIDTH="12" VPOS="1284" HPOS="390"/>
                  <String HEIGHT="49" WIDTH="82" VPOS="1284" HPOS="355" CONTENT="non"/>
                  <SP HEIGHT="49" WIDTH="12" VPOS="1284" HPOS="437"/>
                  <String HEIGHT="49" WIDTH="82" VPOS="1284" HPOS="402" CONTENT="est"/>
                  <SP HEIGHT="49" WIDTH="12" VPOS="1284" HPOS="484"/>
                  <String HEIGHT="49" WIDTH="71" VPOS="1284" HPOS="449" CONTENT="in"/>
                  <SP HEIGHT="49" WIDTH="12" VPOS="1284" HPOS="520"/>
                  <String HEIGHT="49"
                          WIDTH="106"
                          VPOS="1284"
                          HPOS="484"
                          CONTENT="tpre,"/>
                  <SP HEIGHT="49" WIDTH="12" VPOS="1284" HPOS="590"/>
                  <String HEIGHT="49"
                          WIDTH="106"
                          VPOS="1284"
                          HPOS="555"
                          CONTENT="neque"/>
                  <SP HEIGHT="49" WIDTH="12" VPOS="1284" HPOS="661"/>
                  <String HEIGHT="49" WIDTH="47" VPOS="1284" HPOS="614" CONTENT="si"/>
               </TextLine>
               <TextLine ID="line_1611948845401_6349"
                         BASELINE="1362"
                         HEIGHT="42"
                         WIDTH="500"
                         VPOS="1320"
                         HPOS="165">
                  <String HEIGHT="42"
                          WIDTH="162"
                          VPOS="1320"
                          HPOS="150"
                          CONTENT="metrum,"/>
                  <SP HEIGHT="42" WIDTH="15" VPOS="1320" HPOS="312"/>
                  <String HEIGHT="42" WIDTH="88" VPOS="1320" HPOS="268" CONTENT="i."/>
                  <SP HEIGHT="42" WIDTH="15" VPOS="1320" HPOS="356"/>
                  <String HEIGHT="42" WIDTH="74" VPOS="1320" HPOS="312" CONTENT="&amp;"/>
                  <SP HEIGHT="42" WIDTH="15" VPOS="1320" HPOS="386"/>
                  <String HEIGHT="42"
                          WIDTH="132"
                          VPOS="1320"
                          HPOS="341"
                          CONTENT="ipsum"/>
                  <SP HEIGHT="42" WIDTH="15" VPOS="1320" HPOS="474"/>
                  <String HEIGHT="42"
                          WIDTH="118"
                          VPOS="1320"
                          HPOS="430"
                          CONTENT="esse"/>
                  <SP HEIGHT="42" WIDTH="15" VPOS="1320" HPOS="547"/>
                  <String HEIGHT="42"
                          WIDTH="176"
                          VPOS="1320"
                          HPOS="489"
                          CONTENT="assimetrum"/>
               </TextLine>
               <TextLine ID="r2l64"
                         BASELINE="1402"
                         HEIGHT="37"
                         WIDTH="487"
                         VPOS="1365"
                         HPOS="184">
                  <String HEIGHT="37" WIDTH="92" VPOS="1365" HPOS="171" CONTENT="non"/>
                  <SP HEIGHT="37" WIDTH="13" VPOS="1365" HPOS="263"/>
                  <String HEIGHT="37" WIDTH="92" VPOS="1365" HPOS="223" CONTENT="est"/>
                  <SP HEIGHT="37" WIDTH="13" VPOS="1365" HPOS="316"/>
                  <String HEIGHT="37" WIDTH="79" VPOS="1365" HPOS="276" CONTENT="in"/>
                  <SP HEIGHT="37" WIDTH="13" VPOS="1365" HPOS="355"/>
                  <String HEIGHT="37"
                          WIDTH="105"
                          VPOS="1365"
                          HPOS="316"
                          CONTENT="tpe,"/>
                  <SP HEIGHT="37" WIDTH="13" VPOS="1365" HPOS="421"/>
                  <String HEIGHT="37"
                          WIDTH="105"
                          VPOS="1365"
                          HPOS="381"
                          CONTENT="quia"/>
                  <SP HEIGHT="37" WIDTH="13" VPOS="1365" HPOS="487"/>
                  <String HEIGHT="37" WIDTH="92" VPOS="1365" HPOS="447" CONTENT="est"/>
                  <SP HEIGHT="37" WIDTH="13" VPOS="1365" HPOS="539"/>
                  <String HEIGHT="37"
                          WIDTH="184"
                          VPOS="1365"
                          HPOS="487"
                          CONTENT="necessarium:"/>
               </TextLine>
               <TextLine ID="r2l66"
                         BASELINE="1442"
                         HEIGHT="43"
                         WIDTH="494"
                         VPOS="1399"
                         HPOS="178">
                  <String HEIGHT="43"
                          WIDTH="114"
                          VPOS="1399"
                          HPOS="165"
                          CONTENT="neque"/>
                  <SP HEIGHT="43" WIDTH="13" VPOS="1399" HPOS="279"/>
                  <String HEIGHT="43"
                          WIDTH="114"
                          VPOS="1399"
                          HPOS="241"
                          CONTENT="etiam"/>
                  <SP HEIGHT="43" WIDTH="13" VPOS="1399" HPOS="355"/>
                  <String HEIGHT="43"
                          WIDTH="114"
                          VPOS="1399"
                          HPOS="317"
                          CONTENT="ipsum"/>
                  <SP HEIGHT="43" WIDTH="13" VPOS="1399" HPOS="431"/>
                  <String HEIGHT="43"
                          WIDTH="101"
                          VPOS="1399"
                          HPOS="393"
                          CONTENT="esse"/>
                  <SP HEIGHT="43" WIDTH="13" VPOS="1399" HPOS="495"/>
                  <String HEIGHT="43"
                          WIDTH="152"
                          VPOS="1399"
                          HPOS="457"
                          CONTENT="simetrum"/>
                  <SP HEIGHT="43" WIDTH="13" VPOS="1399" HPOS="609"/>
                  <String HEIGHT="43" WIDTH="89" VPOS="1399" HPOS="571" CONTENT="est"/>
                  <SP HEIGHT="43" WIDTH="13" VPOS="1399" HPOS="659"/>
                  <String HEIGHT="43" WIDTH="76" VPOS="1399" HPOS="621" CONTENT="in"/>
                  <SP HEIGHT="43" WIDTH="13" VPOS="1399" HPOS="697"/>
                  <String HEIGHT="43" WIDTH="25" VPOS="1399" HPOS="647" CONTENT=""/>
               </TextLine>
               <TextLine ID="r2l68"
                         BASELINE="1483"
                         HEIGHT="43"
                         WIDTH="485"
                         VPOS="1440"
                         HPOS="182">
                  <String HEIGHT="43"
                          WIDTH="125"
                          VPOS="1440"
                          HPOS="168"
                          CONTENT="tpre,"/>
                  <SP HEIGHT="43" WIDTH="14" VPOS="1440" HPOS="293"/>
                  <String HEIGHT="43"
                          WIDTH="111"
                          VPOS="1440"
                          HPOS="251"
                          CONTENT="quia"/>
                  <SP HEIGHT="43" WIDTH="14" VPOS="1440" HPOS="362"/>
                  <String HEIGHT="43" WIDTH="97" VPOS="1440" HPOS="321" CONTENT="est"/>
                  <SP HEIGHT="43" WIDTH="14" VPOS="1440" HPOS="418"/>
                  <String HEIGHT="43"
                          WIDTH="180"
                          VPOS="1440"
                          HPOS="376"
                          CONTENT="oppositum"/>
                  <SP HEIGHT="43" WIDTH="14" VPOS="1440" HPOS="556"/>
                  <String HEIGHT="43" WIDTH="83" VPOS="1440" HPOS="515" CONTENT="ad"/>
                  <SP HEIGHT="43" WIDTH="14" VPOS="1440" HPOS="598"/>
                  <String HEIGHT="43"
                          WIDTH="125"
                          VPOS="1440"
                          HPOS="542"
                          CONTENT="assime"
                          SUBS_TYPE="HypPart1"
                          SUBS_CONTENT="assimetrum."/>
                  <HYP CONTENT="-"/>
               </TextLine>
               <TextLine ID="r2l70"
                         BASELINE="1528"
                         HEIGHT="48"
                         WIDTH="485"
                         VPOS="1480"
                         HPOS="184">
                  <String HEIGHT="48"
                          WIDTH="118"
                          VPOS="1480"
                          HPOS="171"
                          CONTENT="trum."
                          SUBS_TYPE="HypPart2"
                          SUBS_CONTENT="assimetrum."/>
                  <SP HEIGHT="48" WIDTH="13" VPOS="1480" HPOS="289"/>
                  <String HEIGHT="48"
                          WIDTH="105"
                          VPOS="1480"
                          HPOS="250"
                          CONTENT="D.d."/>
                  <SP HEIGHT="48" WIDTH="13" VPOS="1480" HPOS="354"/>
                  <String HEIGHT="48" WIDTH="66" VPOS="1480" HPOS="315" CONTENT="&amp;"/>
                  <SP HEIGHT="48" WIDTH="13" VPOS="1480" HPOS="381"/>
                  <String HEIGHT="48"
                          WIDTH="105"
                          VPOS="1480"
                          HPOS="341"
                          CONTENT="ideo"/>
                  <SP HEIGHT="48" WIDTH="13" VPOS="1480" HPOS="446"/>
                  <String HEIGHT="48" WIDTH="92" VPOS="1480" HPOS="407" CONTENT="est"/>
                  <SP HEIGHT="48" WIDTH="13" VPOS="1480" HPOS="499"/>
                  <String HEIGHT="48" WIDTH="92" VPOS="1480" HPOS="459" CONTENT="non"/>
                  <SP HEIGHT="48" WIDTH="13" VPOS="1480" HPOS="551"/>
                  <String HEIGHT="48" WIDTH="92" VPOS="1480" HPOS="512" CONTENT="ens"/>
                  <SP HEIGHT="48" WIDTH="13" VPOS="1480" HPOS="603"/>
                  <String HEIGHT="48"
                          WIDTH="118"
                          VPOS="1480"
                          HPOS="551"
                          CONTENT="semper."/>
               </TextLine>
               <TextLine ID="r2l72"
                         BASELINE="1562"
                         HEIGHT="44"
                         WIDTH="497"
                         VPOS="1518"
                         HPOS="180">
                  <String HEIGHT="44" WIDTH="73" VPOS="1518" HPOS="168" CONTENT="i."/>
                  <SP HEIGHT="44" WIDTH="12" VPOS="1518" HPOS="241"/>
                  <String HEIGHT="44" WIDTH="61" VPOS="1518" HPOS="204" CONTENT="&amp;"/>
                  <SP HEIGHT="44" WIDTH="12" VPOS="1518" HPOS="265"/>
                  <String HEIGHT="44"
                          WIDTH="97"
                          VPOS="1518"
                          HPOS="228"
                          CONTENT="ideo"/>
                  <SP HEIGHT="44" WIDTH="12" VPOS="1518" HPOS="325"/>
                  <String HEIGHT="44"
                          WIDTH="158"
                          VPOS="1518"
                          HPOS="289"
                          CONTENT="diametrum"/>
                  <SP HEIGHT="44" WIDTH="12" VPOS="1518" HPOS="447"/>
                  <String HEIGHT="44"
                          WIDTH="97"
                          VPOS="1518"
                          HPOS="410"
                          CONTENT="esse"/>
                  <SP HEIGHT="44" WIDTH="12" VPOS="1518" HPOS="507"/>
                  <String HEIGHT="44"
                          WIDTH="145"
                          VPOS="1518"
                          HPOS="471"
                          CONTENT="simetrum"/>
                  <SP HEIGHT="44" WIDTH="12" VPOS="1518" HPOS="616"/>
                  <String HEIGHT="44" WIDTH="85" VPOS="1518" HPOS="580" CONTENT="est"/>
                  <SP HEIGHT="44" WIDTH="12" VPOS="1518" HPOS="665"/>
                  <String HEIGHT="44" WIDTH="61" VPOS="1518" HPOS="616" CONTENT="non"/>
               </TextLine>
               <TextLine ID="r2l74"
                         BASELINE="1602"
                         HEIGHT="46"
                         WIDTH="492"
                         VPOS="1556"
                         HPOS="183">
                  <String HEIGHT="46" WIDTH="98" VPOS="1556" HPOS="169" CONTENT="ens"/>
                  <SP HEIGHT="46" WIDTH="14" VPOS="1556" HPOS="267"/>
                  <String HEIGHT="46"
                          WIDTH="155"
                          VPOS="1556"
                          HPOS="225"
                          CONTENT="semper,"/>
                  <SP HEIGHT="46" WIDTH="14" VPOS="1556" HPOS="380"/>
                  <String HEIGHT="46"
                          WIDTH="112"
                          VPOS="1556"
                          HPOS="338"
                          CONTENT="quia"/>
                  <SP HEIGHT="46" WIDTH="14" VPOS="1556" HPOS="450"/>
                  <String HEIGHT="46" WIDTH="98" VPOS="1556" HPOS="408" CONTENT="est"/>
                  <SP HEIGHT="46" WIDTH="14" VPOS="1556" HPOS="506"/>
                  <String HEIGHT="46"
                          WIDTH="197"
                          VPOS="1556"
                          HPOS="464"
                          CONTENT="contrarium"/>
                  <SP HEIGHT="46" WIDTH="14" VPOS="1556" HPOS="661"/>
                  <String HEIGHT="46" WIDTH="70" VPOS="1556" HPOS="605" CONTENT="ei,"/>
               </TextLine>
               <TextLine ID="r2l76"
                         BASELINE="1646"
                         HEIGHT="49"
                         WIDTH="489"
                         VPOS="1597"
                         HPOS="182">
                  <String HEIGHT="49"
                          WIDTH="85"
                          VPOS="1597"
                          HPOS="171"
                          CONTENT="quod"/>
                  <SP HEIGHT="49" WIDTH="11" VPOS="1597" HPOS="256"/>
                  <String HEIGHT="49" WIDTH="74" VPOS="1597" HPOS="225" CONTENT="est"/>
                  <SP HEIGHT="49" WIDTH="11" VPOS="1597" HPOS="299"/>
                  <String HEIGHT="49" WIDTH="74" VPOS="1597" HPOS="267" CONTENT="ens"/>
                  <SP HEIGHT="49" WIDTH="11" VPOS="1597" HPOS="341"/>
                  <String HEIGHT="49"
                          WIDTH="96"
                          VPOS="1597"
                          HPOS="310"
                          CONTENT="sempe"/>
                  <SP HEIGHT="49" WIDTH="11" VPOS="1597" HPOS="405"/>
                  <String HEIGHT="49"
                          WIDTH="128"
                          VPOS="1597"
                          HPOS="373"
                          CONTENT="scilicet"/>
                  <SP HEIGHT="49" WIDTH="11" VPOS="1597" HPOS="501"/>
                  <String HEIGHT="49" WIDTH="64" VPOS="1597" HPOS="469" CONTENT="ad"/>
                  <SP HEIGHT="49" WIDTH="11" VPOS="1597" HPOS="533"/>
                  <String HEIGHT="49"
                          WIDTH="159"
                          VPOS="1597"
                          HPOS="501"
                          CONTENT="assimetrum."/>
                  <SP HEIGHT="49" WIDTH="11" VPOS="1597" HPOS="660"/>
                  <String HEIGHT="49" WIDTH="53" VPOS="1597" HPOS="618" CONTENT="Et,"/>
               </TextLine>
               <TextLine ID="r2l78"
                         BASELINE="1682"
                         HEIGHT="48"
                         WIDTH="490"
                         VPOS="1634"
                         HPOS="185">
                  <String HEIGHT="48" WIDTH="86" VPOS="1634" HPOS="173" CONTENT="cum"/>
                  <SP HEIGHT="48" WIDTH="12" VPOS="1634" HPOS="259"/>
                  <String HEIGHT="48"
                          WIDTH="147"
                          VPOS="1634"
                          HPOS="222"
                          CONTENT="narrauit"/>
                  <SP HEIGHT="48" WIDTH="12" VPOS="1634" HPOS="369"/>
                  <String HEIGHT="48"
                          WIDTH="98"
                          VPOS="1634"
                          HPOS="332"
                          CONTENT="quod"/>
                  <SP HEIGHT="48" WIDTH="12" VPOS="1634" HPOS="430"/>
                  <String HEIGHT="48"
                          WIDTH="110"
                          VPOS="1634"
                          HPOS="393"
                          CONTENT="illa,"/>
                  <SP HEIGHT="48" WIDTH="12" VPOS="1634" HPOS="504"/>
                  <String HEIGHT="48"
                          WIDTH="98"
                          VPOS="1634"
                          HPOS="467"
                          CONTENT="quae"/>
                  <SP HEIGHT="48" WIDTH="12" VPOS="1634" HPOS="565"/>
                  <String HEIGHT="48"
                          WIDTH="98"
                          VPOS="1634"
                          HPOS="528"
                          CONTENT="sunt"/>
                  <SP HEIGHT="48" WIDTH="12" VPOS="1634" HPOS="626"/>
                  <String HEIGHT="48"
                          WIDTH="98"
                          VPOS="1634"
                          HPOS="577"
                          CONTENT="semper"/>
               </TextLine>
               <TextLine ID="r2l80"
                         BASELINE="1721"
                         HEIGHT="49"
                         WIDTH="490"
                         VPOS="1672"
                         HPOS="178">
                  <String HEIGHT="49"
                          WIDTH="163"
                          VPOS="1672"
                          HPOS="164"
                          CONTENT="priuata,"/>
                  <SP HEIGHT="49" WIDTH="14" VPOS="1672" HPOS="328"/>
                  <String HEIGHT="49"
                          WIDTH="109"
                          VPOS="1672"
                          HPOS="287"
                          CONTENT="sunt"/>
                  <SP HEIGHT="49" WIDTH="14" VPOS="1672" HPOS="396"/>
                  <String HEIGHT="49"
                          WIDTH="123"
                          VPOS="1672"
                          HPOS="355"
                          CONTENT="illa,"/>
                  <SP HEIGHT="49" WIDTH="14" VPOS="1672" HPOS="477"/>
                  <String HEIGHT="49"
                          WIDTH="136"
                          VPOS="1672"
                          HPOS="437"
                          CONTENT="quorum"/>
                  <SP HEIGHT="49" WIDTH="14" VPOS="1672" HPOS="573"/>
                  <String HEIGHT="49"
                          WIDTH="150"
                          VPOS="1672"
                          HPOS="518"
                          CONTENT="contraria"/>
               </TextLine>
               <TextLine ID="r2l82"
                         BASELINE="1754"
                         HEIGHT="44"
                         WIDTH="478"
                         VPOS="1710"
                         HPOS="183">
                  <String HEIGHT="44"
                          WIDTH="103"
                          VPOS="1710"
                          HPOS="170"
                          CONTENT="sunt"/>
                  <SP HEIGHT="44" WIDTH="13" VPOS="1710" HPOS="273"/>
                  <String HEIGHT="44"
                          WIDTH="142"
                          VPOS="1710"
                          HPOS="235"
                          CONTENT="semper:"/>
                  <SP HEIGHT="44" WIDTH="13" VPOS="1710" HPOS="377"/>
                  <String HEIGHT="44" WIDTH="65" VPOS="1710" HPOS="338" CONTENT="&amp;"/>
                  <SP HEIGHT="44" WIDTH="13" VPOS="1710" HPOS="403"/>
                  <String HEIGHT="44"
                          WIDTH="103"
                          VPOS="1710"
                          HPOS="364"
                          CONTENT="sunt"/>
                  <SP HEIGHT="44" WIDTH="13" VPOS="1710" HPOS="467"/>
                  <String HEIGHT="44"
                          WIDTH="116"
                          VPOS="1710"
                          HPOS="428"
                          CONTENT="illa,"/>
                  <SP HEIGHT="44" WIDTH="13" VPOS="1710" HPOS="545"/>
                  <String HEIGHT="44"
                          WIDTH="129"
                          VPOS="1710"
                          HPOS="506"
                          CONTENT="quorum"/>
                  <SP HEIGHT="44" WIDTH="13" VPOS="1710" HPOS="635"/>
                  <String HEIGHT="44"
                          WIDTH="78"
                          VPOS="1710"
                          HPOS="583"
                          CONTENT="esse"/>
               </TextLine>
               <TextLine ID="r2l83"
                         BASELINE="1791"
                         HEIGHT="37"
                         WIDTH="493"
                         VPOS="1754"
                         HPOS="180">
                  <String HEIGHT="37" WIDTH="68" VPOS="1754" HPOS="166" CONTENT="&amp;"/>
                  <SP HEIGHT="37" WIDTH="14" VPOS="1754" HPOS="235"/>
                  <String HEIGHT="37" WIDTH="96" VPOS="1754" HPOS="194" CONTENT="non"/>
                  <SP HEIGHT="37" WIDTH="14" VPOS="1754" HPOS="290"/>
                  <String HEIGHT="37"
                          WIDTH="110"
                          VPOS="1754"
                          HPOS="248"
                          CONTENT="esse"/>
                  <SP HEIGHT="37" WIDTH="14" VPOS="1754" HPOS="358"/>
                  <String HEIGHT="37" WIDTH="96" VPOS="1754" HPOS="317" CONTENT="non"/>
                  <SP HEIGHT="37" WIDTH="14" VPOS="1754" HPOS="413"/>
                  <String HEIGHT="37"
                          WIDTH="164"
                          VPOS="1754"
                          HPOS="372"
                          CONTENT="terminat"/>
                  <SP HEIGHT="37" WIDTH="14" VPOS="1754" HPOS="536"/>
                  <String HEIGHT="37"
                          WIDTH="137"
                          VPOS="1754"
                          HPOS="495"
                          CONTENT="tmens:"/>
                  <SP HEIGHT="37" WIDTH="14" VPOS="1754" HPOS="632"/>
                  <String HEIGHT="37"
                          WIDTH="96"
                          VPOS="1754"
                          HPOS="577"
                          CONTENT="narra"/>
               </TextLine>
               <TextLine ID="r2l85"
                         BASELINE="1840"
                         HEIGHT="49"
                         WIDTH="494"
                         VPOS="1791"
                         HPOS="182">
                  <String HEIGHT="49" WIDTH="99" VPOS="1791" HPOS="168" CONTENT="uit"/>
                  <SP HEIGHT="49" WIDTH="14" VPOS="1791" HPOS="267"/>
                  <String HEIGHT="49"
                          WIDTH="113"
                          VPOS="1791"
                          HPOS="224"
                          CONTENT="quod"/>
                  <SP HEIGHT="49" WIDTH="14" VPOS="1791" HPOS="337"/>
                  <String HEIGHT="49"
                          WIDTH="169"
                          VPOS="1791"
                          HPOS="295"
                          CONTENT="secundus"/>
                  <SP HEIGHT="49" WIDTH="14" VPOS="1791" HPOS="464"/>
                  <String HEIGHT="49"
                          WIDTH="127"
                          VPOS="1791"
                          HPOS="422"
                          CONTENT="modus"/>
                  <SP HEIGHT="49" WIDTH="14" VPOS="1791" HPOS="549"/>
                  <String HEIGHT="49"
                          WIDTH="183"
                          VPOS="1791"
                          HPOS="493"
                          CONTENT="priuationum"/>
               </TextLine>
               <TextLine ID="r2l87"
                         BASELINE="1874"
                         HEIGHT="46"
                         WIDTH="497"
                         VPOS="1828"
                         HPOS="181">
                  <String HEIGHT="46" WIDTH="85" VPOS="1828" HPOS="169" CONTENT="est"/>
                  <SP HEIGHT="46" WIDTH="12" VPOS="1828" HPOS="254"/>
                  <String HEIGHT="46"
                          WIDTH="158"
                          VPOS="1828"
                          HPOS="217"
                          CONTENT="oppositus"/>
                  <SP HEIGHT="46" WIDTH="12" VPOS="1828" HPOS="375"/>
                  <String HEIGHT="46"
                          WIDTH="121"
                          VPOS="1828"
                          HPOS="339"
                          CONTENT="istis,"/>
                  <SP HEIGHT="46" WIDTH="12" VPOS="1828" HPOS="460"/>
                  <String HEIGHT="46" WIDTH="61" VPOS="1828" HPOS="423" CONTENT="&amp;"/>
                  <SP HEIGHT="46" WIDTH="12" VPOS="1828" HPOS="484"/>
                  <String HEIGHT="46"
                          WIDTH="121"
                          VPOS="1828"
                          HPOS="448"
                          CONTENT="dixit."/>
                  <SP HEIGHT="46" WIDTH="12" VPOS="1828" HPOS="569"/>
                  <String HEIGHT="46"
                          WIDTH="97"
                          VPOS="1828"
                          HPOS="533"
                          CONTENT="illa"/>
                  <SP HEIGHT="46" WIDTH="12" VPOS="1828" HPOS="630"/>
                  <String HEIGHT="46"
                          WIDTH="97"
                          VPOS="1828"
                          HPOS="581"
                          CONTENT="autem,"/>
               </TextLine>
            </TextBlock>
            <TextBlock ID="TextRegion_1611948842424_6340"
                       HEIGHT="1801"
                       WIDTH="508"
                       VPOS="105"
                       HPOS="690">
               <Shape>
                  <Polygon POINTS="690,105 1198,105 1198,1906 690,1906"/>
               </Shape>
               <TextLine ID="r2l2"
                         BASELINE="194"
                         HEIGHT="54"
                         WIDTH="491"
                         VPOS="140"
                         HPOS="702">
                  <String HEIGHT="54"
                          WIDTH="126"
                          VPOS="140"
                          HPOS="689"
                          CONTENT="quorum"/>
                  <SP HEIGHT="54" WIDTH="13" VPOS="140" HPOS="815"/>
                  <String HEIGHT="54"
                          WIDTH="176"
                          VPOS="140"
                          HPOS="778"
                          CONTENT="contraria,"/>
                  <SP HEIGHT="54" WIDTH="13" VPOS="140" HPOS="954"/>
                  <String HEIGHT="54" WIDTH="88" VPOS="140" HPOS="916" CONTENT="&amp;c."/>
                  <SP HEIGHT="54" WIDTH="13" VPOS="140" HPOS="1004"/>
                  <String HEIGHT="54" WIDTH="76" VPOS="140" HPOS="966" CONTENT="i."/>
                  <SP HEIGHT="54" WIDTH="13" VPOS="140" HPOS="1042"/>
                  <String HEIGHT="54"
                          WIDTH="138"
                          VPOS="140"
                          HPOS="1004"
                          CONTENT="priuata"/>
                  <SP HEIGHT="54" WIDTH="13" VPOS="140" HPOS="1143"/>
                  <String HEIGHT="54"
                          WIDTH="101"
                          VPOS="140"
                          HPOS="1092"
                          CONTENT="autem,"/>
               </TextLine>
               <TextLine ID="r2l4"
                         BASELINE="230"
                         HEIGHT="45"
                         WIDTH="477"
                         VPOS="185"
                         HPOS="710">
                  <String HEIGHT="45"
                          WIDTH="133"
                          VPOS="185"
                          HPOS="697"
                          CONTENT="quorum"/>
                  <SP HEIGHT="45" WIDTH="13" VPOS="185" HPOS="829"/>
                  <String HEIGHT="45"
                          WIDTH="186"
                          VPOS="185"
                          HPOS="790"
                          CONTENT="contraria,"/>
                  <SP HEIGHT="45" WIDTH="13" VPOS="185" HPOS="975"/>
                  <String HEIGHT="45" WIDTH="93" VPOS="185" HPOS="935" CONTENT="&amp;c."/>
                  <SP HEIGHT="45" WIDTH="13" VPOS="185" HPOS="1028"/>
                  <String HEIGHT="45" WIDTH="80" VPOS="185" HPOS="988" CONTENT="i."/>
                  <SP HEIGHT="45" WIDTH="13" VPOS="185" HPOS="1068"/>
                  <String HEIGHT="45"
                          WIDTH="146"
                          VPOS="185"
                          HPOS="1028"
                          CONTENT="priuata"/>
                  <SP HEIGHT="45" WIDTH="13" VPOS="185" HPOS="1174"/>
                  <String HEIGHT="45"
                          WIDTH="66"
                          VPOS="185"
                          HPOS="1121"
                          CONTENT="au"
                          SUBS_TYPE="HypPart1"
                          SUBS_CONTENT="autem"/>
                  <HYP CONTENT="-"/>
               </TextLine>
               <TextLine ID="r2l6"
                         BASELINE="265"
                         HEIGHT="44"
                         WIDTH="488"
                         VPOS="221"
                         HPOS="702">
                  <String HEIGHT="44"
                          WIDTH="104"
                          VPOS="221"
                          HPOS="687"
                          CONTENT="tem"
                          SUBS_TYPE="HypPart2"
                          SUBS_CONTENT="autem"/>
                  <SP HEIGHT="44" WIDTH="15" VPOS="221" HPOS="791"/>
                  <String HEIGHT="44"
                          WIDTH="148"
                          VPOS="221"
                          HPOS="746"
                          CONTENT="quorum"/>
                  <SP HEIGHT="44" WIDTH="15" VPOS="221" HPOS="894"/>
                  <String HEIGHT="44"
                          WIDTH="192"
                          VPOS="221"
                          HPOS="850"
                          CONTENT="contraria"/>
                  <SP HEIGHT="44" WIDTH="15" VPOS="221" HPOS="1042"/>
                  <String HEIGHT="44" WIDTH="104" VPOS="221" HPOS="998" CONTENT="non"/>
                  <SP HEIGHT="44" WIDTH="15" VPOS="221" HPOS="1101"/>
                  <String HEIGHT="44"
                          WIDTH="118"
                          VPOS="221"
                          HPOS="1057"
                          CONTENT="sunt"/>
                  <SP HEIGHT="44" WIDTH="15" VPOS="221" HPOS="1175"/>
                  <String HEIGHT="44" WIDTH="74" VPOS="221" HPOS="1116" CONTENT="sem"/>
               </TextLine>
               <TextLine ID="r2l8"
                         BASELINE="314"
                         HEIGHT="47"
                         WIDTH="489"
                         VPOS="267"
                         HPOS="704">
                  <String HEIGHT="47" WIDTH="85" VPOS="267" HPOS="693" CONTENT="per,"/>
                  <SP HEIGHT="47" WIDTH="11" VPOS="267" HPOS="778"/>
                  <String HEIGHT="47"
                          WIDTH="117"
                          VPOS="267"
                          HPOS="747"
                          CONTENT="possunt"/>
                  <SP HEIGHT="47" WIDTH="11" VPOS="267" HPOS="863"/>
                  <String HEIGHT="47" WIDTH="85" VPOS="267" HPOS="832" CONTENT="esse"/>
                  <SP HEIGHT="47" WIDTH="11" VPOS="267" HPOS="917"/>
                  <String HEIGHT="47"
                          WIDTH="149"
                          VPOS="267"
                          HPOS="885"
                          CONTENT="quandoque,"/>
                  <SP HEIGHT="47" WIDTH="11" VPOS="267" HPOS="1034"/>
                  <String HEIGHT="47" WIDTH="53" VPOS="267" HPOS="1002" CONTENT="&amp;"/>
                  <SP HEIGHT="47" WIDTH="11" VPOS="267" HPOS="1055"/>
                  <String HEIGHT="47" WIDTH="74" VPOS="267" HPOS="1023" CONTENT="non"/>
                  <SP HEIGHT="47" WIDTH="11" VPOS="267" HPOS="1097"/>
                  <String HEIGHT="47"
                          WIDTH="85"
                          VPOS="267"
                          HPOS="1065"
                          CONTENT="esse"/>
                  <SP HEIGHT="47" WIDTH="11" VPOS="267" HPOS="1150"/>
                  <String HEIGHT="47"
                          WIDTH="85"
                          VPOS="267"
                          HPOS="1108"
                          CONTENT="quando"/>
               </TextLine>
               <TextLine ID="r2l10"
                         BASELINE="343"
                         HEIGHT="42"
                         WIDTH="489"
                         VPOS="301"
                         HPOS="698">
                  <String HEIGHT="42"
                          WIDTH="122"
                          VPOS="301"
                          HPOS="683"
                          CONTENT="que,"/>
                  <SP HEIGHT="42" WIDTH="15" VPOS="301" HPOS="805"/>
                  <String HEIGHT="42"
                          WIDTH="214"
                          VPOS="301"
                          HPOS="759"
                          CONTENT="econtrario"/>
                  <SP HEIGHT="42" WIDTH="15" VPOS="301" HPOS="973"/>
                  <String HEIGHT="42"
                          WIDTH="122"
                          VPOS="301"
                          HPOS="927"
                          CONTENT="alio"/>
                  <SP HEIGHT="42" WIDTH="15" VPOS="301" HPOS="1049"/>
                  <String HEIGHT="42"
                          WIDTH="122"
                          VPOS="301"
                          HPOS="1004"
                          CONTENT="modo"/>
                  <SP HEIGHT="42" WIDTH="15" VPOS="301" HPOS="1126"/>
                  <String HEIGHT="42"
                          WIDTH="122"
                          VPOS="301"
                          HPOS="1065"
                          CONTENT="priua"
                          SUBS_TYPE="HypPart1"
                          SUBS_CONTENT="priuationis,"/>
                  <HYP CONTENT="-"/>
               </TextLine>
               <TextLine ID="r2l12"
                         BASELINE="387"
                         HEIGHT="46"
                         WIDTH="485"
                         VPOS="341"
                         HPOS="703">
                  <String HEIGHT="46"
                          WIDTH="144"
                          VPOS="341"
                          HPOS="690"
                          CONTENT="tionis,"
                          SUBS_TYPE="HypPart2"
                          SUBS_CONTENT="priuationis,"/>
                  <SP HEIGHT="46" WIDTH="13" VPOS="341" HPOS="834"/>
                  <String HEIGHT="46" WIDTH="66" VPOS="341" HPOS="795" CONTENT="&amp;"/>
                  <SP HEIGHT="46" WIDTH="13" VPOS="341" HPOS="860"/>
                  <String HEIGHT="46"
                          WIDTH="184"
                          VPOS="341"
                          HPOS="821"
                          CONTENT="veneratio,"/>
                  <SP HEIGHT="46" WIDTH="13" VPOS="341" HPOS="1004"/>
                  <String HEIGHT="46" WIDTH="66" VPOS="341" HPOS="965" CONTENT="&amp;"/>
                  <SP HEIGHT="46" WIDTH="13" VPOS="341" HPOS="1031"/>
                  <String HEIGHT="46"
                          WIDTH="170"
                          VPOS="341"
                          HPOS="991"
                          CONTENT="corruptio"/>
                  <SP HEIGHT="46" WIDTH="13" VPOS="341" HPOS="1162"/>
                  <String HEIGHT="46"
                          WIDTH="79"
                          VPOS="341"
                          HPOS="1109"
                          CONTENT="sunt"/>
               </TextLine>
               <TextLine ID="r2l14"
                         BASELINE="420"
                         HEIGHT="53"
                         WIDTH="388"
                         VPOS="367"
                         HPOS="700">
                  <String HEIGHT="53"
                          WIDTH="169"
                          VPOS="367"
                          HPOS="683"
                          CONTENT="semper"/>
                  <SP HEIGHT="53" WIDTH="17" VPOS="367" HPOS="852"/>
                  <String HEIGHT="53" WIDTH="118" VPOS="367" HPOS="801" CONTENT="hoc"/>
                  <SP HEIGHT="53" WIDTH="17" VPOS="367" HPOS="919"/>
                  <String HEIGHT="53"
                          WIDTH="135"
                          VPOS="367"
                          HPOS="869"
                          CONTENT="modo"/>
                  <SP HEIGHT="53" WIDTH="17" VPOS="367" HPOS="1004"/>
                  <String HEIGHT="53"
                          WIDTH="152"
                          VPOS="367"
                          HPOS="936"
                          CONTENT="entium."/>
               </TextLine>
               <TextLine ID="r2l17"
                         BASELINE="498"
                         HEIGHT="37"
                         WIDTH="486"
                         VPOS="461"
                         HPOS="703">
                  <String HEIGHT="37" WIDTH="90" VPOS="461" HPOS="690" CONTENT="Quo"/>
                  <SP HEIGHT="37" WIDTH="13" VPOS="461" HPOS="780"/>
                  <String HEIGHT="37"
                          WIDTH="115"
                          VPOS="461"
                          HPOS="741"
                          CONTENT="pacto"/>
                  <SP HEIGHT="37" WIDTH="13" VPOS="461" HPOS="856"/>
                  <String HEIGHT="37"
                          WIDTH="115"
                          VPOS="461"
                          HPOS="818"
                          CONTENT="ipsum"/>
                  <SP HEIGHT="37" WIDTH="13" VPOS="461" HPOS="933"/>
                  <String HEIGHT="37"
                          WIDTH="102"
                          VPOS="461"
                          HPOS="895"
                          CONTENT="Nune"/>
                  <SP HEIGHT="37" WIDTH="13" VPOS="461" HPOS="997"/>
                  <String HEIGHT="37"
                          WIDTH="166"
                          VPOS="461"
                          HPOS="959"
                          CONTENT="continuat"/>
                  <SP HEIGHT="37" WIDTH="13" VPOS="461" HPOS="1125"/>
                  <String HEIGHT="37"
                          WIDTH="115"
                          VPOS="461"
                          HPOS="1074"
                          CONTENT="tempus."/>
               </TextLine>
               <TextLine ID="r2l19"
                         BASELINE="551"
                         HEIGHT="56"
                         WIDTH="456"
                         VPOS="495"
                         HPOS="734">
                  <String HEIGHT="56"
                          WIDTH="108"
                          VPOS="495"
                          HPOS="722"
                          CONTENT="Deque"/>
                  <SP HEIGHT="56" WIDTH="12" VPOS="495" HPOS="830"/>
                  <String HEIGHT="56" WIDTH="96" VPOS="495" HPOS="794" CONTENT="alio"/>
                  <SP HEIGHT="56" WIDTH="12" VPOS="495" HPOS="890"/>
                  <String HEIGHT="56"
                          WIDTH="180"
                          VPOS="495"
                          HPOS="854"
                          CONTENT="significato"/>
                  <SP HEIGHT="56" WIDTH="12" VPOS="495" HPOS="1034"/>
                  <String HEIGHT="56"
                          WIDTH="120"
                          VPOS="495"
                          HPOS="998"
                          CONTENT="ipsius"/>
                  <SP HEIGHT="56" WIDTH="12" VPOS="495" HPOS="1118"/>
                  <String HEIGHT="56"
                          WIDTH="108"
                          VPOS="495"
                          HPOS="1082"
                          CONTENT="Nunc."/>
                  <SP HEIGHT="56" WIDTH="12" VPOS="495" HPOS="1190"/>
                  <String HEIGHT="56" WIDTH="48" VPOS="495" HPOS="1142" CONTENT="Et"/>
               </TextLine>
               <TextLine ID="r2l21"
                         BASELINE="586"
                         HEIGHT="54"
                         WIDTH="457"
                         VPOS="532"
                         HPOS="736">
                  <String HEIGHT="54" WIDTH="85" VPOS="532" HPOS="725" CONTENT="quid"/>
                  <SP HEIGHT="54" WIDTH="11" VPOS="532" HPOS="810"/>
                  <String HEIGHT="54" WIDTH="85" VPOS="532" HPOS="779" CONTENT="haec"/>
                  <SP HEIGHT="54" WIDTH="11" VPOS="532" HPOS="864"/>
                  <String HEIGHT="54"
                          WIDTH="170"
                          VPOS="532"
                          HPOS="832"
                          CONTENT="significent,"/>
                  <SP HEIGHT="54" WIDTH="11" VPOS="532" HPOS="1002"/>
                  <String HEIGHT="54"
                          WIDTH="128"
                          VPOS="532"
                          HPOS="970"
                          CONTENT="scilicet"/>
                  <SP HEIGHT="54" WIDTH="11" VPOS="532" HPOS="1097"/>
                  <String HEIGHT="54"
                          WIDTH="149"
                          VPOS="532"
                          HPOS="1065"
                          CONTENT="Aliquando,"/>
                  <SP HEIGHT="54" WIDTH="11" VPOS="532" HPOS="1214"/>
                  <String HEIGHT="54" WIDTH="21" VPOS="532" HPOS="1172" CONTENT=""/>
               </TextLine>
               <TextLine ID="r2l23"
                         BASELINE="618"
                         HEIGHT="46"
                         WIDTH="448"
                         VPOS="572"
                         HPOS="743">
                  <String HEIGHT="46"
                          WIDTH="116"
                          VPOS="572"
                          HPOS="729"
                          CONTENT="lam,"/>
                  <SP HEIGHT="46" WIDTH="14" VPOS="572" HPOS="844"/>
                  <String HEIGHT="46"
                          WIDTH="145"
                          VPOS="572"
                          HPOS="801"
                          CONTENT="Nuper."/>
                  <SP HEIGHT="46" WIDTH="14" VPOS="572" HPOS="945"/>
                  <String HEIGHT="46"
                          WIDTH="173"
                          VPOS="572"
                          HPOS="902"
                          CONTENT="Quondam,"/>
                  <SP HEIGHT="46" WIDTH="14" VPOS="572" HPOS="1075"/>
                  <String HEIGHT="46" WIDTH="72" VPOS="572" HPOS="1032" CONTENT="&amp;"/>
                  <SP HEIGHT="46" WIDTH="14" VPOS="572" HPOS="1104"/>
                  <String HEIGHT="46"
                          WIDTH="145"
                          VPOS="572"
                          HPOS="1046"
                          CONTENT="Repente."/>
               </TextLine>
               <TextLine ID="r2l25"
                         BASELINE="662"
                         HEIGHT="49"
                         WIDTH="456"
                         VPOS="613"
                         HPOS="736">
                  <String HEIGHT="49" WIDTH="80" VPOS="613" HPOS="723" CONTENT="Et"/>
                  <SP HEIGHT="49" WIDTH="13" VPOS="613" HPOS="803"/>
                  <String HEIGHT="49"
                          WIDTH="107"
                          VPOS="613"
                          HPOS="763"
                          CONTENT="quod"/>
                  <SP HEIGHT="49" WIDTH="13" VPOS="613" HPOS="870"/>
                  <String HEIGHT="49"
                          WIDTH="134"
                          VPOS="613"
                          HPOS="830"
                          CONTENT="Tempus"/>
                  <SP HEIGHT="49" WIDTH="13" VPOS="613" HPOS="964"/>
                  <String HEIGHT="49"
                          WIDTH="215"
                          VPOS="613"
                          HPOS="924"
                          CONTENT="corruptionis"/>
                  <SP HEIGHT="49" WIDTH="13" VPOS="613" HPOS="1138"/>
                  <String HEIGHT="49" WIDTH="94" VPOS="613" HPOS="1098" CONTENT="per"/>
                  <SP HEIGHT="49" WIDTH="13" VPOS="613" HPOS="1192"/>
                  <String HEIGHT="49" WIDTH="54" VPOS="613" HPOS="1138" CONTENT="se"/>
               </TextLine>
               <TextLine ID="line_1611948861638_6364"
                         BASELINE="706"
                         HEIGHT="52"
                         WIDTH="459"
                         VPOS="654"
                         HPOS="735">
                  <String HEIGHT="52"
                          WIDTH="128"
                          VPOS="654"
                          HPOS="722"
                          CONTENT="magis,"/>
                  <SP HEIGHT="52" WIDTH="13" VPOS="654" HPOS="850"/>
                  <String HEIGHT="52"
                          WIDTH="204"
                          VPOS="654"
                          HPOS="812"
                          CONTENT="generationis"/>
                  <SP HEIGHT="52" WIDTH="13" VPOS="654" HPOS="1016"/>
                  <String HEIGHT="52"
                          WIDTH="115"
                          VPOS="654"
                          HPOS="977"
                          CONTENT="autem"/>
                  <SP HEIGHT="52" WIDTH="13" VPOS="654" HPOS="1092"/>
                  <String HEIGHT="52"
                          WIDTH="115"
                          VPOS="654"
                          HPOS="1054"
                          CONTENT="magis"/>
                  <SP HEIGHT="52" WIDTH="13" VPOS="654" HPOS="1169"/>
                  <String HEIGHT="52" WIDTH="89" VPOS="654" HPOS="1130" CONTENT="per"/>
                  <SP HEIGHT="52" WIDTH="13" VPOS="654" HPOS="1220"/>
                  <String HEIGHT="52" WIDTH="26" VPOS="654" HPOS="1169" CONTENT=""/>
               </TextLine>
               <TextLine ID="line_1611948856412_6357"
                         BASELINE="738"
                         HEIGHT="45"
                         WIDTH="456"
                         VPOS="693"
                         HPOS="735">
                  <String HEIGHT="45"
                          WIDTH="203"
                          VPOS="693"
                          HPOS="718"
                          CONTENT="accidens"/>
                  <SP HEIGHT="45" WIDTH="17" VPOS="693" HPOS="921"/>
                  <String HEIGHT="45" WIDTH="118" VPOS="693" HPOS="870" CONTENT="est"/>
                  <SP HEIGHT="45" WIDTH="17" VPOS="693" HPOS="988"/>
                  <String HEIGHT="45"
                          WIDTH="169"
                          VPOS="693"
                          HPOS="938"
                          CONTENT="causa."/>
                  <SP HEIGHT="45" WIDTH="17" VPOS="693" HPOS="1107"/>
                  <String HEIGHT="45"
                          WIDTH="135"
                          VPOS="693"
                          HPOS="1056"
                          CONTENT="Cap."/>
                  <SP HEIGHT="45" WIDTH="17" VPOS="693" HPOS="1191"/>
                  <String HEIGHT="45" WIDTH="68" VPOS="693" HPOS="1123" CONTENT="1."/>
               </TextLine>
               <TextLine ID="r2l36"
                         BASELINE="810"
                         HEIGHT="45"
                         WIDTH="456"
                         VPOS="765"
                         HPOS="732">
                  <String HEIGHT="45"
                          WIDTH="140"
                          VPOS="765"
                          HPOS="714"
                          CONTENT="Psum"/>
                  <SP HEIGHT="45" WIDTH="18" VPOS="765" HPOS="855"/>
                  <String HEIGHT="45"
                          WIDTH="158"
                          VPOS="765"
                          HPOS="802"
                          CONTENT="autem"/>
                  <SP HEIGHT="45" WIDTH="18" VPOS="765" HPOS="960"/>
                  <String HEIGHT="45"
                          WIDTH="140"
                          VPOS="765"
                          HPOS="907"
                          CONTENT="nunc"/>
                  <SP HEIGHT="45" WIDTH="18" VPOS="765" HPOS="1048"/>
                  <String HEIGHT="45" WIDTH="123" VPOS="765" HPOS="995" CONTENT="est"/>
                  <SP HEIGHT="45" WIDTH="18" VPOS="765" HPOS="1118"/>
                  <String HEIGHT="45"
                          WIDTH="140"
                          VPOS="765"
                          HPOS="1048"
                          CONTENT="conti"
                          SUBS_TYPE="HypPart1"
                          SUBS_CONTENT="continuatio"/>
                  <HYP CONTENT="-"/>
               </TextLine>
               <TextLine ID="r2l38"
                         BASELINE="866"
                         HEIGHT="53"
                         WIDTH="434"
                         VPOS="813"
                         HPOS="754">
                  <String HEIGHT="53"
                          WIDTH="150"
                          VPOS="813"
                          HPOS="739"
                          CONTENT="nuatio"
                          SUBS_TYPE="HypPart2"
                          SUBS_CONTENT="continuatio"/>
                  <SP HEIGHT="53" WIDTH="15" VPOS="813" HPOS="889"/>
                  <String HEIGHT="53"
                          WIDTH="195"
                          VPOS="813"
                          HPOS="844"
                          CONTENT="temporis,"/>
                  <SP HEIGHT="53" WIDTH="15" VPOS="813" HPOS="1038"/>
                  <String HEIGHT="53"
                          WIDTH="135"
                          VPOS="813"
                          HPOS="993"
                          CONTENT="sicut"/>
                  <SP HEIGHT="53" WIDTH="15" VPOS="813" HPOS="1128"/>
                  <String HEIGHT="53"
                          WIDTH="120"
                          VPOS="813"
                          HPOS="1068"
                          CONTENT="dictum"/>
               </TextLine>
               <TextLine ID="r2l40"
                         BASELINE="908"
                         HEIGHT="54"
                         WIDTH="442"
                         VPOS="854"
                         HPOS="750">
                  <String HEIGHT="54"
                          WIDTH="114"
                          VPOS="854"
                          HPOS="736"
                          CONTENT="est."/>
                  <SP HEIGHT="54" WIDTH="14" VPOS="854" HPOS="850"/>
                  <String HEIGHT="54"
                          WIDTH="185"
                          VPOS="854"
                          HPOS="807"
                          CONTENT="continuat"/>
                  <SP HEIGHT="54" WIDTH="14" VPOS="854" HPOS="992"/>
                  <String HEIGHT="54"
                          WIDTH="114"
                          VPOS="854"
                          HPOS="950"
                          CONTENT="enim"/>
                  <SP HEIGHT="54" WIDTH="14" VPOS="854" HPOS="1064"/>
                  <String HEIGHT="54"
                          WIDTH="143"
                          VPOS="854"
                          HPOS="1021"
                          CONTENT="tempus"/>
                  <SP HEIGHT="54" WIDTH="14" VPOS="854" HPOS="1163"/>
                  <String HEIGHT="54"
                          WIDTH="86"
                          VPOS="854"
                          HPOS="1106"
                          CONTENT="poe"
                          SUBS_TYPE="HypPart1"
                          SUBS_CONTENT="poeteritum,"/>
                  <HYP CONTENT="-"/>
               </TextLine>
               <TextLine ID="r2l42"
                         BASELINE="938"
                         HEIGHT="37"
                         WIDTH="496"
                         VPOS="901"
                         HPOS="698">
                  <String HEIGHT="37"
                          WIDTH="186"
                          VPOS="901"
                          HPOS="683"
                          CONTENT="teritum,"
                          SUBS_TYPE="HypPart2"
                          SUBS_CONTENT="poeteritum,"/>
                  <SP HEIGHT="37" WIDTH="16" VPOS="901" HPOS="869"/>
                  <String HEIGHT="37" WIDTH="78" VPOS="901" HPOS="822" CONTENT="&amp;"/>
                  <SP HEIGHT="37" WIDTH="16" VPOS="901" HPOS="900"/>
                  <String HEIGHT="37"
                          WIDTH="186"
                          VPOS="901"
                          HPOS="853"
                          CONTENT="futurum,"/>
                  <SP HEIGHT="37" WIDTH="16" VPOS="901" HPOS="1039"/>
                  <String HEIGHT="37" WIDTH="78" VPOS="901" HPOS="993" CONTENT="&amp;"/>
                  <SP HEIGHT="37" WIDTH="16" VPOS="901" HPOS="1070"/>
                  <String HEIGHT="37"
                          WIDTH="155"
                          VPOS="901"
                          HPOS="1024"
                          CONTENT="omnino"/>
                  <SP HEIGHT="37" WIDTH="16" VPOS="901" HPOS="1179"/>
                  <String HEIGHT="37" WIDTH="78" VPOS="901" HPOS="1117" CONTENT="ter"/>
               </TextLine>
               <TextLine ID="r2l44"
                         BASELINE="978"
                         HEIGHT="41"
                         WIDTH="486"
                         VPOS="937"
                         HPOS="703">
                  <String HEIGHT="41"
                          WIDTH="129"
                          VPOS="937"
                          HPOS="689"
                          CONTENT="minus"/>
                  <SP HEIGHT="41" WIDTH="14" VPOS="937" HPOS="817"/>
                  <String HEIGHT="41"
                          WIDTH="172"
                          VPOS="937"
                          HPOS="774"
                          CONTENT="temporis"/>
                  <SP HEIGHT="41" WIDTH="14" VPOS="937" HPOS="946"/>
                  <String HEIGHT="41"
                          WIDTH="114"
                          VPOS="937"
                          HPOS="903"
                          CONTENT="est."/>
                  <SP HEIGHT="41" WIDTH="14" VPOS="937" HPOS="1017"/>
                  <String HEIGHT="41" WIDTH="100" VPOS="937" HPOS="975" CONTENT="est"/>
                  <SP HEIGHT="41" WIDTH="14" VPOS="937" HPOS="1075"/>
                  <String HEIGHT="41"
                          WIDTH="114"
                          VPOS="937"
                          HPOS="1032"
                          CONTENT="enim"/>
                  <SP HEIGHT="41" WIDTH="14" VPOS="937" HPOS="1146"/>
                  <String HEIGHT="41"
                          WIDTH="100"
                          VPOS="937"
                          HPOS="1089"
                          CONTENT="huius"/>
               </TextLine>
               <TextLine ID="r2l46"
                         BASELINE="1035"
                         HEIGHT="54"
                         WIDTH="495"
                         VPOS="981"
                         HPOS="702">
                  <String HEIGHT="54"
                          WIDTH="160"
                          VPOS="981"
                          HPOS="686"
                          CONTENT="quidem"/>
                  <SP HEIGHT="54" WIDTH="16" VPOS="981" HPOS="846"/>
                  <String HEIGHT="54"
                          WIDTH="240"
                          VPOS="981"
                          HPOS="798"
                          CONTENT="principium,"/>
                  <SP HEIGHT="54" WIDTH="16" VPOS="981" HPOS="1037"/>
                  <String HEIGHT="54"
                          WIDTH="160"
                          VPOS="981"
                          HPOS="989"
                          CONTENT="illius"/>
                  <SP HEIGHT="54" WIDTH="16" VPOS="981" HPOS="1149"/>
                  <String HEIGHT="54"
                          WIDTH="112"
                          VPOS="981"
                          HPOS="1085"
                          CONTENT="autem"/>
               </TextLine>
               <TextLine ID="r2l48"
                         BASELINE="1075"
                         HEIGHT="55"
                         WIDTH="495"
                         VPOS="1020"
                         HPOS="700">
                  <String HEIGHT="55"
                          WIDTH="155"
                          VPOS="1020"
                          HPOS="685"
                          CONTENT="finis."/>
                  <SP HEIGHT="55" WIDTH="15" VPOS="1020" HPOS="839"/>
                  <String HEIGHT="55"
                          WIDTH="108"
                          VPOS="1020"
                          HPOS="793"
                          CONTENT="Sed"/>
                  <SP HEIGHT="55" WIDTH="15" VPOS="1020" HPOS="901"/>
                  <String HEIGHT="55"
                          WIDTH="108"
                          VPOS="1020"
                          HPOS="855"
                          CONTENT="hoc"/>
                  <SP HEIGHT="55" WIDTH="15" VPOS="1020" HPOS="963"/>
                  <String HEIGHT="55"
                          WIDTH="124"
                          VPOS="1020"
                          HPOS="917"
                          CONTENT="non,"/>
                  <SP HEIGHT="55" WIDTH="15" VPOS="1020" HPOS="1040"/>
                  <String HEIGHT="55" WIDTH="93" VPOS="1020" HPOS="994" CONTENT="vt"/>
                  <SP HEIGHT="55" WIDTH="15" VPOS="1020" HPOS="1087"/>
                  <String HEIGHT="55" WIDTH="93" VPOS="1020" HPOS="1040" CONTENT="in"/>
                  <SP HEIGHT="55" WIDTH="15" VPOS="1020" HPOS="1133"/>
                  <String HEIGHT="55"
                          WIDTH="124"
                          VPOS="1020"
                          HPOS="1071"
                          CONTENT="puncto"/>
               </TextLine>
               <TextLine ID="r2l50"
                         BASELINE="1107"
                         HEIGHT="42"
                         WIDTH="489"
                         VPOS="1065"
                         HPOS="700">
                  <String HEIGHT="42"
                          WIDTH="196"
                          VPOS="1065"
                          HPOS="684"
                          CONTENT="manente,"/>
                  <SP HEIGHT="42" WIDTH="16" VPOS="1065" HPOS="879"/>
                  <String HEIGHT="42"
                          WIDTH="228"
                          VPOS="1065"
                          HPOS="830"
                          CONTENT="manifestum"/>
                  <SP HEIGHT="42" WIDTH="16" VPOS="1065" HPOS="1059"/>
                  <String HEIGHT="42"
                          WIDTH="130"
                          VPOS="1065"
                          HPOS="1010"
                          CONTENT="est."/>
                  <SP HEIGHT="42" WIDTH="16" VPOS="1065" HPOS="1140"/>
                  <String HEIGHT="42"
                          WIDTH="114"
                          VPOS="1065"
                          HPOS="1075"
                          CONTENT="diui"
                          SUBS_TYPE="HypPart1"
                          SUBS_CONTENT="diuidit"/>
                  <HYP CONTENT="-"/>
               </TextLine>
               <TextLine ID="r2l52"
                         BASELINE="1160"
                         HEIGHT="51"
                         WIDTH="492"
                         VPOS="1109"
                         HPOS="704">
                  <String HEIGHT="51"
                          WIDTH="111"
                          VPOS="1109"
                          HPOS="688"
                          CONTENT="dit"
                          SUBS_TYPE="HypPart2"
                          SUBS_CONTENT="diuidit"/>
                  <SP HEIGHT="51" WIDTH="16" VPOS="1109" HPOS="799"/>
                  <String HEIGHT="51"
                          WIDTH="175"
                          VPOS="1109"
                          HPOS="752"
                          CONTENT="autemus"/>
                  <SP HEIGHT="51" WIDTH="16" VPOS="1109" HPOS="926"/>
                  <String HEIGHT="51"
                          WIDTH="206"
                          VPOS="1109"
                          HPOS="879"
                          CONTENT="potentia."/>
                  <SP HEIGHT="51" WIDTH="16" VPOS="1109" HPOS="1085"/>
                  <String HEIGHT="51" WIDTH="95" VPOS="1109" HPOS="1037" CONTENT="&amp;,"/>
                  <SP HEIGHT="51" WIDTH="16" VPOS="1109" HPOS="1133"/>
                  <String HEIGHT="51"
                          WIDTH="127"
                          VPOS="1109"
                          HPOS="1069"
                          CONTENT="quate"
                          SUBS_TYPE="HypPart1"
                          SUBS_CONTENT="quatenus"/>
                  <HYP CONTENT="-"/>
               </TextLine>
               <TextLine ID="r2l54"
                         BASELINE="1202"
                         HEIGHT="48"
                         WIDTH="490"
                         VPOS="1154"
                         HPOS="705">
                  <String HEIGHT="48"
                          WIDTH="101"
                          VPOS="1154"
                          HPOS="691"
                          CONTENT="nus"
                          SUBS_TYPE="HypPart2"
                          SUBS_CONTENT="quatenus"/>
                  <SP HEIGHT="48" WIDTH="14" VPOS="1154" HPOS="791"/>
                  <String HEIGHT="48"
                          WIDTH="144"
                          VPOS="1154"
                          HPOS="748"
                          CONTENT="quidem"/>
                  <SP HEIGHT="48" WIDTH="14" VPOS="1154" HPOS="892"/>
                  <String HEIGHT="48"
                          WIDTH="202"
                          VPOS="1154"
                          HPOS="849"
                          CONTENT="huiusmodi,"/>
                  <SP HEIGHT="48" WIDTH="14" VPOS="1154" HPOS="1051"/>
                  <String HEIGHT="48"
                          WIDTH="144"
                          VPOS="1154"
                          HPOS="1008"
                          CONTENT="semper"/>
                  <SP HEIGHT="48" WIDTH="14" VPOS="1154" HPOS="1152"/>
                  <String HEIGHT="48"
                          WIDTH="101"
                          VPOS="1154"
                          HPOS="1094"
                          CONTENT="alte"
                          SUBS_TYPE="HypPart1"
                          SUBS_CONTENT="alterum"/>
                  <HYP CONTENT="-"/>
               </TextLine>
               <TextLine ID="r2l56"
                         BASELINE="1242"
                         HEIGHT="49"
                         WIDTH="495"
                         VPOS="1193"
                         HPOS="700">
                  <String HEIGHT="49"
                          WIDTH="124"
                          VPOS="1193"
                          HPOS="682"
                          CONTENT="rum"
                          SUBS_TYPE="HypPart2"
                          SUBS_CONTENT="alterum"/>
                  <SP HEIGHT="49" WIDTH="18" VPOS="1193" HPOS="806"/>
                  <String HEIGHT="49"
                          WIDTH="124"
                          VPOS="1193"
                          HPOS="753"
                          CONTENT="est"/>
                  <SP HEIGHT="49" WIDTH="18" VPOS="1193" HPOS="877"/>
                  <String HEIGHT="49"
                          WIDTH="159"
                          VPOS="1193"
                          HPOS="824"
                          CONTENT="ipsum"/>
                  <SP HEIGHT="49" WIDTH="18" VPOS="1193" HPOS="983"/>
                  <String HEIGHT="49"
                          WIDTH="159"
                          VPOS="1193"
                          HPOS="930"
                          CONTENT="nunc:"/>
                  <SP HEIGHT="49" WIDTH="18" VPOS="1193" HPOS="1089"/>
                  <String HEIGHT="49"
                          WIDTH="177"
                          VPOS="1193"
                          HPOS="1018"
                          CONTENT="quatenus"/>
               </TextLine>
               <TextLine ID="r2l58"
                         BASELINE="1282"
                         HEIGHT="45"
                         WIDTH="482"
                         VPOS="1237"
                         HPOS="701">
                  <String HEIGHT="45"
                          WIDTH="140"
                          VPOS="1237"
                          HPOS="685"
                          CONTENT="autem"/>
                  <SP HEIGHT="45" WIDTH="16" VPOS="1237" HPOS="825"/>
                  <String HEIGHT="45"
                          WIDTH="187"
                          VPOS="1237"
                          HPOS="779"
                          CONTENT="copulat,"/>
                  <SP HEIGHT="45" WIDTH="16" VPOS="1237" HPOS="965"/>
                  <String HEIGHT="45"
                          WIDTH="155"
                          VPOS="1237"
                          HPOS="919"
                          CONTENT="semper"/>
                  <SP HEIGHT="45" WIDTH="16" VPOS="1237" HPOS="1074"/>
                  <String HEIGHT="45"
                          WIDTH="124"
                          VPOS="1237"
                          HPOS="1028"
                          CONTENT="idem"/>
                  <SP HEIGHT="45" WIDTH="16" VPOS="1237" HPOS="1152"/>
                  <String HEIGHT="45"
                          WIDTH="93"
                          VPOS="1237"
                          HPOS="1090"
                          CONTENT="est."/>
               </TextLine>
               <TextLine ID="r2l60"
                         BASELINE="1322"
                         HEIGHT="45"
                         WIDTH="478"
                         VPOS="1277"
                         HPOS="708">
                  <String HEIGHT="45" WIDTH="96" VPOS="1277" HPOS="692" CONTENT="vt"/>
                  <SP HEIGHT="45" WIDTH="16" VPOS="1277" HPOS="788"/>
                  <String HEIGHT="45" WIDTH="96" VPOS="1277" HPOS="740" CONTENT="in"/>
                  <SP HEIGHT="45" WIDTH="16" VPOS="1277" HPOS="835"/>
                  <String HEIGHT="45"
                          WIDTH="255"
                          VPOS="1277"
                          HPOS="788"
                          CONTENT="mathematicis"/>
                  <SP HEIGHT="45" WIDTH="16" VPOS="1277" HPOS="1043"/>
                  <String HEIGHT="45"
                          WIDTH="175"
                          VPOS="1277"
                          HPOS="995"
                          CONTENT="lineis."/>
                  <SP HEIGHT="45" WIDTH="16" VPOS="1277" HPOS="1170"/>
                  <String HEIGHT="45"
                          WIDTH="80"
                          VPOS="1277"
                          HPOS="1106"
                          CONTENT="non"/>
               </TextLine>
               <TextLine ID="r2l62"
                         BASELINE="1365"
                         HEIGHT="44"
                         WIDTH="484"
                         VPOS="1321"
                         HPOS="705">
                  <String HEIGHT="44"
                          WIDTH="134"
                          VPOS="1321"
                          HPOS="688"
                          CONTENT="enim"/>
                  <SP HEIGHT="44" WIDTH="17" VPOS="1321" HPOS="822"/>
                  <String HEIGHT="44"
                          WIDTH="134"
                          VPOS="1321"
                          HPOS="772"
                          CONTENT="idem"/>
                  <SP HEIGHT="44" WIDTH="17" VPOS="1321" HPOS="905"/>
                  <String HEIGHT="44"
                          WIDTH="167"
                          VPOS="1321"
                          HPOS="855"
                          CONTENT="semper"/>
                  <SP HEIGHT="44" WIDTH="17" VPOS="1321" HPOS="1022"/>
                  <String HEIGHT="44"
                          WIDTH="184"
                          VPOS="1321"
                          HPOS="972"
                          CONTENT="vnumque"/>
                  <SP HEIGHT="44" WIDTH="17" VPOS="1321" HPOS="1156"/>
                  <String HEIGHT="44"
                          WIDTH="100"
                          VPOS="1321"
                          HPOS="1089"
                          CONTENT="pun"
                          SUBS_TYPE="HypPart1"
                          SUBS_CONTENT="punctum"/>
                  <HYP CONTENT="-"/>
               </TextLine>
               <TextLine ID="r2l65"
                         BASELINE="1410"
                         HEIGHT="45"
                         WIDTH="489"
                         VPOS="1365"
                         HPOS="698">
                  <String HEIGHT="45"
                          WIDTH="122"
                          VPOS="1365"
                          HPOS="683"
                          CONTENT="ctum"
                          SUBS_TYPE="HypPart2"
                          SUBS_CONTENT="punctum"/>
                  <SP HEIGHT="45" WIDTH="15" VPOS="1365" HPOS="805"/>
                  <String HEIGHT="45"
                          WIDTH="107"
                          VPOS="1365"
                          HPOS="759"
                          CONTENT="est"/>
                  <SP HEIGHT="45" WIDTH="15" VPOS="1365" HPOS="866"/>
                  <String HEIGHT="45"
                          WIDTH="229"
                          VPOS="1365"
                          HPOS="820"
                          CONTENT="intellectu:"/>
                  <SP HEIGHT="45" WIDTH="15" VPOS="1365" HPOS="1049"/>
                  <String HEIGHT="45"
                          WIDTH="199"
                          VPOS="1365"
                          HPOS="988"
                          CONTENT="diuidentium"/>
               </TextLine>
               <TextLine ID="r2l67"
                         BASELINE="1450"
                         HEIGHT="45"
                         WIDTH="486"
                         VPOS="1405"
                         HPOS="708">
                  <String HEIGHT="45"
                          WIDTH="130"
                          VPOS="1405"
                          HPOS="692"
                          CONTENT="enim"/>
                  <SP HEIGHT="45" WIDTH="16" VPOS="1405" HPOS="821"/>
                  <String HEIGHT="45"
                          WIDTH="146"
                          VPOS="1405"
                          HPOS="773"
                          CONTENT="aliud"/>
                  <SP HEIGHT="45" WIDTH="16" VPOS="1405" HPOS="919"/>
                  <String HEIGHT="45"
                          WIDTH="130"
                          VPOS="1405"
                          HPOS="870"
                          CONTENT="est:"/>
                  <SP HEIGHT="45" WIDTH="16" VPOS="1405" HPOS="1000"/>
                  <String HEIGHT="45"
                          WIDTH="194"
                          VPOS="1405"
                          HPOS="951"
                          CONTENT="quatenus"/>
                  <SP HEIGHT="45" WIDTH="16" VPOS="1405" HPOS="1145"/>
                  <String HEIGHT="45"
                          WIDTH="113"
                          VPOS="1405"
                          HPOS="1081"
                          CONTENT="autem"/>
               </TextLine>
               <TextLine ID="r2l69"
                         BASELINE="1491"
                         HEIGHT="44"
                         WIDTH="493"
                         VPOS="1447"
                         HPOS="698">
                  <String HEIGHT="44"
                          WIDTH="105"
                          VPOS="1447"
                          HPOS="683"
                          CONTENT="est"/>
                  <SP HEIGHT="44" WIDTH="15" VPOS="1447" HPOS="788"/>
                  <String HEIGHT="44"
                          WIDTH="120"
                          VPOS="1447"
                          HPOS="743"
                          CONTENT="vna,"/>
                  <SP HEIGHT="44" WIDTH="15" VPOS="1447" HPOS="862"/>
                  <String HEIGHT="44"
                          WIDTH="120"
                          VPOS="1447"
                          HPOS="818"
                          CONTENT="idem"/>
                  <SP HEIGHT="44" WIDTH="15" VPOS="1447" HPOS="937"/>
                  <String HEIGHT="44"
                          WIDTH="164"
                          VPOS="1447"
                          HPOS="892"
                          CONTENT="penitus"/>
                  <SP HEIGHT="44" WIDTH="15" VPOS="1447" HPOS="1057"/>
                  <String HEIGHT="44"
                          WIDTH="120"
                          VPOS="1447"
                          HPOS="1012"
                          CONTENT="est."/>
                  <SP HEIGHT="44" WIDTH="15" VPOS="1447" HPOS="1131"/>
                  <String HEIGHT="44"
                          WIDTH="105"
                          VPOS="1447"
                          HPOS="1086"
                          CONTENT="Sic"/>
                  <SP HEIGHT="44" WIDTH="15" VPOS="1447" HPOS="1191"/>
                  <String HEIGHT="44" WIDTH="60" VPOS="1447" HPOS="1131" CONTENT="et"/>
               </TextLine>
               <TextLine ID="r2l71"
                         BASELINE="1537"
                         HEIGHT="44"
                         WIDTH="489"
                         VPOS="1493"
                         HPOS="704">
                  <String HEIGHT="44"
                          WIDTH="163"
                          VPOS="1493"
                          HPOS="686"
                          CONTENT="ipsum"/>
                  <SP HEIGHT="44" WIDTH="18" VPOS="1493" HPOS="849"/>
                  <String HEIGHT="44"
                          WIDTH="145"
                          VPOS="1493"
                          HPOS="795"
                          CONTENT="nunc"/>
                  <SP HEIGHT="44" WIDTH="18" VPOS="1493" HPOS="939"/>
                  <String HEIGHT="44"
                          WIDTH="163"
                          VPOS="1493"
                          HPOS="885"
                          CONTENT="aliud"/>
                  <SP HEIGHT="44" WIDTH="18" VPOS="1493" HPOS="1048"/>
                  <String HEIGHT="44"
                          WIDTH="181"
                          VPOS="1493"
                          HPOS="994"
                          CONTENT="quidem"/>
                  <SP HEIGHT="44" WIDTH="18" VPOS="1493" HPOS="1175"/>
                  <String HEIGHT="44"
                          WIDTH="91"
                          VPOS="1493"
                          HPOS="1102"
                          CONTENT="tem"/>
               </TextLine>
               <TextLine ID="r2l73"
                         BASELINE="1586"
                         HEIGHT="53"
                         WIDTH="483"
                         VPOS="1533"
                         HPOS="712">
                  <String HEIGHT="53"
                          WIDTH="117"
                          VPOS="1533"
                          HPOS="699"
                          CONTENT="poris"/>
                  <SP HEIGHT="53" WIDTH="13" VPOS="1533" HPOS="816"/>
                  <String HEIGHT="53"
                          WIDTH="144"
                          VPOS="1533"
                          HPOS="777"
                          CONTENT="diuisio"/>
                  <SP HEIGHT="53" WIDTH="13" VPOS="1533" HPOS="921"/>
                  <String HEIGHT="53"
                          WIDTH="157"
                          VPOS="1533"
                          HPOS="882"
                          CONTENT="secundum"/>
                  <SP HEIGHT="53" WIDTH="13" VPOS="1533" HPOS="1038"/>
                  <String HEIGHT="53"
                          WIDTH="170"
                          VPOS="1533"
                          HPOS="999"
                          CONTENT="potentiam"/>
                  <SP HEIGHT="53" WIDTH="13" VPOS="1533" HPOS="1169"/>
                  <String HEIGHT="53"
                          WIDTH="78"
                          VPOS="1533"
                          HPOS="1117"
                          CONTENT="est,"/>
               </TextLine>
               <TextLine ID="r2l75"
                         BASELINE="1619"
                         HEIGHT="46"
                         WIDTH="495"
                         VPOS="1573"
                         HPOS="703">
                  <String HEIGHT="46"
                          WIDTH="154"
                          VPOS="1573"
                          HPOS="686"
                          CONTENT="aliud"/>
                  <SP HEIGHT="46" WIDTH="17" VPOS="1573" HPOS="840"/>
                  <String HEIGHT="46"
                          WIDTH="154"
                          VPOS="1573"
                          HPOS="788"
                          CONTENT="autem"/>
                  <SP HEIGHT="46" WIDTH="17" VPOS="1573" HPOS="942"/>
                  <String HEIGHT="46"
                          WIDTH="205"
                          VPOS="1573"
                          HPOS="891"
                          CONTENT="terminus"/>
                  <SP HEIGHT="46" WIDTH="17" VPOS="1573" HPOS="1096"/>
                  <String HEIGHT="46"
                          WIDTH="171"
                          VPOS="1573"
                          HPOS="1027"
                          CONTENT="vtrorum"
                          SUBS_TYPE="HypPart1"
                          SUBS_CONTENT="vtrorumque,"/>
                  <HYP CONTENT="-"/>
               </TextLine>
               <TextLine ID="r2l77"
                         BASELINE="1658"
                         HEIGHT="40"
                         WIDTH="475"
                         VPOS="1618"
                         HPOS="706">
                  <String HEIGHT="40"
                          WIDTH="141"
                          VPOS="1618"
                          HPOS="688"
                          CONTENT="que,"
                          SUBS_TYPE="HypPart2"
                          SUBS_CONTENT="vtrorumque,"/>
                  <SP HEIGHT="40" WIDTH="18" VPOS="1618" HPOS="829"/>
                  <String HEIGHT="40" WIDTH="88" VPOS="1618" HPOS="776" CONTENT="&amp;"/>
                  <SP HEIGHT="40" WIDTH="18" VPOS="1618" HPOS="864"/>
                  <String HEIGHT="40"
                          WIDTH="158"
                          VPOS="1618"
                          HPOS="812"
                          CONTENT="vnio."/>
                  <SP HEIGHT="40" WIDTH="18" VPOS="1618" HPOS="970"/>
                  <String HEIGHT="40"
                          WIDTH="123"
                          VPOS="1618"
                          HPOS="917"
                          CONTENT="est"/>
                  <SP HEIGHT="40" WIDTH="18" VPOS="1618" HPOS="1040"/>
                  <String HEIGHT="40"
                          WIDTH="158"
                          VPOS="1618"
                          HPOS="987"
                          CONTENT="autem"/>
                  <SP HEIGHT="40" WIDTH="18" VPOS="1618" HPOS="1146"/>
                  <String HEIGHT="40"
                          WIDTH="106"
                          VPOS="1618"
                          HPOS="1075"
                          CONTENT="idem"/>
               </TextLine>
               <TextLine ID="r2l79"
                         BASELINE="1706"
                         HEIGHT="49"
                         WIDTH="496"
                         VPOS="1657"
                         HPOS="698">
                  <String HEIGHT="49" WIDTH="92" VPOS="1657" HPOS="680" CONTENT="&amp;"/>
                  <SP HEIGHT="49" WIDTH="18" VPOS="1657" HPOS="771"/>
                  <String HEIGHT="49"
                          WIDTH="220"
                          VPOS="1657"
                          HPOS="716"
                          CONTENT="secundum"/>
                  <SP HEIGHT="49" WIDTH="18" VPOS="1657" HPOS="937"/>
                  <String HEIGHT="49"
                          WIDTH="147"
                          VPOS="1657"
                          HPOS="882"
                          CONTENT="idem"/>
                  <SP HEIGHT="49" WIDTH="18" VPOS="1657" HPOS="1029"/>
                  <String HEIGHT="49"
                          WIDTH="220"
                          VPOS="1657"
                          HPOS="974"
                          CONTENT="diuisio,"/>
                  <SP HEIGHT="49" WIDTH="18" VPOS="1657" HPOS="1194"/>
                  <String HEIGHT="49" WIDTH="92" VPOS="1657" HPOS="1139" CONTENT="&amp;"/>
                  <SP HEIGHT="49" WIDTH="18" VPOS="1657" HPOS="1231"/>
                  <String HEIGHT="49" WIDTH="37" VPOS="1657" HPOS="1157" CONTENT=""/>
               </TextLine>
               <TextLine ID="r2l81"
                         BASELINE="1746"
                         HEIGHT="45"
                         WIDTH="485"
                         VPOS="1701"
                         HPOS="711">
                  <String HEIGHT="45"
                          WIDTH="146"
                          VPOS="1701"
                          HPOS="695"
                          CONTENT="vnio:"/>
                  <SP HEIGHT="45" WIDTH="16" VPOS="1701" HPOS="840"/>
                  <String HEIGHT="45"
                          WIDTH="129"
                          VPOS="1701"
                          HPOS="792"
                          CONTENT="esse"/>
                  <SP HEIGHT="45" WIDTH="16" VPOS="1701" HPOS="921"/>
                  <String HEIGHT="45"
                          WIDTH="146"
                          VPOS="1701"
                          HPOS="873"
                          CONTENT="autem"/>
                  <SP HEIGHT="45" WIDTH="16" VPOS="1701" HPOS="1018"/>
                  <String HEIGHT="45"
                          WIDTH="113"
                          VPOS="1701"
                          HPOS="970"
                          CONTENT="non"/>
                  <SP HEIGHT="45" WIDTH="16" VPOS="1701" HPOS="1083"/>
                  <String HEIGHT="45"
                          WIDTH="113"
                          VPOS="1701"
                          HPOS="1034"
                          CONTENT="est"/>
                  <SP HEIGHT="45" WIDTH="16" VPOS="1701" HPOS="1148"/>
                  <String HEIGHT="45"
                          WIDTH="113"
                          VPOS="1701"
                          HPOS="1083"
                          CONTENT="idem."/>
               </TextLine>
               <TextLine ID="r2l84"
                         BASELINE="1827"
                         HEIGHT="63"
                         WIDTH="443"
                         VPOS="1764"
                         HPOS="750">
                  <String HEIGHT="63"
                          WIDTH="162"
                          VPOS="1764"
                          HPOS="735"
                          CONTENT="instans"/>
                  <SP HEIGHT="63" WIDTH="15" VPOS="1764" HPOS="898"/>
                  <String HEIGHT="63"
                          WIDTH="118"
                          VPOS="1764"
                          HPOS="853"
                          CONTENT="vero"/>
                  <SP HEIGHT="63" WIDTH="15" VPOS="1764" HPOS="972"/>
                  <String HEIGHT="63"
                          WIDTH="103"
                          VPOS="1764"
                          HPOS="927"
                          CONTENT="est"/>
                  <SP HEIGHT="63" WIDTH="15" VPOS="1764" HPOS="1031"/>
                  <String HEIGHT="63"
                          WIDTH="192"
                          VPOS="1764"
                          HPOS="986"
                          CONTENT="copulatio"/>
                  <SP HEIGHT="63" WIDTH="15" VPOS="1764" HPOS="1178"/>
                  <String HEIGHT="63"
                          WIDTH="74"
                          VPOS="1764"
                          HPOS="1119"
                          CONTENT="tem"/>
               </TextLine>
               <TextLine ID="r2l86"
                         BASELINE="1882"
                         HEIGHT="65"
                         WIDTH="497"
                         VPOS="1817"
                         HPOS="698">
                  <String HEIGHT="65"
                          WIDTH="134"
                          VPOS="1817"
                          HPOS="685"
                          CONTENT="poris,"/>
                  <SP HEIGHT="65" WIDTH="13" VPOS="1817" HPOS="819"/>
                  <String HEIGHT="65"
                          WIDTH="121"
                          VPOS="1817"
                          HPOS="779"
                          CONTENT="sicut"/>
                  <SP HEIGHT="65" WIDTH="13" VPOS="1817" HPOS="899"/>
                  <String HEIGHT="65"
                          WIDTH="134"
                          VPOS="1817"
                          HPOS="859"
                          CONTENT="dictum"/>
                  <SP HEIGHT="65" WIDTH="13" VPOS="1817" HPOS="994"/>
                  <String HEIGHT="65"
                          WIDTH="107"
                          VPOS="1817"
                          HPOS="953"
                          CONTENT="est."/>
                  <SP HEIGHT="65" WIDTH="13" VPOS="1817" HPOS="1061"/>
                  <String HEIGHT="65"
                          WIDTH="148"
                          VPOS="1817"
                          HPOS="1020"
                          CONTENT="copulat"/>
                  <SP HEIGHT="65" WIDTH="13" VPOS="1817" HPOS="1168"/>
                  <String HEIGHT="65"
                          WIDTH="81"
                          VPOS="1817"
                          HPOS="1114"
                          CONTENT="enim"/>
               </TextLine>
            </TextBlock>
         </PrintSpace>
      </Page>
   </Layout>
</alto>
