1416 2066
164 180 120 38 Cum
233 180 189 38 induxit
370 180 138 38 duas
456 180 224 38 demtrones
611 180 69 38 ac

171 227 141 39 ceptas
270 227 85 39 ex
312 227 211 39 diuersitate
481 227 141 39 medil,
579 227 85 39 in
608 227 70 39 quo

179 258 168 40 corpora
301 258 199 40 simplicia
454 258 199 40 mouentur,
591 258 92 40 vult

174 295 191 43 inducere
317 295 207 43 demironem
477 295 191 43 acceptam
604 295 80 43 ex-

178 334 235 52 diuersitate
366 334 235 52 potentiarum
538 334 125 52 motiua

179 378 109 48 rum,
247 378 109 48 quae
316 378 109 48 sunt
384 378 82 48 in
424 378 191 48 corporibus
561 378 123 48 simpli-

181 412 142 51 cibus,
280 412 71 51 &
309 412 142 51 dixit:
409 412 100 51 Hoc
465 412 142 51 igitur
551 412 128 51 contin-

177 453 103 50 git,
242 453 90 50 &c.
293 453 77 50 i.
332 453 90 50 hoc
383 453 129 50 igitur
474 453 193 50 impossibile
616 453 64 50 con

183 500 135 42 tingit
278 500 108 42 huic
346 500 176 42 positioni
481 500 81 42 ex
508 500 163 42 propositio

172 529 128 51 nibus
257 529 170 51 acceptis
385 529 85 51 ex
427 529 213 51 diuersitate
584 529 99 51 corpo

171 569 104 41 rum
231 569 179 41 mobilium
365 569 89 41 in
410 569 224 41 velocitate,
589 569 75 41 &
603 569 75 41 tat

183 606 124 44 ditate,
273 606 135 44 secundum
374 606 113 44 illud,
453 606 135 44 mediante
554 606 79 44 quo
599 606 79 44 fit
633 606 45 44 mo

184 645 93 55 tus.
243 645 93 55 D.d.
301 645 140 55 secundum
406 645 93 55 vero
464 645 186 55 successionem
604 645 82 55 corpo

181 688 90 48 rum
233 688 168 48 mobilium,
362 688 90 48 &c.
413 688 77 48 i,
452 688 103 48 quod
516 688 116 48 autem
581 688 103 48 contin

184 725 96 52 git
239 725 110 52 huic
308 725 165 52 positioi
432 725 83 52 ex
473 725 193 52 proponibus
611 725 69 52 ac-

172 764 151 47 ceptis
278 764 91 47 ex
323 764 226 47 successione
504 764 181 47 corporum
625 764 60 47 mo

180 804 161 46 bilium,
297 804 88 46 in
341 804 219 46 velocitate,
516 804 73 46 &
531 804 146 46 tardita-

184 845 86 37 te,
233 845 147 37 secundum
343 845 159 37 potentias
466 845 110 37 eorum
539 845 135 37 motiuas
625 845 61 37 est

182 883 107 39 hoc,
249 883 107 39 quid
316 883 161 39 narrabo.
436 883 107 39 D.d.
503 883 147 39 Dicamus
597 883 80 39 igi-

183 918 83 55 tur,
234 918 72 55 &c.
276 918 52 55 i
296 918 145 55 manifestum
410 918 83 55 enim
462 918 72 55 est
503 918 72 55 per
544 918 72 55 se,
586 918 83 55 quod
627 918 62 55 cor-

178 959 125 51 pora,
261 959 111 51 quae
331 959 111 51 sunt
400 959 153 51 maioris
497 959 181 51 declinatio-

178 997 96 45 nis,
238 997 96 45 siue
298 997 132 45 fuerint
394 997 120 45 leuia,
479 997 96 45 siue
539 997 132 45 grauia,
623 997 60 45 cum

174 1038 157 52 fuerint
288 1038 171 52 aequalia
416 1038 85 52 in
458 1038 157 52 figura,
572 1038 71 52 &
586 1038 100 52 magni

177 1077 163 37 tudine,
296 1077 74 37 &
325 1077 118 37 modo
399 1077 118 37 sunt
473 1077 207 37 velocioris
621 1077 59 37 mo

178 1117 98 52 tus,
239 1117 86 52 qua
288 1117 110 52 illa,
361 1117 98 52 quae
422 1117 98 52 sunt
483 1117 134 52 minoris
569 1117 110 52 declina

178 1161 128 49 tionis:
271 1161 58 49 &
294 1161 93 49 quod
352 1161 116 49 illud,
434 1161 93 49 quid
491 1161 81 49 est
538 1161 128 49 maioris
619 1161 58 49 de-

177 1197 194 49 clinationis
332 1197 181 49 pertransit
475 1197 104 49 idem
540 1197 142 49 spatium
630 1197 52 49 in

179 1245 137 40 minori
275 1245 150 40 tempore
384 1245 123 40 illo,
466 1245 82 40 in
507 1245 96 40 quo
548 1245 137 40 pertran-

180 1271 89 43 sit
231 1271 127 43 illud,
320 1271 101 43 quid
383 1271 89 43 est
434 1271 139 43 minoris
522 1271 165 43 declinatio-

176 1314 102 40 nis:
240 1314 64 40 &
266 1314 102 40 quod
329 1314 166 40 proportio
457 1314 153 40 temporis
572 1314 77 40 ad
598 1314 89 40 tpens

162 1350 113 44 erit
233 1350 127 44 sicut
317 1350 184 44 proportio
459 1350 184 44 potentiae
586 1350 99 44 moti-

182 1391 79 54 uae
227 1391 68 54 ad
261 1391 147 54 potentiam
374 1391 136 54 motiuam,
476 1391 90 54 ita,
532 1391 102 54 quod,
600 1391 68 54 si
622 1391 57 54 po-

174 1429 168 45 suerimus
300 1429 98 45 duo
356 1429 154 45 corpora
469 1429 168 45 aequalia
595 1429 84 45 in
623 1429 56 45 fi

168 1476 144 48 gura,
264 1476 80 48 &
296 1476 256 48 magnitudine,
504 1476 80 48 &
520 1476 160 48 grauitas

179 1508 122 52 vnius
261 1508 135 52 fuerit
355 1508 122 52 dupla
437 1508 81 52 ad
477 1508 189 52 grauitatem
612 1508 68 52 al-

178 1544 137 56 terius,
277 1544 99 56 tunc
339 1544 124 56 illud,
426 1544 99 56 quid
488 1544 87 56 est
538 1544 137 56 minoris
625 1544 62 56 ora

172 1578 162 64 uitatis,
294 1578 176 64 mouebitur
430 1578 95 64 per
484 1578 149 64 spatium
592 1578 81 64 in
619 1578 68 64 du-

174 1636 100 46 plo
231 1636 157 46 tempore
345 1636 85 46 ad
387 1636 157 46 tempus,
501 1636 85 46 in
544 1636 100 46 quo
586 1636 100 46 moue-

175 1668 94 52 tur
228 1668 81 52 in
269 1668 107 52 illo
336 1668 161 52 grauius.
457 1668 107 52 D.d.
524 1668 107 52 ergo
578 1668 107 52 sequi-

177 1703 100 52 tur,
239 1703 87 52 &c.
289 1703 75 52 i.
326 1703 75 52 &,
363 1703 87 52 cum
413 1703 174 52 manifestum
550 1703 87 52 sit
600 1703 87 52 per
637 1703 50 52 se

168 1749 110 45 quod
237 1749 138 45 corpus
333 1749 151 45 grauius
443 1749 96 45 est
498 1749 193 45 velocioris
636 1749 55 45 mo

180 1789 104 51 tus:
245 1789 65 51 &
271 1789 91 51 hoc
324 1789 157 51 accidit,
441 1789 131 51 perper
532 1789 131 51 medium
611 1789 78 51 quid

175 1821 151 46 resistit
289 1821 138 46 motori:
389 1821 101 46 uom,
452 1821 75 46 si
490 1821 113 46 illic
565 1821 88 46 non
603 1821 88 46 esset

177 1861 129 53 medium,
271 1861 82 53 non
318 1861 105 53 esset
388 1861 105 53 illic
458 1861 187 53 resistentia:
599 1861 82 53 ergo,

701 172 105 58 cum
761 172 210 58 posuerimus
926 172 165 58 grauius
1047 172 150 58 moueri
1152 172 90 58 in
1182 172 45 58 l

703 216 129 43 vacuo,
793 216 90 43 non
845 216 90 43 est
897 216 142 43 necesse
1000 216 77 43 vt
1038 216 90 43 sit
1077 216 129 43 velocius

698 256 114 50 illo,
774 256 101 50 quid
838 256 89 50 est
888 256 139 50 minoris
990 256 190 50 grauitatis:
1129 256 76 50 quo-

697 295 102 53 niam
761 295 89 53 non
812 295 102 53 erit
875 295 114 53 illic
952 295 102 53 cam,
1015 295 76 53 ex
1053 295 89 53 qua
1092 295 114 53 grauius

706 333 189 54 expelletur
854 333 175 54 velocius.
988 333 81 54 ex
1029 333 94 54 quo
1069 333 135 54 sequitur

696 372 107 38 vt
750 372 160 38 motus
856 372 160 38 eorum
963 372 124 38 non
1016 372 195 38 solummodo

701 413 86 50 sit
750 413 160 50 aequalis,
873 413 86 50 sed
922 413 86 50 non
971 413 74 50 in
1008 413 148 50 tempore,
1119 413 74 50 vt
1144 413 62 50 de-

703 453 189 46 clarauimus.
854 453 88 46 Et,
905 453 88 46 cum
955 453 176 46 declarauit
1094 453 101 46 quod
1144 453 63 46 im-

703 487 170 43 possibile
833 487 91 43 est
886 487 104 43 dare
951 487 131 43 causam
1029 487 183 43 diuersitatis

701 525 145 45 duorum
802 525 159 45 motorum
918 525 203 45 diuersorum
1077 525 87 45 in
1106 525 101 45 decli

700 567 161 43 natione,
820 567 67 43 &
847 567 201 43 velocitate.
1008 567 67 43 &
1035 567 174 43 tarditate
1155 567 54 43 ex

704 605 118 45 vacuo,
787 605 141 45 incoepit
892 605 165 45 declarare,
1022 605 94 45 quod
1081 605 82 45 cam
1116 605 94 45 illius

697 645 183 45 nianifesta
841 645 91 45 est
893 645 78 45 ex
932 645 131 45 pleno,
1023 645 65 45 &
1049 645 78 45 d.
1089 645 91 45 hoc
1128 645 78 45 enim

702 685 76 52 in
740 685 127 52 pleno,
829 685 89 52 &c.
880 685 76 52 i.
918 685 64 52 &
944 685 140 52 grauius
1046 685 102 52 esse
1097 685 114 52 velocio

703 729 101 33 ris
760 729 130 33 motus
847 729 217 33 necessarium
1021 729 116 33 est,
1093 729 101 33 cum
1137 729 72 33 mo-

697 758 90 56 tus
749 758 103 56 eius
813 758 129 56 fuerit
904 758 78 56 in
943 758 129 56 pleno.
1033 758 65 56 &
1059 758 103 56 caum
1124 758 78 56 in
1149 758 78 56 hocl

705 805 90 51 est,
761 805 124 51 quoniam
851 805 112 51 illud,
929 805 90 51 quid
985 805 79 51 est
1030 805 124 51 maioris
1109 805 101 51 declina

703 849 146 34 tionis,
809 849 93 34 est
862 849 160 34 fortius,
982 849 66 34 &
1009 849 133 34 citius
1088 849 120 34 diuidit

706 876 136 54 plenum:
804 876 62 54 &
829 876 161 54 similiter
953 876 124 54 illud,
1039 876 99 54 quid
1101 876 86 54 est
1138 876 74 54 acu-

703 919 133 43 tioris
796 919 159 43 figurae,
915 919 133 43 leuius
1008 919 146 43 diuidit
1101 919 106 43 aerem.

705 958 95 43 D.d.
765 958 107 43 illud
836 958 95 43 enim
896 958 95 43 quod
955 958 143 43 mouetur,
1062 958 83 43 &c.
1110 958 71 43 i.
1134 958 71 43 cor-

707 998 103 43 pus
766 998 132 43 enim,
854 998 117 43 quod
927 998 161 43 mouetur
1045 998 88 43 in
1089 998 147 43 medio,

709 1036 95 46 aut
763 1036 122 46 cedit
844 1036 81 46 ab
884 1036 95 46 eo,
938 1036 149 46 diuidit
1046 1036 149 46 medium,
1141 1036 68 46 aut

701 1077 94 55 per
754 1077 188 55 grauitatem
902 1077 135 55 tamen,
997 1077 94 55 aut
1050 1077 94 55 per
1091 1077 121 55 figuram

701 1117 89 51 liit
756 1117 122 51 quoniam
845 1117 78 51 id,
890 1117 89 51 quod
945 1117 78 51 est
990 1117 144 51 acutioris
1090 1117 111 51 figuiae,

698 1158 149 41 diuidit
807 1158 149 41 citius,
916 1158 68 41 &
943 1158 177 41 similiter
1065 1158 136 41 grauius,

705 1197 91 53 aut
757 1197 91 53 per
809 1197 169 53 vtrunque.
939 1197 104 53 D.d.
1005 1197 78 53 ex
1044 1197 91 53 quo
1083 1197 130 53 sequitur

701 1235 104 39 &c.
761 1235 74 39 &
790 1235 178 39 intendit
924 1235 89 39 in
968 1235 148 39 vacuo.
1072 1235 74 39 &
1102 1235 89 39 ex
1132 1235 74 39 hoc

701 1270 168 55 impossibili
835 1270 191 55 intelliguntur
993 1270 90 55 duo,
1049 1270 135 55 scilicet
1139 1270 67 55 quod

702 1311 104 54 omnia
772 1311 93 54 sint
830 1311 139 54 aequalia
934 1311 69 54 in
969 1311 174 54 velocitate,
1096 1311 116 54 scilicet

702 1352 136 50 motus
793 1352 212 50 grauioris,
959 1352 76 50 &
990 1352 167 50 minoris
1096 1352 121 50 graui-

704 1397 132 44 tatis,
796 1397 66 44 &
823 1397 93 44 cum
876 1397 93 44 hoc
928 1397 106 44 erit
995 1397 79 44 in
1034 1397 159 44 tempore,
1140 1397 66 44 aut

705 1430 98 50 sit
761 1430 98 50 cum
817 1430 98 50 hoc
874 1430 84 50 in
916 1430 98 50 non
972 1430 169 50 tempore.
1099 1430 84 50 Si
1127 1430 84 50 ini-

706 1469 102 53 tur
765 1469 203 53 posuerimus
924 1469 116 53 quod
997 1469 145 53 illud,
1099 1469 116 53 quod
1157 1469 58 53 se

700 1517 152 42 quitur,
811 1517 97 42 est
866 1517 125 42 ipsum
949 1517 111 42 esse
1018 1517 83 42 in
1060 1517 97 42 non
1101 1517 111 42 tempo-

698 1549 101 53 re,
755 1549 115 53 tunc
827 1549 230 53 impossibile,
1014 1549 115 53 quod
1071 1549 144 53 intendit

704 1587 215 47 concludere,
876 1587 158 47 accidit
991 1587 86 47 in
1034 1587 86 47 eo
1062 1587 144 47 quaestio

703 1629 229 46 Auempace,
880 1629 141 46 quam
968 1629 124 46 iam
1021 1629 194 46 dissolur-

704 1667 124 48 mus.
781 1667 93 48 &,
827 1667 93 48 si
873 1667 201 48 dixerimus
1028 1667 124 48 quod
1090 1667 124 48 impos-

701 1705 154 42 sibile,
813 1705 112 42 quod
883 1705 168 42 intendit
1010 1705 98 42 hic
1052 1705 154 42 Aristote.

704 1741 99 57 est
761 1741 85 57 vt
803 1741 142 57 illud,
902 1741 113 57 quod
973 1741 99 57 est
1030 1741 156 57 maioris
1129 1741 85 57 gra-

701 1785 183 41 uitatis,
838 1785 106 41 non
899 1785 106 41 est
959 1785 198 41 velocius,
1096 1785 122 41 euade-

705 1822 100 52 tur
762 1822 86 52 ab
805 1822 115 52 illa
877 1822 215 52 quaestione.
1048 1822 100 52 Sed
1091 1822 115 52 potest

697 1862 167 44 aliquis
818 1862 167 44 dicere.
940 1862 137 44 forte
1031 1862 91 44 ex
1077 1862 106 44 hoc
1138 1862 106 44 non
