1416 2066
176 179 77 57 &
206 179 200 57 corruptum
360 179 92 57 in
406 179 169 57 tempore
514 179 184 57 generatur,

188 229 71 47 &
216 229 228 47 cortumpitur,
402 229 114 47 ideo
473 229 100 47 qui
516 229 171 47 consydera-

191 268 99 46 uit
247 268 239 46 generationem,
444 268 70 46 &
473 268 183 46 attribuit
599 268 99 46 ipsam

187 300 147 53 tempori
294 300 147 53 propter
401 300 107 53 hoc,
468 300 107 53 quod
535 300 94 53 fit
588 300 80 53 in
615 300 67 53 tem

188 340 122 52 pore,
270 340 176 52 attribuit
405 340 136 52 tempus
500 340 149 52 maximae
595 340 95 52 scien

190 377 119 45 tiae.
269 377 158 45 credidit
388 377 106 45 enim
454 377 119 45 ipsum
533 377 106 45 esse
585 377 106 45 causam

183 417 194 52 scientia,
332 417 75 52 &
362 417 149 52 causam
467 417 164 52 bonorum
571 417 120 52 genera

189 456 168 51 bilium.
311 456 76 51 &
341 456 107 51 qui
402 456 244 51 consyderauit
585 456 107 51 ipsum

187 494 127 44 secundum
283 494 85 44 hoc,
335 494 85 44 quod
388 494 137 44 corrmptio
494 494 74 44 fit
536 494 63 44 in
568 494 74 44 eo,
599 494 85 44 attri-

191 533 112 50 buit
261 533 125 50 ipsum
344 533 153 50 maximae
456 533 223 50 ignorantiae,
623 533 70 50 si-

191 572 100 51 cut
248 572 172 51 narrauit
377 572 86 51 de
420 572 244 51 Pythagoricis.
607 572 86 51 isti

193 620 107 38 enim
260 620 188 38 attribuunt
407 620 81 38 ei
448 620 201 38 obliuionem,
609 620 67 38 &
622 620 67 38 cor

186 646 231 45 ruptionem.
367 646 116 45 Et,
433 646 116 45 cum
499 646 182 45 induxit
615 646 83 45 has

196 684 103 41 duas
260 684 193 41 sententias,
415 684 206 41 rectificauit
569 684 116 41 senten-

197 725 111 45 tiam
266 725 83 45 de
308 725 236 45 Pythagoricis,
502 725 69 45 &
530 725 139 45 dixit:
627 725 69 45 &
641 725 55 45 be

194 772 68 45 ue
228 772 147 45 dixerunt,
340 772 68 45 i.
374 772 135 45 quoniam,
476 772 68 45 si
510 772 180 45 tiamsmutatio
645 772 45 45 at

193 805 189 48 tribuatur
339 805 160 48 tempori
455 805 145 48 aliquo
557 805 116 48 modo
615 805 73 48 es-

188 842 176 53 sentiali,
324 842 149 53 dignius
432 842 108 53 est,
500 842 68 53 &
513 842 176 53 propinquius

198 881 71 51 vt
234 881 178 51 attribuatur
376 881 71 51 ei
412 881 166 51 corruptio,
543 881 83 51 qui
578 881 107 51 genera-

188 918 112 45 tio,
258 918 84 45 vt
300 918 196 45 praedixit.
453 918 182 45 D.induxit
579 918 112 45 causam

195 964 76 42 in
233 964 101 42 hoc,
297 964 63 42 &
322 964 127 42 dixit:
411 964 203 42 transmutatio
575 964 101 42 enim
626 964 63 42 per

196 998 86 51 se,
245 998 86 51 &c.
294 998 74 51 i.
331 998 62 51 &
356 998 197 51 corruptionem
516 998 148 51 attribui
614 998 74 51 ipsi

196 1036 92 54 est
248 1036 144 54 dignius
353 1036 92 54 qua
406 1036 210 54 generationem
563 1036 131 54 attribui

195 1076 97 46 ei:
250 1076 110 46 quia
319 1076 166 46 sequitur
430 1076 262 46 transinutationem,

195 1112 71 42 &
223 1112 226 42 transmutatio
407 1112 99 42 per
463 1112 85 42 se
505 1112 141 42 aufert
590 1112 99 42 natu-

195 1153 84 42 tam
243 1153 121 42 entis.
328 1153 133 42 quoniam
424 1153 193 42 transmutatio
569 1153 121 42 alicuius

188 1191 163 45 extrahit
311 1191 122 45 illud
392 1191 82 45 ab
433 1191 122 45 illo,
514 1191 95 45 cum
569 1191 95 45 quo
610 1191 82 45 est,

192 1230 73 38 &
222 1230 234 38 transmutatio
411 1230 102 38 non
470 1230 102 38 est
528 1230 131 38 causa
601 1230 88 38 esse

193 1266 65 55 &
219 1266 209 55 generationis
389 1266 104 55 nisi
454 1266 91 55 per
506 1266 170 55 accidens.
624 1266 65 55 Es-

193 1308 78 39 se
232 1308 105 39 enim
298 1308 92 39 non
350 1308 92 39 est
402 1308 222 39 essentialiter
585 1308 78 39 in
612 1308 78 39 ali-

196 1347 94 53 quo
249 1347 120 53 ente,
329 1347 107 53 nisi
396 1347 80 53 ex
436 1347 120 53 causa
516 1347 187 53 generante,
650 1347 40 53 &

178 1387 142 52 agente,
281 1387 103 52 quae
345 1387 90 52 est
397 1387 90 52 aut
448 1387 142 52 narura,
551 1387 90 52 aut
590 1387 103 52 anima,

191 1422 91 44 aut
243 1422 209 44 intellectus.
413 1422 104 44 esse
478 1422 117 44 autem
543 1422 144 44 formaerei

195 1466 169 49 generatae
325 1466 78 49 ex
364 1466 248 49 transinutatione
573 1466 91 49 rei
612 1466 78 49 prae

190 1502 163 44 cedente,
313 1502 109 44 quae
381 1502 149 44 dicitur
489 1502 190 44 generatio,
625 1502 68 44 est

188 1541 98 52 per
244 1541 183 52 accidens.
385 1541 155 52 quoniam
497 1541 112 52 illa
553 1541 141 52 transmu-

188 1581 127 45 tatio
273 1581 85 45 in
315 1581 99 45 rei
372 1581 170 45 verirate
499 1581 141 45 aufert
584 1581 113 45 formam

191 1629 205 42 transmutati,
358 1629 103 42 quae
422 1629 90 42 est
474 1629 167 42 contraria
589 1629 103 42 formae

192 1657 189 52 generabili
340 1657 243 52 essentialiter.
543 1657 95 52 Est
583 1657 108 52 igitur

187 1694 119 56 causa
266 1694 132 56 formae
359 1694 185 56 generabili
505 1694 93 56 per
544 1694 146 56 accidens,

189 1737 67 50 &
215 1737 175 50 corruptae
350 1737 94 50 per
404 1737 94 50 se.
458 1737 108 50 D.d.
525 1737 81 50 Et
566 1737 108 50 quod
620 1737 67 50 si-

197 1776 154 46 gnificat
313 1776 103 46 hoc,
377 1776 90 46 &c.
428 1776 77 46 i,
467 1776 77 46 vt
505 1776 116 46 niihi
569 1776 116 46 videtur

189 1817 68 52 &
216 1817 135 52 signum
310 1817 122 52 eius,
391 1817 108 52 quod
459 1817 176 52 generatio
594 1817 95 52 non
634 1817 54 52 at

196 1855 179 43 tribuitur
334 1855 166 43 tempori,
458 1855 69 43 &
486 1855 207 43 attribuitur
638 1855 55 43 ei

717 180 179 55 corruptio,
858 180 90 55 est
909 180 103 55 quod
974 180 179 55 generatio,
1115 180 103 55 quia
1166 180 64 55 est

708 221 82 43 in
749 221 82 43 re
790 221 82 43 ex
831 221 122 43 causa
912 221 190 43 extrinseca
1048 221 163 43 sensibili-

718 260 108 46 ideo
785 260 135 46 semper
880 260 203 46 attribuitur
1042 260 108 46 illi
1096 260 122 46 causae:

708 308 180 43 corruptio
847 308 125 43 vero,
930 308 111 43 quia
999 308 97 43 est
1055 308 83 43 de
1082 308 139 43 essentia

711 341 89 50 nei
762 341 127 50 absque
851 341 89 50 eo,
902 341 102 50 quod
966 341 115 50 habet
1043 341 127 50 causam
1119 341 102 50 extrin

705 383 135 35 secam
795 383 225 35 sensibilem,
974 383 120 35 ideo
1049 383 165 35 homines
1154 383 60 35 at

710 418 185 41 tribuunt
849 418 139 41 ipsam
941 418 185 41 tempori.
1080 418 108 41 Et,
1126 418 93 41 quia

713 453 187 53 corruptum
856 453 100 53 est
914 453 144 53 duobus
1014 453 144 53 modis,
1115 453 129 53 modo,

717 494 81 52 qui
764 494 174 52 corrumpitur
903 494 69 52 ex
937 494 93 52 alio
995 494 139 52 scilicet
1088 494 127 52 extrinse-

708 533 103 45 eo,
767 533 73 45 &
796 533 132 45 modo,
884 533 103 45 qui
943 533 220 45 corrumpitur
1119 533 88 45 ex
1148 533 59 45 se

709 573 110 50 icet
778 573 151 50 quoniam
888 573 124 50 causa
971 573 193 50 corrumpens
1122 573 83 50 in
1150 573 55 50 eo

706 620 86 38 est
755 620 74 38 in
792 620 86 38 se,
841 620 185 38 notificauit
989 620 98 38 quod
1050 620 123 38 illud,
1124 620 86 38 cuius

710 649 166 41 corruptio
838 649 192 41 attribuitur
991 649 153 41 tempori,
1106 649 89 41 est
1144 649 77 41 cor-

711 689 154 51 ruptum,
823 689 112 51 quod
893 689 210 51 corrumpitur
1061 689 84 51 ex
1103 689 84 51 se
1131 689 84 51 pro-

713 733 104 37 pter
778 733 169 37 latentiam
908 733 104 37 suae
973 733 130 37 cause,
1063 733 65 37 &
1089 733 130 37 dixit:
1180 733 65 37 &

712 763 90 55 hoc
764 763 155 55 proprie,
880 763 90 55 &c.
931 763 64 55 &
957 763 116 55 dixit
1034 763 103 55 hoc,
1099 763 103 55 quia
1151 763 64 55 ra-

710 804 97 52 tio
766 804 111 52 erus
835 804 97 52 est
890 804 152 52 propria
1001 804 180 52 quibusdam
1126 804 83 52 cor-

706 841 246 41 Iuptibilibus:
908 841 72 41 &
937 841 87 41 in
980 841 144 41 initio
1067 841 144 41 sermonis

706 880 113 42 dixit
782 880 150 42 expresse
894 880 100 42 quod
957 880 163 42 corruptio
1069 880 138 42 attribui-

710 919 98 43 tur
766 919 154 43 tempori
878 919 224 43 simpliciter.
1061 919 70 43 &
1089 919 112 43 ideo
1145 919 70 43 de-

704 957 150 52 clarauit
816 957 88 52 hic
866 957 100 52 quod
929 957 125 52 illud,
1016 957 100 52 quod
1079 957 100 52 fuit
1129 957 88 52 acce-

715 997 106 50 ptum
781 997 212 50 simpliciter,
954 997 93 50 est
1007 997 212 50 particulare.
1179 997 66 50 &

707 1037 112 51 ideo
777 1037 98 51 qui
833 1037 154 51 mortuus
945 1037 98 51 est
1000 1037 154 51 gladio,
1112 1037 98 51 non
1154 1037 56 51 di

715 1076 137 49 citur
806 1076 182 49 corrumpi
943 1076 91 49 ex
988 1076 182 49 tempore:
1125 1076 76 49 &
1140 1076 76 49 qui

705 1119 153 36 mortuus
817 1119 98 36 est
872 1119 84 36 ex
914 1119 98 36 se,
970 1119 112 36 vita
1040 1119 139 36 humana
1123 1119 84 36 com-

712 1153 119 50 pleta,
795 1153 131 50 dicitur
890 1153 95 50 quod
950 1153 95 50 eius
1009 1153 154 50 corruptio
1128 1153 83 50 est
1163 1153 48 50 ex

708 1198 185 36 tempore.
846 1198 108 36 Et,
908 1198 123 36 quia
985 1198 154 36 tempus
1093 1198 108 36 non
1139 1198 77 36 est

710 1231 231 43 transmutatio,
901 1231 68 43 &
928 1231 217 43 transmutatio
1104 1231 95 43 est
1145 1231 68 43 il-

710 1270 104 52 lud,
775 1270 91 52 cui
827 1270 194 52 attribuitur
982 1270 91 52 per
1034 1270 78 52 se
1060 1270 155 52 corruptio,

709 1308 157 50 tempori
823 1308 114 50 vero
894 1308 228 50 attribuitur,
1079 1308 114 50 quia
1136 1308 71 50 se-

707 1349 152 46 quitur
813 1349 303 46 transmutationem,
1071 1349 121 46 Ideo
1131 1349 61 46 de

710 1385 162 41 clarauit
831 1385 108 41 hoc,
899 1385 68 41 &
926 1385 122 41 dixt:
1007 1385 95 41 sed
1061 1385 135 41 author
1142 1385 68 41 il-

710 1427 110 50 lius,
783 1427 85 50 &c.
832 1427 73 50 i.
868 1427 85 50 sed
917 1427 122 50 illud,
1002 1427 97 50 quod
1063 1427 97 50 agit
1112 1427 97 50 corru-

712 1462 145 52 ptionem
817 1462 106 52 rei.
883 1462 92 52 non
936 1462 92 52 est
989 1462 145 52 tempus:
1094 1462 92 52 sed
1134 1462 79 52 ten-

705 1500 104 52 pus
764 1500 177 52 sequitur
897 1500 163 52 agentem
1001 1500 207 52 corruptionem

705 1540 91 38 rei
757 1540 233 38 essentialiter,
951 1540 65 38 &
977 1540 91 38 est
1016 1540 194 38 transmutatio:

705 1581 162 43 quoniam
823 1581 162 43 necesse
941 1581 103 43 est
1000 1581 89 43 vt
1030 1581 177 43 transmuta-

713 1618 96 41 tio
768 1618 96 41 sit
823 1618 83 41 in
865 1618 165 41 tempore.
989 1618 96 41 Et,
1044 1618 96 41 cum
1085 1618 124 41 declara

708 1658 97 40 uit
764 1658 111 40 ista
833 1658 83 40 de
875 1658 167 40 tempore,
1000 1658 125 40 fecit
1070 1658 139 40 rememora

708 1694 186 52 tionem,
843 1694 84 52 &
877 1694 169 52 summam
995 1694 101 52 de
1046 1694 135 52 hoc,
1114 1694 101 52 quod

711 1735 191 43 declaratur,
864 1735 64 43 &
889 1735 127 43 dixit:
978 1735 89 43 lam
1029 1735 127 43 igitur
1105 1735 102 43 narra-

711 1780 137 39 uimus,
807 1780 96 39 &c.
862 1780 82 39 i.
904 1780 96 39 iam
959 1780 137 39 igitur
1041 1780 165 39 narrauimus

712 1821 103 46 esse
777 1821 142 46 tempus,
880 1821 78 46 id
919 1821 90 46 est
970 1821 194 46 dissoluimus
1113 1821 90 46 quae-

705 1851 141 47 stiones
808 1851 179 47 accidentes
948 1851 77 47 in
987 1851 102 47 eius
1051 1851 115 47 esse,
1127 1851 64 47 &
1140 1851 64 47 de
