1416 2066
170 177 158 50 innata
281 177 126 50 sunt
360 177 189 50 dormire.
486 177 205 50 Nutrimentum

189 221 106 37 enim
255 221 92 37 cum
308 221 171 37 aduenerit
439 221 145 37 corpori
545 221 132 37 istius
624 221 66 37 ani

191 261 133 47 malis,
284 261 66 47 &
310 261 159 47 operatus
430 261 133 47 fuerit
522 261 119 47 calor
602 261 80 47 in
629 261 66 47 ip-

191 296 117 50 sum,
264 296 175 50 ascendet
395 296 87 50 ab
439 296 117 50 ipso
512 296 131 50 vapor
585 296 102 50 humi-

190 335 98 48 dus
246 335 84 48 ad
288 335 139 48 caput,
385 335 70 48 &
413 335 112 48 cor,
483 335 70 48 &
511 335 98 48 sic
553 335 139 48 grauabit

191 374 152 39 aimal,
297 374 76 39 &
327 374 212 39 laxabuntur
494 374 152 39 instra
585 374 106 39 motus

190 410 95 40 ita,
250 410 95 40 quod
309 410 143 40 quiescet
417 410 72 40 in
452 410 107 40 foco,
524 410 60 40 &
548 410 143 40 dormiet.
655 410 60 40 &

186 450 109 50 cum
249 450 234 50 nutrimentum
436 450 156 50 fuerit
529 450 156 50 digestum

180 486 142 38 tunc
269 486 177 38 membra
393 486 213 38 animalis
535 486 159 38 mouenua

182 526 247 40 alleuiabuntur,
388 526 69 40 &
416 526 206 40 expergefiet
567 526 124 40 animal,

185 565 75 37 &
215 565 195 37 mouebitur
365 565 90 37 ex
410 565 90 37 se
454 565 90 37 in
499 565 135 37 loco.
589 565 90 37 &,
619 565 75 37 cum

190 601 90 51 ita
242 601 103 51 sit,
306 601 103 51 tunc
370 601 128 51 primus
460 601 116 51 motor
537 601 154 51 animalis
640 601 51 51 in

188 638 119 44 loco,
267 638 66 44 &
294 638 146 44 faciens
400 638 119 44 ipsum
480 638 186 44 quiescere,
626 638 93 44 non

180 676 96 38 est
235 676 137 38 motor,
331 676 96 38 qui
385 676 96 38 est
440 676 82 38 in
481 676 96 38 eo,
536 676 96 38 qui
591 676 96 38 non
632 676 68 38 mo-

186 715 104 46 uetur
256 715 139 46 scilicet
360 715 81 46 per
406 715 93 46 quem
464 715 127 46 mouetur
557 715 69 46 ex
592 715 81 46 se,
638 715 81 46 sed

184 750 142 48 primus
283 750 128 48 motor
368 750 85 48 in
411 750 85 48 eo
453 750 99 48 est
510 750 128 48 illud
581 750 113 48 extrin

190 789 141 37 secum,
288 789 98 37 aut
345 789 127 37 illud
429 789 183 37 adueniens
555 789 141 37 corpori-

186 828 84 46 Et
228 828 98 46 hoc
284 828 210 46 intendebat,
453 828 98 46 cum
509 828 140 46 dixit:
607 828 70 46 &
621 828 70 46 pri

184 866 111 40 mum
248 866 223 40 principium
423 866 111 40 est
470 866 223 40 extrinsecum.

187 907 127 45 D.d.
267 907 80 45 &
298 907 127 45 ideo
378 907 111 45 non
442 907 175 45 mouetur
553 907 143 45 semper,

185 940 92 49 &c.
237 940 78 49 i.
276 940 105 49 quia
342 940 131 49 corpus
433 940 157 49 animalis
551 940 144 49 mouetur
643 940 52 49 ab

193 979 137 49 extrin
289 979 123 49 seco,
371 979 109 49 ideo
439 979 96 49 non
494 979 150 49 mouetur
589 979 96 49 sempe

188 1015 77 43 ex
227 1015 77 43 se
265 1015 166 43 continue.
393 1015 77 43 &,
431 1015 77 43 si
469 1015 102 43 non,
533 1015 102 43 tunc
584 1015 115 43 necesse

192 1053 106 45 esset,
266 1053 127 45 secundum
361 1053 85 45 quod
414 1053 74 45 est
457 1053 95 45 motum
520 1053 63 45 ex
552 1053 74 45 se,
594 1053 74 45 aut
636 1053 74 45 mo¬

190 1093 129 38 uetur
276 1093 158 38 semper,
390 1093 72 38 &
419 1093 186 38 continue,
562 1093 100 38 cum
605 1093 86 38 vnus

191 1129 136 49 motor,
287 1129 123 49 sicut
368 1129 136 49 dictum
464 1129 109 49 est,
532 1129 95 49 non
573 1129 123 49 moueat,

188 1169 106 42 nisi
254 1169 93 42 vno
307 1169 106 42 motu
373 1169 145 42 tantum.
479 1169 145 42 D.dedit
571 1169 119 42 causam,

195 1211 122 44 propter
284 1211 89 44 quam
339 1211 89 44 fuit
395 1211 111 44 animal
473 1211 145 44 huiusmodi
584 1211 67 44 in
606 1211 78 44 absci

190 1245 113 38 sione
266 1245 88 38 sui
316 1245 125 38 motus,
403 1245 63 38 &
428 1245 125 38 dixit:
516 1245 113 38 motor
591 1245 100 38 enim
641 1245 50 38 il

197 1286 111 44 lorum
271 1286 87 44 est
320 1286 124 44 aliud,
407 1286 87 44 &c.
457 1286 74 44 i.
494 1286 62 44 &
519 1286 111 44 causa
593 1286 74 44 in
618 1286 74 44 hoc,

194 1322 105 43 quod
259 1322 131 43 motor,
351 1322 92 43 qui
403 1322 92 43 non
456 1322 144 43 mouetur
560 1322 78 43 in
586 1322 105 43 istis,

174 1357 106 52 mouet
245 1357 164 52 quandoque,
374 1357 59 52 &
397 1357 153 52 quandoque
515 1357 94 52 non,
574 1357 94 52 est,
621 1357 70 52 quia

191 1405 103 29 non
250 1405 103 29 est
309 1405 148 29 primus
413 1405 133 29 motor
501 1405 89 29 in
545 1405 103 29 hoc
590 1405 103 29 motu.

185 1436 99 49 sed
241 1436 141 49 primus
340 1436 127 49 motor
425 1436 85 49 in
467 1436 127 49 istis
552 1436 99 49 est
594 1436 99 49 aliud

194 1472 249 43 extrinsecum,
397 1472 156 43 quando
506 1472 187 43 mouetur,
646 1472 78 43 &

196 1516 222 30 transmutatur
376 1516 111 30 iste
445 1516 125 30 motor
529 1516 83 30 ab
570 1516 111 30 illo
626 1516 55 30 ex

201 1549 145 37 trinseco
309 1549 145 37 secundum
418 1549 133 37 naturam
514 1549 169 37 cuiuslibet
635 1549 48 37 eo

195 1584 89 51 rum,
250 1584 89 51 quae
306 1584 111 51 mouent
383 1584 100 51 ipsum
450 1584 133 51 scilicet
549 1584 100 51 quod,
616 1584 66 51 si
638 1584 55 51 na-

199 1629 105 43 tura
264 1629 105 43 eius
330 1629 118 43 facit
409 1629 118 43 ipsum
487 1629 184 43 quiescere,
618 1629 79 43 quie

197 1661 114 37 scit:
274 1661 76 37 &,
312 1661 76 37 si
350 1661 127 37 natura
439 1661 102 37 eius
502 1661 114 37 facit
579 1661 114 37 ipsum
642 1661 51 37 mo

198 1697 128 41 uere,
283 1697 200 41 mouebitur.
440 1697 100 41 Et,
497 1697 100 41 cum
540 1697 143 41 declara-

198 1740 97 38 uit
253 1740 110 38 quod
322 1740 138 38 primus
419 1740 138 38 motor,
516 1740 97 38 qui
571 1740 97 38 non
612 1740 83 38 moue

201 1777 97 34 tur
256 1777 83 34 in
298 1777 97 34 hoc
353 1777 124 34 motu,
436 1777 152 34 mouetur
547 1777 83 34 ab
574 1777 111 34 extri-

190 1809 126 42 seco,
274 1809 168 42 incoepit
400 1809 182 42 declarare
540 1809 140 42 modum,
624 1809 70 42 quo

709 181 168 45 mouetur,
835 181 70 45 &
863 181 98 45 di.
919 181 84 45 Et
961 181 84 45 in
1002 181 126 45 istis
1072 181 140 45 omnibus,

714 220 94 44 &c.
767 220 80 44 i.
807 220 67 44 &
834 220 80 44 in
874 220 121 44 istis
955 220 121 44 motis
1035 220 80 44 ex
1076 220 80 44 se
1102 220 121 44 omnibus

712 256 256 53 generabilibus,
925 256 71 53 &
953 256 270 53 corruptibilibus
1166 256 57 53 mo

717 297 124 50 uetur
800 297 138 50 primus
896 297 124 50 motor
979 297 83 50 in
1020 297 110 50 eis,
1089 297 96 50 per
1130 297 83 50 quem

713 334 140 36 mouetur
815 334 76 36 ex
853 334 76 36 se
891 334 63 36 a
916 334 114 36 rebus
993 334 203 36 extrinsecis.
1158 334 89 36 sed

710 374 115 36 motus
787 374 77 36 ab
826 374 90 36 eis
877 374 90 36 non
928 374 90 36 est
979 374 231 36 essentialiter,
1159 374 64 36 sed

710 407 243 43 accidentaliter.
915 407 115 43 motus
991 407 115 43 autem
1068 407 102 43 eius
1132 407 89 43 est
1170 407 51 43 ac

713 446 180 50 cidentalitur,
862 446 95 50 licet
926 446 74 50 sit
968 446 191 50 indiuisibilis:
1117 446 95 50 quoniam

715 485 217 49 constituituitur
897 485 80 49 per
943 485 148 49 subiectum
1057 485 137 49 scilicet
1160 485 80 49 per

714 524 135 46 corpus.
812 524 61 46 &
836 524 98 46 ideo
898 524 135 46 accidit
996 524 74 46 ei
1033 524 135 46 moueri,
1119 524 98 46 quando

709 561 163 49 corpus
823 561 196 49 mouetur:
970 561 163 49 &omne,
1084 561 131 49 quod
1150 561 65 49 mo

711 605 144 38 uetur,
811 605 115 38 quia
884 605 101 38 est
941 605 86 38 in
984 605 130 38 moto,
1071 605 101 38 est
1114 605 101 38 motum

716 637 89 41 per
767 637 166 41 accidens.
895 637 64 41 .
920 637 76 41 Et
958 637 89 41 hoc
1009 637 191 41 intendebat,
1149 637 64 41 cum

708 676 81 38 d.
749 676 136 38 corpus
844 676 108 38 enim
912 676 122 38 mutat
993 676 108 38 suum
1061 676 136 38 locum,
1142 676 68 38 &c.

712 711 73 44 i.
748 711 61 44 &
773 711 97 44 caum
833 711 73 44 in
870 711 97 44 hoc,
930 711 97 44 quod
991 711 97 44 iste
1052 711 109 44 motor
1113 711 109 44 mouetur

713 757 79 43 per
758 757 124 43 accuns,
848 757 90 43 est,
905 757 90 43 quia
961 757 181 43 constituitur
1108 757 79 43 per
1142 757 68 43 cor-

711 789 102 49 pus,
775 789 63 49 &
800 789 89 49 sic
851 789 190 49 transfertur
1003 789 89 49 per
1054 789 140 49 accins,
1156 789 89 49 per

708 829 219 52 translationem
889 829 168 52 corporis,
1018 829 116 52 omne,
1095 829 103 52 quod
1147 829 64 52 est

704 866 79 50 in
743 866 159 50 corpore,
862 866 119 50 licet
942 866 93 50 sit
995 866 132 50 motor.
1087 866 79 50 Et
1113 866 93 50 debes

711 902 111 52 scire
785 902 98 52 quod
846 902 86 52 hoc
895 902 86 52 non
944 902 98 52 est,
1006 902 111 52 sicut
1067 902 148 52 translatio

712 942 125 44 partis
800 942 88 44 cum
850 942 200 44 translatione
1013 942 138 44 totius,
1113 942 88 44 sed
1150 942 63 44 si-

709 979 98 49 cut
765 979 182 49 albedinis
905 979 98 49 cum
961 979 224 49 translatione
1129 979 84 49 sub-

704 1015 131 43 fecti:
796 1015 92 43 cum
848 1015 92 43 sit
900 1015 183 43 declaratum
1045 1015 105 43 quod
1110 1015 105 43 iste
1163 1015 52 43 mo

708 1059 103 47 tor
767 1059 103 47 non
826 1059 103 47 est
884 1059 161 47 corpus,
1002 1059 103 47 cum
1060 1059 161 47 moueat,
1163 1059 44 47 &

705 1091 90 47 non
757 1091 168 47 moueatur.
886 1091 65 47 &
912 1091 103 47 ideo
976 1091 129 47 dixit:
1067 1091 65 47 &
1093 1091 103 47 quod
1144 1091 65 47 est

704 1130 87 41 in
747 1130 173 41 vniuerso
877 1130 144 41 mouens
978 1130 101 41 se.
1021 1130 188 41 conseruando

708 1170 74 40 se
745 1170 61 40 a
769 1170 159 40 partibus,
892 1170 98 40 quae
953 1170 98 40 sunt
1014 1170 74 40 in
1051 1170 147 40 corpore:
1149 1170 61 40 li-

715 1204 87 54 cet
764 1204 99 54 hic,
826 1204 62 54 &
851 1204 111 54 illae
925 1204 161 54 moueantur
1048 1204 87 54 per
1085 1204 124 54 accuuns.

730 1244 69 46 Et
764 1244 103 46 debes
833 1244 115 46 scire,
913 1244 92 46 quod
970 1244 80 46 non
1016 1244 160 46 intendebat
1142 1244 92 46 quod

714 1282 96 40 motus
778 1282 96 40 eius,
842 1282 74 40 qui
884 1282 74 40 est
927 1282 74 40 per
969 1282 106 40 accuns
1044 1282 127 40 scilicet
1129 1282 74 40 moto-

711 1324 117 38 ris,
784 1324 102 38 qui
843 1324 102 38 non
901 1324 161 38 mouetur
1018 1324 88 38 in
1062 1324 161 38 animali
1164 1324 44 38 a

715 1360 128 35 causis
805 1360 205 35 extrinsecis,
972 1360 90 35 est
1023 1360 116 35 motus
1100 1360 103 35 eius
1152 1360 51 35 in

715 1398 87 36 oco
764 1398 137 36 propter
864 1398 112 36 motum
939 1398 87 36 sui
989 1398 150 36 subiecti
1088 1398 125 36 scilicet

713 1432 156 43 corporis:
833 1432 84 43 sed
881 1432 168 43 intendebat
1014 1432 96 43 quod
1074 1432 108 43 motus
1134 1432 72 43 eius

705 1476 69 46 a
733 1476 137 46 causis
829 1476 206 46 extrinsecis
993 1476 96 46 est
1048 1476 151 46 propter
1144 1476 69 46 mo-

709 1516 78 34 tum
753 1516 78 34 sui
798 1516 134 34 subiecti
898 1516 67 34 ab
932 1516 78 34 eis
976 1516 67 34 in
1010 1516 100 34 loco,
1076 1516 134 34 scilicet
1165 1516 45 34 vt

702 1556 213 38 augmentetur,
875 1556 93 38 aut
928 1556 186 38 alteretur,
1074 1556 93 38 est
1114 1556 93 38 sicut

709 1583 129 43 motus
794 1583 114 43 eius
866 1583 86 43 in
909 1583 114 43 loco
980 1583 71 43 a
1009 1583 114 43 moto
1080 1583 100 43 sui
1123 1583 86 43 sub-

709 1620 83 51 iect,
764 1620 110 51 scilicet
847 1620 120 51 corporis.
939 1620 101 51 videtur
1013 1620 74 51 enim
1059 1620 74 51 quod
1096 1620 110 51 manifestum

706 1660 92 39 est
759 1660 106 39 hic,
825 1660 106 39 quod
890 1660 119 39 omnis
970 1660 119 39 motor
1049 1660 79 39 in
1075 1660 132 39 subiecto

706 1701 162 37 mouetur
824 1701 103 37 per
883 1701 162 37 accins,
1000 1701 162 37 propter
1103 1701 103 37 motum

712 1734 78 52 sui
756 1734 144 52 subiecti,
867 1734 155 52 deferentis
989 1734 100 52 ipsum
1056 1734 133 52 scilicet
1155 1734 67 52 in
1178 1734 44 52 lo

706 1774 120 49 co.
774 1774 154 49 vtium
877 1774 154 49 autem
980 1774 137 49 ome,
1066 1774 137 49 quod
1134 1774 69 49 mo

704 1813 108 45 uetur
776 1813 72 45 in
812 1813 96 45 loco
873 1813 84 45 per
921 1813 96 45 suum
981 1813 181 45 ssibiectum,
1114 1813 96 45 tranf
