1416 2066
129 181 105 41 bet
189 181 90 41 in
234 181 136 41 rebus
325 181 241 41 naturalibus,
520 181 105 41 &c.
566 181 90 41 D.d.

141 221 138 38 omnes
233 221 123 38 enim
309 221 107 38 &c.
370 221 92 38 i.
416 221 138 38 omnes
508 221 123 38 enim
569 221 77 38 An-

143 268 121 41 tiqui
223 268 202 41 reducebant,
385 268 94 41 &c.
439 268 81 41 i.
466 268 189 41 attribuebant

148 301 131 38 omnia
235 301 218 38 generabilia
409 301 87 38 ad
452 301 131 38 istam
525 301 131 38 causam,

143 335 80 44 ex
183 335 93 44 qua
236 335 173 44 inuenitur
369 335 186 44 necessitas
515 335 80 44 in
542 335 106 44 rebus,

138 373 75 51 &
168 373 106 51 est
228 373 181 51 materia.
364 373 181 51 dicebant
500 373 121 51 enim
560 373 91 51 quo-

141 421 107 37 niam
207 421 80 37 ex
247 421 200 37 necessitate
408 421 147 37 calidi,
514 421 67 37 &
528 421 120 37 naturae

146 450 152 52 frigidi,
260 450 63 52 &
285 450 139 52 humidi,
387 450 63 52 &
412 450 114 52 ficci
488 450 152 52 necesses
589 450 63 52 est

148 486 120 44 iuenire
235 486 98 44 omnia
301 486 87 44 ista
355 486 175 44 generabilia,
497 486 131 44 scilicet
585 486 65 44 quod

140 527 149 51 propter
249 527 108 51 hoc,
316 527 108 51 quod
384 527 149 51 calidum
492 527 149 51 innatum
586 527 68 51 est

143 572 179 46 admisceri
281 572 96 46 cum
336 572 165 46 frigido,
460 572 69 46 &
487 572 151 46 humidum
583 572 69 46 cum

148 605 124 52 sicco,
235 605 137 52 necesse
334 605 87 52 est
384 605 75 52 vt
421 605 75 52 ab
458 605 112 52 istis
520 605 137 52 qualitati

149 644 91 51 bus
201 644 195 51 inueniantur
357 644 117 51 omnia
434 644 195 51 generabilia
577 644 78 51 sine

142 680 137 51 aliqua
238 680 96 51 cam
293 680 192 51 extrinseca
444 680 206 51 admiscente,
609 680 69 51 &

144 723 120 51 dante
224 723 173 51 vnicuique
357 723 107 51 enti
423 723 200 51 compersonem
570 723 80 51 pro-

133 758 109 58 priam.
209 758 55 58 &
231 758 142 58 similiter
340 758 142 58 dicebant,
450 758 131 58 quoniam,
548 758 87 58 quia
591 758 55 58 ca-

147 805 131 43 lidum
235 805 160 43 innatum
351 805 102 43 est
409 805 189 43 ascendere
540 805 102 43 super

151 836 125 54 rius,
234 836 167 54 frigidum
359 836 194 54 descendere
498 836 153 54 inferius,

147 875 116 47 ideo
220 875 175 47 calidum,
351 875 102 47 cum
410 875 175 47 ascendit
541 875 87 47 ad
570 875 87 47 supe

145 916 114 48 riora
222 916 178 48 plantarum,
361 916 114 48 fient
438 916 140 48 fiores,
540 916 64 48 &
552 916 102 48 folia:

148 956 112 50 sicut
222 956 125 50 etiam,
310 956 87 50 cum
360 956 150 50 frigidum
472 956 187 50 descenderit
609 956 50 50 ad

151 993 140 42 inferius,
259 993 97 42 sient
324 993 130 42 radices.
421 993 54 42 &
443 993 140 42 similiter
540 993 119 42 faciebant

144 1033 77 54 de
183 1033 154 54 omnibus,
298 1033 77 54 de
336 1033 128 54 quibus
426 1033 179 54 nitebantur
554 1033 103 54 redde-

138 1071 97 44 re
186 1071 162 44 causas
299 1071 210 44 actionum,
445 1071 210 44 quemadmodum

146 1112 192 42 nitebantur
297 1112 82 42 in
338 1112 96 42 hoc
393 1112 82 42 in
434 1112 205 42 generatione
585 1112 68 42 eo-

141 1150 106 44 rum.
207 1150 120 44 eadem
287 1150 93 44 eni
340 1150 93 44 est
393 1150 186 44 dispositio
540 1150 80 44 de
566 1150 80 44 cau-

147 1189 88 45 sis
198 1189 214 45 generationis,
374 1189 63 45 &
399 1189 75 45 de
436 1189 126 45 causis
512 1189 138 45 actionum.

142 1228 98 52 qui
198 1228 112 52 enim
268 1228 182 52 attribuit
408 1228 224 52 generationem
576 1228 70 52 ne-

142 1269 181 45 cessitati,
284 1269 168 45 attribuit
413 1269 155 45 actiones
516 1269 142 45 necessita

143 1316 94 38 ti,
196 1316 67 38 &
223 1316 94 38 qui
276 1316 174 38 attribuit
410 1316 94 38 eam
464 1316 107 38 fini
517 1316 134 38 intento,

130 1342 183 55 attribuit
271 1342 225 55 generationem
453 1342 112 55 fini
509 1342 141 55 intento.

168 1384 109 43 Et,
231 1384 124 43 quia
308 1384 155 43 quidam
417 1384 171 43 istorum
526 1384 124 43 dicunt

136 1422 124 56 agens
219 1422 110 56 esse
288 1422 83 56 in
329 1422 124 56 prima
411 1422 206 56 generatione
563 1422 83 56 mun-

147 1464 84 52 di,
195 1464 84 52 non
243 1464 72 52 in
279 1464 133 52 omnibus
376 1464 229 52 generationibus,
569 1464 72 52 vt
593 1464 60 52 Em-

150 1506 173 43 pedocles
280 1506 202 43 amicitiam,
438 1506 72 43 &
467 1506 144 43 litem,
568 1506 72 43 &
583 1506 72 43 Ana

145 1541 155 53 xagoras
257 1541 267 53 intelligentiam,
482 1541 141 53 dixit:
567 1541 84 53 quo-

617 1592 48 40 quod

150 1580 123 50 niam,
232 1580 68 50 &
259 1580 82 50 si
300 1580 177 50 imponunt.
437 1580 82 50 i.
478 1580 68 50 &
491 1580 123 50 dicimus

149 1619 106 38 isti
215 1619 146 38 homines
321 1619 159 38 reducunt
440 1619 119 38 omnia
520 1619 79 38 ad
546 1619 106 38 causam

143 1657 197 44 materialem,
300 1657 105 44 quia
366 1657 118 44 isti,
444 1657 66 44 &
471 1657 79 44 si
510 1657 131 44 ponunt
588 1657 66 44 cau

143 1695 90 54 sam
195 1695 116 54 aliam
272 1695 154 54 scilicet
387 1695 154 54 agentem,
503 1695 77 54 vt
528 1695 116 54 Empedo-

143 1733 117 54 cles,
221 1733 65 54 &
247 1733 196 54 Anaxagoras,
404 1733 117 54 tamen
482 1733 144 54 modicum
574 1733 78 54 per-

155 1780 171 42 ceperunt
283 1780 114 42 eam,
354 1780 71 42 &
383 1780 228 42 concesserunt
554 1780 100 42 eanti

149 1818 88 40 in
193 1818 191 40 principio
341 1818 250 40 generationis,
532 1818 118 40 deinde

148 1852 196 46 dimiserunt
302 1852 98 46 eam
358 1852 84 46 in
400 1852 126 46 aliis
470 1852 112 46 rebus.

706 181 163 53 Habet
815 181 163 53 autem
905 181 272 53 dubitationem,

670 226 126 53 quid
749 226 205 53 prohibeat
906 226 173 53 naturam
1032 226 110 53 non
1080 226 94 53 pro-

672 268 111 47 pter
742 268 153 47 aliquid
853 268 153 47 facere,
964 268 125 47 neque
1047 268 111 47 quid
1103 268 69 47 me-

671 309 111 53 lius
741 309 111 53 est,
810 309 97 53 sed
866 309 125 53 sicut
949 309 125 53 pluit
1018 309 153 53 luppiter,

661 333 121 70 non
730 333 104 70 vt
782 333 225 70 frumentum
956 333 191 70 augeat,
1094 333 121 70 sed

668 391 93 43 ex
714 391 248 43 necessitate.
916 391 124 43 quod
993 391 124 43 enim
1055 391 124 43 sursum

670 437 136 37 latum
761 437 121 37 est,
836 437 212 37 frigefieri
1003 437 181 37 oportet:
1139 437 76 37 &

668 484 116 47 quod
740 484 217 47 frigefactum
913 484 116 47 est,
985 484 130 47 aquam
1057 484 116 47 factum

673 519 163 47 deorsum
792 519 163 47 venire:
911 519 148 47 augeri
1015 519 148 47 autem,
1104 519 74 47 cum

674 560 84 57 hoc
722 560 108 57 fiat,
794 560 132 57 accidit
890 560 168 57 frumentum.
1022 560 156 57 similiter
1130 560 48 57 at

666 604 94 50 &,
713 604 94 50 si
761 604 173 50 cuipiam
886 604 141 50 perit
981 604 204 50 frumentum
1122 604 63 50 in

676 645 132 53 area,
764 645 103 53 non
823 645 132 53 huius
911 645 103 53 gra
970 645 147 53 pluit,
1073 645 88 53 vt
1103 645 73 53 pe-

669 684 135 55 reat,
759 684 105 55 sed
819 684 105 55 hoc
879 684 180 55 accidit.
1015 684 135 55 Quare
1090 684 90 55 quid

669 733 161 44 prohibet
789 733 94 44 sic
843 733 67 44 &
870 733 134 44 partes
964 733 80 44 se
1004 733 134 44 habere
1098 733 80 44 in
1124 733 54 44 na

670 768 127 42 tura,
755 768 85 42 vt
797 768 141 42 dentes
896 768 85 42 ex
938 768 212 42 necessitate
1093 768 85 42 ori-

668 820 100 42 ri,
725 820 200 42 anteriores
882 820 143 42 quidem
982 820 157 42 acutos,
1082 820 100 42 aptos

669 860 88 38 ad
713 860 219 38 diuidendum,
888 860 204 38 maxillares
1049 860 131 38 autem
1122 860 58 38 la

671 896 125 50 tos,
750 896 78 50 &
781 896 157 50 vtiles
891 896 94 50 ad
938 896 188 50 terendum
1063 896 125 50 cibum,

670 935 112 51 cum
734 935 112 51 non
798 935 176 51 propter
926 935 112 51 hoc
989 935 144 51 facti
1069 935 112 51 sint,

671 981 78 37 sed
715 981 156 37 acciderit.
838 981 145 37 similiter
949 981 100 37 autem
1016 981 78 37 est
1061 981 56 37 &
1083 981 67 37 de
1105 981 78 37 aliis

679 1020 170 53 partibus,
810 1020 78 53 in
849 1020 131 53 quibus
941 1020 144 53 videtur
1045 1020 131 53 inesse
1124 1020 52 53 ip

673 1060 105 54 sum,
738 1060 144 54 propter
843 1060 157 54 aliquid.
961 1060 92 54 Vbi
1013 1060 131 54 igitur
1091 1060 92 54 omnia

671 1103 209 50 acciderint,
838 1103 153 50 perinde
950 1103 126 50 atque
1034 1103 84 50 si
1062 1103 126 50 propter

668 1145 151 49 aliquid
778 1145 123 49 facta
860 1145 151 49 forent,
970 1145 82 49 ea
1011 1145 137 49 quidem
1093 1145 82 49 ser-

670 1183 109 51 uata
739 1183 123 51 sunt,
820 1183 68 51 a
848 1183 109 51 casu
916 1183 218 51 consistentia
1080 1183 95 51 apte,

672 1236 184 39 quacunque
814 1236 113 39 vero
884 1236 99 39 non
941 1236 113 39 sic,
1012 1236 170 39 periere,
1125 1236 57 39 pe

667 1271 211 44 reuntque,
829 1271 227 44 quendmodum
1007 1271 130 44 Emp.
1072 1271 113 44 dicit

669 1320 107 41 ea,
730 1320 122 41 quae
806 1320 138 41 prima
898 1320 168 41 hominem
1005 1320 168 41 referunt,

666 1357 88 45 &
702 1357 176 45 taurum
825 1357 158 45 parte
913 1357 176 45 secunda.

687 1404 74 63 Et
724 1404 86 63 est
773 1404 86 63 hic
822 1404 86 63 qo.
871 1404 111 63 dicet
945 1404 98 63 enim
1006 1404 147 63 aliquis,
1104 1404 74 63 quid

666 1452 173 67 prohibet
795 1452 86 67 vt
839 1452 144 67 natura
939 1452 101 67 non
997 1452 159 67 propter
1098 1452 72 67 al-

666 1503 108 67 quid
733 1503 121 67 agat,
814 1503 121 67 neque
895 1503 81 67 vt
935 1503 148 67 aliquid
1043 1503 94 67 sit
1084 1503 94 67 nobi-

666 1548 121 57 lius,
746 1548 94 57 sed
800 1548 121 57 sicut
881 1548 134 57 pluuia
975 1548 121 57 venit
1055 1548 67 57 a
1069 1548 94 57 coelo

667 1605 101 56 non
724 1605 87 56 vt
768 1605 174 56 crescant
898 1605 159 56 messes,
1014 1605 101 56 sed
1072 1605 87 56 ex
1101 1605 72 56 ne-

670 1652 183 57 cessitate.
814 1652 104 57 quod
879 1652 104 57 enim
944 1652 170 57 ascendit,
1062 1652 117 57 necesse

669 1701 102 65 est
728 1701 88 65 vt
772 1701 248 65 infrigidetur:
976 1701 88 65 &,
1020 1701 102 65 cum
1063 1701 117 65 infri-

666 1752 168 62 gidatur,
792 1752 98 62 sit
848 1752 126 62 aqua,
932 1752 70 62 &
960 1752 196 62 descendit:
1100 1752 70 62 et.

663 1800 105 59 cum
723 1800 105 59 hoc
783 1800 165 59 fuerit,
903 1800 165 59 accidit
1023 1800 90 59 vt
1053 1800 120 59 messes

660 1845 203 61 crescant.
817 1845 78 61 &
848 1845 141 61 eodem
942 1845 141 61 modo,
1035 1845 94 61 si
1067 1845 109 61 semen
