1416 2066
232 181 111 58 Cum
295 181 221 58 declarauit
469 181 126 58 quod
548 181 142 58 eadem
627 181 79 58 est

180 221 181 58 dispositio
322 221 77 58 in
361 221 116 58 arte,
438 221 64 58 &
464 221 77 58 in
503 221 142 58 natura,
593 221 103 58 scili-

194 268 101 49 cet
251 268 87 49 in
295 268 116 49 hoc,
367 268 116 49 quod
439 268 173 49 vtrunque
569 268 116 49 agit
627 268 72 49 pro

197 308 106 38 pter
263 308 159 38 aliquid,
382 308 159 38 incoepit
501 308 185 38 confirmare
633 308 66 38 si-

192 346 232 40 militudinem
377 346 139 40 inter
470 346 155 40 artem,
578 346 77 40 &
594 346 108 40 natu-

192 385 103 54 ram
251 385 88 54 in
295 385 117 54 hoc,
368 385 176 54 quoniam,
500 385 88 54 si
544 385 146 54 natura
632 385 73 54 age

195 430 94 40 ret
248 430 147 40 aliquid
355 430 147 40 propter
463 430 147 40 aliquid
570 430 121 40 casu,
637 430 67 40 tuo

192 468 112 38 ars
256 468 112 38 non
320 468 223 38 perficeret
479 468 223 38 diminutionem

193 502 170 44 naturae,
320 502 127 44 neque
405 502 99 44 ars
462 502 240 44 assimilaretur
645 502 57 44 in

198 540 147 52 pluribus
308 540 98 52 suis
370 540 172 52 actionibus
505 540 147 52 naturae.
615 540 61 52 T
627 540 74 52 quod

194 588 110 38 enim
263 588 152 38 innatum
373 588 96 38 est
428 588 165 38 existere
552 588 124 38 casu,
635 588 96 38 non

198 620 100 54 est
255 620 157 54 innatum
369 620 171 54 existere
497 620 100 54 per
539 620 157 54 intentio-

188 668 117 36 nem.
262 668 132 36 Verbi
349 668 161 36 gratia:
467 668 176 36 quoniam,
598 668 88 36 si
628 668 73 36 sa-

193 697 123 41 nitas
275 697 192 41 proueniret
426 697 68 41 a
454 697 137 41 natura
549 697 123 41 casu,
618 697 82 41 tunc

183 737 117 41 ars
250 737 117 41 non
317 737 218 41 compleret
468 737 234 41 diminutionem

191 774 146 44 naturae
297 774 79 44 in
336 774 93 44 hoc
389 774 106 44 ita,
456 774 106 44 quod
522 774 146 44 sanitas
615 774 79 44 fie-

200 813 91 53 ret
252 813 78 53 ab
291 813 78 53 ea
330 813 78 53 in
370 813 131 53 maiori
461 813 131 53 parte.
539 813 157 53 similiter,

190 854 85 44 si
232 854 156 44 sanitas
345 854 198 44 proueniens
501 854 85 44 ab
543 854 127 44 exitu
614 854 85 44 san-

194 893 125 51 guinis
281 893 63 51 a
306 893 138 51 naribus
406 893 75 51 in
444 893 163 51 criticis,
569 893 113 51 esset
644 893 88 51 per

191 932 183 49 accidens,
332 932 113 49 tunc
403 932 155 49 sanitas
516 932 198 49 proueniens
657 932 42 49 a

190 973 261 46 phlebotomia,
401 973 130 46 quam
483 973 212 46 praecepit
630 973 81 46 ars

193 1007 187 54 medicinae,
340 1007 107 54 quia
406 1007 107 54 vult
473 1007 80 54 se
513 1007 187 54 assimilari
647 1007 53 54 na

188 1047 138 54 turae,
285 1047 193 54 proueniret
437 1047 97 54 per
492 1047 179 54 accidens.
616 1047 83 54 quia

191 1086 135 51 igitur
286 1086 108 51 ars:
354 1086 176 51 quandoque
489 1086 95 51 est
543 1086 108 51 loco
597 1086 95 51 natu-

195 1125 103 46 rae,
260 1125 65 46 &
286 1125 90 46 ars
337 1125 103 46 agit
402 1125 142 46 propter
505 1125 155 46 aliquid,
609 1125 90 46 neces

195 1164 76 53 se
233 1164 88 53 est
284 1164 76 53 vt
321 1164 126 53 natura
409 1164 113 53 agat,
485 1164 138 53 propter
573 1164 126 53 aliquid,

193 1205 73 51 &
223 1205 116 51 quia
295 1205 102 51 ars
354 1205 131 51 etiam
441 1205 175 51 sequitur
557 1205 146 51 naturam,

188 1244 72 51 &
216 1244 116 51 agit
289 1244 159 51 propter
404 1244 173 51 aliquid,
535 1244 159 51 necesse
636 1244 72 51 est

191 1281 88 55 vt
235 1281 147 55 natura
338 1281 118 55 agat
412 1281 162 55 propter
530 1281 176 55 aliquid.
647 1281 59 55 Et

180 1318 160 54 intendit
300 1318 94 54 per
353 1318 134 54 prima,
447 1318 120 54 illa,
527 1318 107 54 quae
594 1318 107 54 sunt
648 1318 53 54 an

194 1359 83 54 te
236 1359 139 54 finem,
333 1359 70 54 &
361 1359 97 54 per
417 1359 181 54 postrema,
556 1359 125 54 ipsum
625 1359 70 54 fi-

196 1398 103 44 nem.
260 1398 64 44 &
286 1398 154 44 intendit
402 1398 116 44 quod,
479 1398 77 44 si
517 1398 116 44 prima
594 1398 103 44 sunt
646 1398 51 44 in

196 1436 99 53 arte
257 1436 86 53 per
307 1436 86 53 se,
356 1436 136 53 propter
455 1436 136 53 vltima,
554 1436 136 53 necesse
640 1436 62 53 est

190 1484 129 44 vtita
275 1484 100 44 sit
333 1484 86 44 in
375 1484 157 44 natura:
490 1484 114 44 immo
561 1484 171 44 dignius:

191 1514 99 56 ars
247 1514 113 56 enim
318 1514 85 56 in
360 1514 99 56 hoc
416 1514 211 56 assimilatur
571 1514 127 56 naturae

235 1572 195 46 Maxime
372 1572 176 46 autem
470 1572 234 46 manifestum

196 1615 105 51 est
256 1615 90 51 in
301 1615 179 51 caeteris
435 1615 224 51 animalibus,
614 1615 120 51 quae

188 1658 148 47 neque
286 1658 148 47 arte,
385 1658 148 47 neque
483 1658 247 47 inquirendo,

186 1692 146 55 neque
283 1692 244 55 deliberando
478 1692 195 55 faciunt.
608 1692 98 55 Qua-

187 1738 183 57 propter
321 1738 200 57 dubitant
471 1738 183 57 quidam,
587 1738 117 57 vtrum

189 1781 241 48 intellectu,
382 1781 112 48 aut
446 1781 161 48 quodam
558 1781 129 48 alio
623 1781 80 48 ope

187 1820 181 47 rentur
314 1820 91 47 &
350 1820 199 47 Aranei,
495 1820 91 47 &
513 1820 181 47 formicae

184 1868 93 38 &
222 1868 261 38 huiusmodi.
427 1868 224 38 paulatim
576 1868 130 38 autem

716 180 112 47 sic
780 180 240 47 procedenti,
972 180 80 47 &
1005 180 96 47 in
1053 180 176 47 plantis
1165 180 80 47 ap-

719 229 166 45 parent
835 229 249 45 conferentia
1034 229 182 45 quaedam
1150 229 83 45 fie

718 268 89 54 ri
763 268 89 54 ad
807 268 148 54 finem,
911 268 89 54 vt
955 268 133 54 folia
1044 268 163 54 propter
1148 268 89 54 fru-

714 309 154 50 ctus
810 309 346 50 cooperimentum.
1079 309 154 50 Quare,

712 354 102 49 si
763 354 85 49 &
797 354 187 49 natura,
933 354 85 49 &
967 354 187 49 propter
1086 354 153 49 aliquid

718 397 201 45 Hirundo
864 397 165 45 nidum
974 397 183 45 facit,
1102 397 91 45 &
1120 397 110 45 Ara-

722 437 124 53 neus
799 437 155 53 telam,
908 437 78 53 &
939 437 171 53 plantae
1063 437 140 53 folia
1140 437 93 53 gra-

716 491 114 31 tia
781 491 212 31 fructuum,
944 491 82 31 &
977 491 180 31 radices
1107 491 114 31 non
1156 491 82 31 sur

723 524 126 46 sum,
802 524 110 46 sed
865 524 189 46 deorsum,
1007 524 157 46 gratia
1101 524 126 46 nutri-

712 564 195 46 menti,
849 564 274 46 manifestum
1064 564 156 46 quod
1142 564 98 46 est

718 605 131 48 causa
806 605 131 48 talis
893 605 87 48 in
936 605 116 48 ijs,
1009 605 116 48 quae
1081 605 145 48 natura
1168 605 73 48 fi-

721 652 135 49 unt,
806 652 85 49 &
823 652 118 49 sunt.

760 692 94 62 Et
807 692 110 62 hoc
870 692 173 62 apparet
996 692 157 62 multum
1106 692 94 62 in
1138 692 94 62 alis

714 741 225 62 animalibus,
894 741 120 62 quae
969 741 135 62 agunt
1059 741 105 62 non
1119 741 105 62 per
1164 741 60 62 a-

713 798 134 52 tem,
797 798 150 52 neque
897 798 117 52 per
964 798 217 52 rationem,
1131 798 84 52 &
1148 798 84 52 co-

714 837 228 63 gnitionem.
893 837 98 63 Et
941 837 130 63 ideo
1023 837 163 63 quidam
1120 837 114 63 dubi-

722 885 137 62 tant,
813 885 137 62 vtrum
905 885 122 62 hoc,
981 885 122 62 quod
1058 885 153 62 agunt,
1149 885 92 62 agat

715 932 105 62 per
775 932 240 62 intellectum,
970 932 105 62 aut
1030 932 105 62 per
1090 932 150 62 aliud,
1180 932 60 62 vt

715 981 208 61 Aranet,
866 981 94 61 &
904 981 170 61 Apes,
1017 981 94 61 &
1036 981 189 61 similia.

715 1027 95 63 &,
763 1027 95 63 si
810 1027 95 63 tu
858 1027 301 63 consyderaueris,
1095 1027 143 63 videbis

713 1076 96 70 in
761 1076 288 70 vegetabilibus,
1001 1076 144 70 nedum
1097 1076 96 70 in
1129 1076 112 70 anima

725 1125 125 65 libus
808 1125 152 65 aliqua,
919 1125 111 65 quae
988 1125 111 65 sunt
1057 1125 152 65 propter
1154 1125 83 65 ali-

724 1173 117 69 quam
797 1173 204 69 vtilitatem
958 1173 88 69 in
1002 1173 117 69 fine
1075 1173 190 69 intentam:

730 1223 134 64 verbi
820 1223 164 64 gratia,
939 1223 164 64 quoniam
1058 1223 134 64 folia
1133 1223 104 64 sunt,

719 1273 94 59 ad
766 1273 250 59 cooperiendum
969 1273 187 59 fructum.
1109 1273 94 59 Si
1140 1273 94 59 igi-

719 1320 109 50 tur
782 1320 172 50 natura,
907 1320 78 50 &
938 1320 172 50 propter
1063 1320 172 50 aliquid
1173 1320 63 50 fa

715 1369 122 57 cit
784 1369 191 57 Hirundo
923 1369 139 57 suum
1010 1369 174 57 nidum,
1132 1369 87 57 &
1149 1369 87 57 te-

714 1417 126 57 xit
786 1417 198 57 Araneus
930 1417 144 57 suam
1021 1417 180 57 domum,
1147 1417 90 57 &
1165 1417 72 57 fo

716 1468 107 63 lia
777 1468 123 63 sunt
854 1468 169 63 propter
976 1468 169 63 fructum
1099 1468 92 63 in
1130 1468 107 63 vege-

713 1514 237 57 tabilibus,
899 1514 84 57 &
933 1514 169 57 ramuli
1034 1514 186 57 radicibus

715 1565 74 57 &
745 1565 132 57 venae
833 1565 176 57 oriuntur
965 1565 88 57 ad
1009 1565 191 57 inferius,
1156 1565 103 57 non

716 1610 89 56 ad
761 1610 192 56 superius,
908 1610 207 56 quaerentes
1071 1610 148 56 cibum,
1159 1610 74 56 ma-

715 1660 188 63 nifestum
857 1660 110 63 est
919 1660 126 63 quod
998 1660 126 63 ista
1076 1660 141 63 causa
1155 1660 78 63 in-

721 1709 149 61 uenitur
830 1709 81 61 in
870 1709 108 61 eis,
938 1709 108 61 quae
1005 1709 108 61 sunt
1073 1709 95 61 per
1113 1709 122 61 naturam

717 1757 80 62 &
749 1757 127 62 quae
829 1757 223 62 generantur
1004 1757 112 62 per
1052 1757 127 62 illam.

762 1821 88 53 Cum
813 1821 138 53 induxit
913 1821 150 53 rationes
1026 1821 113 53 super
1101 1821 100 53 hoc,
1151 1821 75 53 quod

715 1875 146 47 natura
818 1875 117 47 agit
891 1875 161 47 propter
1008 1875 175 47 aliquid,
1139 1875 73 47 &
1154 1875 73 47 non
