<?xml version="1.0" encoding="UTF-8"?>
<alto xmlns:xsi="http://www.w3.org/2001/XMLSchema-instance"
      xmlns="http://www.loc.gov/standards/alto/ns-v2#"
      xmlns:page="http://schema.primaresearch.org/PAGE/gts/pagecontent/2013-07-15"
      xsi:schemaLocation="http://www.loc.gov/standards/alto/ns-v2# http://www.loc.gov/standards/alto/alto.xsd">
   <Description>
      <MeasurementUnit>pixel</MeasurementUnit>
      <OCRProcessing ID="IdOcr">
         <ocrProcessingStep>
            <processingDateTime>2021-02-13T08:28:20.768-05:00</processingDateTime>
            <processingSoftware>
               <softwareCreator>READ COOP</softwareCreator>
               <softwareName>Transkribus</softwareName>
            </processingSoftware>
         </ocrProcessingStep>
      </OCRProcessing>
   </Description>
   <Tags/>
   <Layout>
      <Page ID="Page1" PHYSICAL_IMG_NR="1" HEIGHT="2066" WIDTH="1416">
         <TopMargin HEIGHT="0" WIDTH="1416" VPOS="0" HPOS="0"/>
         <LeftMargin HEIGHT="2066" WIDTH="0" VPOS="0" HPOS="0"/>
         <RightMargin HEIGHT="2066" WIDTH="0" VPOS="0" HPOS="1416"/>
         <BottomMargin HEIGHT="0" WIDTH="1416" VPOS="2066" HPOS="0"/>
         <PrintSpace HEIGHT="2066" WIDTH="1416" VPOS="0" HPOS="0">
            <TextBlock ID="TextRegion_1613008484727_1129"
                       HEIGHT="1750"
                       WIDTH="520"
                       VPOS="132"
                       HPOS="184">
               <Shape>
                  <Polygon POINTS="184,132 704,132 704,1882 184,1882"/>
               </Shape>
               <TextLine ID="line_1613008484815_1132"
                         BASELINE="234"
                         HEIGHT="53"
                         WIDTH="509"
                         VPOS="181"
                         HPOS="178">
                  <String HEIGHT="53"
                          WIDTH="109"
                          VPOS="181"
                          HPOS="166"
                          CONTENT="iquod"/>
                  <SP HEIGHT="53" WIDTH="12" VPOS="181" HPOS="275"/>
                  <String HEIGHT="53" WIDTH="85" VPOS="181" HPOS="239" CONTENT="non"/>
                  <SP HEIGHT="53" WIDTH="12" VPOS="181" HPOS="323"/>
                  <String HEIGHT="53"
                          WIDTH="158"
                          VPOS="181"
                          HPOS="287"
                          CONTENT="sequietur"/>
                  <SP HEIGHT="53" WIDTH="12" VPOS="181" HPOS="445"/>
                  <String HEIGHT="53" WIDTH="73" VPOS="181" HPOS="408" CONTENT="vt"/>
                  <SP HEIGHT="53" WIDTH="12" VPOS="181" HPOS="481"/>
                  <String HEIGHT="53"
                          WIDTH="109"
                          VPOS="181"
                          HPOS="445"
                          CONTENT="motum"/>
                  <SP HEIGHT="53" WIDTH="12" VPOS="181" HPOS="554"/>
                  <String HEIGHT="53"
                          WIDTH="121"
                          VPOS="181"
                          HPOS="517"
                          CONTENT="moueat"/>
                  <SP HEIGHT="53" WIDTH="12" VPOS="181" HPOS="639"/>
                  <String HEIGHT="53" WIDTH="73" VPOS="181" HPOS="602" CONTENT="de"/>
                  <SP HEIGHT="53" WIDTH="12" VPOS="181" HPOS="675"/>
                  <String HEIGHT="53"
                          WIDTH="61"
                          VPOS="181"
                          HPOS="626"
                          CONTENT="ne"
                          SUBS_TYPE="HypPart1"
                          SUBS_CONTENT="necessitate,"/>
                  <HYP CONTENT="-"/>
               </TextLine>
               <TextLine ID="r2l5"
                         BASELINE="258"
                         HEIGHT="37"
                         WIDTH="482"
                         VPOS="221"
                         HPOS="190">
                  <String HEIGHT="37"
                          WIDTH="193"
                          VPOS="221"
                          HPOS="176"
                          CONTENT="cessitate,"
                          SUBS_TYPE="HypPart2"
                          SUBS_CONTENT="necessitate,"/>
                  <SP HEIGHT="37" WIDTH="14" VPOS="221" HPOS="369"/>
                  <String HEIGHT="37" WIDTH="96" VPOS="221" HPOS="328" CONTENT="dum"/>
                  <SP HEIGHT="37" WIDTH="14" VPOS="221" HPOS="424"/>
                  <String HEIGHT="37"
                          WIDTH="151"
                          VPOS="221"
                          HPOS="383"
                          CONTENT="mouetur"/>
                  <SP HEIGHT="37" WIDTH="14" VPOS="221" HPOS="534"/>
                  <String HEIGHT="37" WIDTH="69" VPOS="221" HPOS="493" CONTENT="a"/>
                  <SP HEIGHT="37" WIDTH="14" VPOS="221" HPOS="562"/>
                  <String HEIGHT="37" WIDTH="96" VPOS="221" HPOS="521" CONTENT="suo"/>
                  <SP HEIGHT="37" WIDTH="14" VPOS="221" HPOS="617"/>
                  <String HEIGHT="37"
                          WIDTH="110"
                          VPOS="221"
                          HPOS="562"
                          CONTENT="motore"/>
               </TextLine>
               <TextLine ID="r2l7"
                         BASELINE="298"
                         HEIGHT="38"
                         WIDTH="477"
                         VPOS="260"
                         HPOS="198">
                  <String HEIGHT="38"
                          WIDTH="100"
                          VPOS="260"
                          HPOS="185"
                          CONTENT="ista"/>
                  <SP HEIGHT="38" WIDTH="13" VPOS="260" HPOS="286"/>
                  <String HEIGHT="38"
                          WIDTH="100"
                          VPOS="260"
                          HPOS="248"
                          CONTENT="enim"/>
                  <SP HEIGHT="38" WIDTH="13" VPOS="260" HPOS="349"/>
                  <String HEIGHT="38"
                          WIDTH="213"
                          VPOS="260"
                          HPOS="311"
                          CONTENT="comcomitantia"/>
                  <SP HEIGHT="38" WIDTH="13" VPOS="260" HPOS="524"/>
                  <String HEIGHT="38"
                          WIDTH="100"
                          VPOS="260"
                          HPOS="487"
                          CONTENT="erit"/>
                  <SP HEIGHT="38" WIDTH="13" VPOS="260" HPOS="587"/>
                  <String HEIGHT="38" WIDTH="75" VPOS="260" HPOS="549" CONTENT="ex"/>
                  <SP HEIGHT="38" WIDTH="13" VPOS="260" HPOS="625"/>
                  <String HEIGHT="38"
                          WIDTH="100"
                          VPOS="260"
                          HPOS="575"
                          CONTENT="duobus"/>
               </TextLine>
               <TextLine ID="r2l9"
                         BASELINE="338"
                         HEIGHT="45"
                         WIDTH="493"
                         VPOS="293"
                         HPOS="194">
                  <String HEIGHT="45" WIDTH="72" VPOS="293" HPOS="182" CONTENT="in"/>
                  <SP HEIGHT="45" WIDTH="12" VPOS="293" HPOS="254"/>
                  <String HEIGHT="45"
                          WIDTH="108"
                          VPOS="293"
                          HPOS="218"
                          CONTENT="primo"/>
                  <SP HEIGHT="45" WIDTH="12" VPOS="293" HPOS="326"/>
                  <String HEIGHT="45"
                          WIDTH="108"
                          VPOS="293"
                          HPOS="290"
                          CONTENT="autem"/>
                  <SP HEIGHT="45" WIDTH="12" VPOS="293" HPOS="398"/>
                  <String HEIGHT="45" WIDTH="96" VPOS="293" HPOS="362" CONTENT="moto"/>
                  <SP HEIGHT="45" WIDTH="12" VPOS="293" HPOS="459"/>
                  <String HEIGHT="45"
                          WIDTH="108"
                          VPOS="293"
                          HPOS="422"
                          CONTENT="erit,"/>
                  <SP HEIGHT="45" WIDTH="12" VPOS="293" HPOS="531"/>
                  <String HEIGHT="45" WIDTH="84" VPOS="293" HPOS="495" CONTENT="dum"/>
                  <SP HEIGHT="45" WIDTH="12" VPOS="293" HPOS="579"/>
                  <String HEIGHT="45"
                          WIDTH="120"
                          VPOS="293"
                          HPOS="543"
                          CONTENT="fuerit"/>
                  <SP HEIGHT="45" WIDTH="12" VPOS="293" HPOS="663"/>
                  <String HEIGHT="45"
                          WIDTH="72"
                          VPOS="293"
                          HPOS="615"
                          CONTENT="com"
                          SUBS_TYPE="HypPart1"
                          SUBS_CONTENT="comuenientia"/>
                  <HYP CONTENT="-"/>
               </TextLine>
               <TextLine ID="r2l11"
                         BASELINE="370"
                         HEIGHT="38"
                         WIDTH="491"
                         VPOS="332"
                         HPOS="198">
                  <String HEIGHT="38"
                          WIDTH="182"
                          VPOS="332"
                          HPOS="184"
                          CONTENT="uenientia"
                          SUBS_TYPE="HypPart2"
                          SUBS_CONTENT="comuenientia"/>
                  <SP HEIGHT="38" WIDTH="14" VPOS="332" HPOS="366"/>
                  <String HEIGHT="38"
                          WIDTH="126"
                          VPOS="332"
                          HPOS="324"
                          CONTENT="inter"/>
                  <SP HEIGHT="38" WIDTH="14" VPOS="332" HPOS="451"/>
                  <String HEIGHT="38"
                          WIDTH="140"
                          VPOS="332"
                          HPOS="408"
                          CONTENT="ipsum,"/>
                  <SP HEIGHT="38" WIDTH="14" VPOS="332" HPOS="549"/>
                  <String HEIGHT="38" WIDTH="70" VPOS="332" HPOS="507" CONTENT="&amp;"/>
                  <SP HEIGHT="38" WIDTH="14" VPOS="332" HPOS="577"/>
                  <String HEIGHT="38"
                          WIDTH="168"
                          VPOS="332"
                          HPOS="535"
                          CONTENT="motorem:"/>
                  <SP HEIGHT="38" WIDTH="14" VPOS="332" HPOS="703"/>
                  <String HEIGHT="38" WIDTH="42" VPOS="332" HPOS="647" CONTENT="m"/>
               </TextLine>
               <TextLine ID="r2l13"
                         BASELINE="410"
                         HEIGHT="43"
                         WIDTH="477"
                         VPOS="367"
                         HPOS="196">
                  <String HEIGHT="43"
                          WIDTH="126"
                          VPOS="367"
                          HPOS="182"
                          CONTENT="medio"/>
                  <SP HEIGHT="43" WIDTH="14" VPOS="367" HPOS="308"/>
                  <String HEIGHT="43"
                          WIDTH="126"
                          VPOS="367"
                          HPOS="266"
                          CONTENT="autem"/>
                  <SP HEIGHT="43" WIDTH="14" VPOS="367" HPOS="392"/>
                  <String HEIGHT="43" WIDTH="98" VPOS="367" HPOS="350" CONTENT="dum"/>
                  <SP HEIGHT="43" WIDTH="14" VPOS="367" HPOS="449"/>
                  <String HEIGHT="43"
                          WIDTH="140"
                          VPOS="367"
                          HPOS="406"
                          CONTENT="tangit"/>
                  <SP HEIGHT="43" WIDTH="14" VPOS="367" HPOS="547"/>
                  <String HEIGHT="43"
                          WIDTH="168"
                          VPOS="367"
                          HPOS="505"
                          CONTENT="tertium."/>
                  <SP HEIGHT="43" WIDTH="14" VPOS="367" HPOS="673"/>
                  <String HEIGHT="43" WIDTH="56" VPOS="367" HPOS="617" CONTENT="me"/>
               </TextLine>
               <TextLine ID="r2l15"
                         BASELINE="458"
                         HEIGHT="46"
                         WIDTH="485"
                         VPOS="412"
                         HPOS="194">
                  <String HEIGHT="46" WIDTH="97" VPOS="412" HPOS="182" CONTENT="dium"/>
                  <SP HEIGHT="46" WIDTH="12" VPOS="412" HPOS="279"/>
                  <String HEIGHT="46"
                          WIDTH="109"
                          VPOS="412"
                          HPOS="243"
                          CONTENT="autem"/>
                  <SP HEIGHT="46" WIDTH="12" VPOS="412" HPOS="352"/>
                  <String HEIGHT="46"
                          WIDTH="133"
                          VPOS="412"
                          HPOS="315"
                          CONTENT="necesse"/>
                  <SP HEIGHT="46" WIDTH="12" VPOS="412" HPOS="449"/>
                  <String HEIGHT="46" WIDTH="85" VPOS="412" HPOS="412" CONTENT="est"/>
                  <SP HEIGHT="46" WIDTH="12" VPOS="412" HPOS="497"/>
                  <String HEIGHT="46" WIDTH="73" VPOS="412" HPOS="461" CONTENT="vt"/>
                  <SP HEIGHT="46" WIDTH="12" VPOS="412" HPOS="534"/>
                  <String HEIGHT="46"
                          WIDTH="121"
                          VPOS="412"
                          HPOS="497"
                          CONTENT="tangat"/>
                  <SP HEIGHT="46" WIDTH="12" VPOS="412" HPOS="618"/>
                  <String HEIGHT="46"
                          WIDTH="109"
                          VPOS="412"
                          HPOS="570"
                          CONTENT="corpus,"/>
               </TextLine>
               <TextLine ID="r2l17"
                         BASELINE="491"
                         HEIGHT="40"
                         WIDTH="480"
                         VPOS="451"
                         HPOS="201">
                  <String HEIGHT="40"
                          WIDTH="126"
                          VPOS="451"
                          HPOS="188"
                          CONTENT="primus"/>
                  <SP HEIGHT="40" WIDTH="13" VPOS="451" HPOS="315"/>
                  <String HEIGHT="40"
                          WIDTH="114"
                          VPOS="451"
                          HPOS="277"
                          CONTENT="autem"/>
                  <SP HEIGHT="40" WIDTH="13" VPOS="451" HPOS="390"/>
                  <String HEIGHT="40"
                          WIDTH="114"
                          VPOS="451"
                          HPOS="353"
                          CONTENT="motor"/>
                  <SP HEIGHT="40" WIDTH="13" VPOS="451" HPOS="466"/>
                  <String HEIGHT="40"
                          WIDTH="139"
                          VPOS="451"
                          HPOS="428"
                          CONTENT="necesse"/>
                  <SP HEIGHT="40" WIDTH="13" VPOS="451" HPOS="567"/>
                  <String HEIGHT="40" WIDTH="88" VPOS="451" HPOS="529" CONTENT="est"/>
                  <SP HEIGHT="40" WIDTH="13" VPOS="451" HPOS="618"/>
                  <String HEIGHT="40" WIDTH="76" VPOS="451" HPOS="580" CONTENT="vt"/>
                  <SP HEIGHT="40" WIDTH="13" VPOS="451" HPOS="656"/>
                  <String HEIGHT="40"
                          WIDTH="76"
                          VPOS="451"
                          HPOS="605"
                          CONTENT="com"
                          SUBS_TYPE="HypPart1"
                          SUBS_CONTENT="comueniat."/>
                  <HYP CONTENT="-"/>
               </TextLine>
               <TextLine ID="r2l19"
                         BASELINE="533"
                         HEIGHT="50"
                         WIDTH="489"
                         VPOS="483"
                         HPOS="199">
                  <String HEIGHT="50"
                          WIDTH="131"
                          VPOS="483"
                          HPOS="187"
                          CONTENT="ueniat."
                          SUBS_TYPE="HypPart2"
                          SUBS_CONTENT="comueniat."/>
                  <SP HEIGHT="50" WIDTH="12" VPOS="483" HPOS="318"/>
                  <String HEIGHT="50" WIDTH="95" VPOS="483" HPOS="282" CONTENT="D.d."/>
                  <SP HEIGHT="50" WIDTH="12" VPOS="483" HPOS="378"/>
                  <String HEIGHT="50" WIDTH="72" VPOS="483" HPOS="342" CONTENT="Si"/>
                  <SP HEIGHT="50" WIDTH="12" VPOS="483" HPOS="414"/>
                  <String HEIGHT="50"
                          WIDTH="119"
                          VPOS="483"
                          HPOS="378"
                          CONTENT="igitur"/>
                  <SP HEIGHT="50" WIDTH="12" VPOS="483" HPOS="497"/>
                  <String HEIGHT="50"
                          WIDTH="107"
                          VPOS="483"
                          HPOS="461"
                          CONTENT="motor"/>
                  <SP HEIGHT="50" WIDTH="12" VPOS="483" HPOS="569"/>
                  <String HEIGHT="50"
                          WIDTH="119"
                          VPOS="483"
                          HPOS="533"
                          CONTENT="fuerit"/>
                  <SP HEIGHT="50" WIDTH="12" VPOS="483" HPOS="652"/>
                  <String HEIGHT="50"
                          WIDTH="83"
                          VPOS="483"
                          HPOS="605"
                          CONTENT="conti"/>
               </TextLine>
               <TextLine ID="r2l21"
                         BASELINE="562"
                         HEIGHT="41"
                         WIDTH="488"
                         VPOS="521"
                         HPOS="199">
                  <String HEIGHT="41"
                          WIDTH="113"
                          VPOS="521"
                          HPOS="186"
                          CONTENT="nuus,"/>
                  <SP HEIGHT="41" WIDTH="13" VPOS="521" HPOS="299"/>
                  <String HEIGHT="41" WIDTH="88" VPOS="521" HPOS="262" CONTENT="&amp;c."/>
                  <SP HEIGHT="41" WIDTH="13" VPOS="521" HPOS="349"/>
                  <String HEIGHT="41" WIDTH="75" VPOS="521" HPOS="312" CONTENT="i."/>
                  <SP HEIGHT="41" WIDTH="13" VPOS="521" HPOS="387"/>
                  <String HEIGHT="41" WIDTH="75" VPOS="521" HPOS="349" CONTENT="si"/>
                  <SP HEIGHT="41" WIDTH="13" VPOS="521" HPOS="424"/>
                  <String HEIGHT="41"
                          WIDTH="125"
                          VPOS="521"
                          HPOS="387"
                          CONTENT="igitur"/>
                  <SP HEIGHT="41" WIDTH="13" VPOS="521" HPOS="512"/>
                  <String HEIGHT="41"
                          WIDTH="125"
                          VPOS="521"
                          HPOS="474"
                          CONTENT="primus"/>
                  <SP HEIGHT="41" WIDTH="13" VPOS="521" HPOS="599"/>
                  <String HEIGHT="41"
                          WIDTH="113"
                          VPOS="521"
                          HPOS="562"
                          CONTENT="motor"/>
                  <SP HEIGHT="41" WIDTH="13" VPOS="521" HPOS="674"/>
                  <String HEIGHT="41" WIDTH="63" VPOS="521" HPOS="624" CONTENT="est"/>
               </TextLine>
               <TextLine ID="r2l23"
                         BASELINE="595"
                         HEIGHT="39"
                         WIDTH="482"
                         VPOS="556"
                         HPOS="194">
                  <String HEIGHT="39" WIDTH="78" VPOS="556" HPOS="181" CONTENT="de"/>
                  <SP HEIGHT="39" WIDTH="13" VPOS="556" HPOS="259"/>
                  <String HEIGHT="39"
                          WIDTH="130"
                          VPOS="556"
                          HPOS="220"
                          CONTENT="natura"/>
                  <SP HEIGHT="39" WIDTH="13" VPOS="556" HPOS="350"/>
                  <String HEIGHT="39"
                          WIDTH="169"
                          VPOS="556"
                          HPOS="311"
                          CONTENT="continui,"/>
                  <SP HEIGHT="39" WIDTH="13" VPOS="556" HPOS="481"/>
                  <String HEIGHT="39"
                          WIDTH="104"
                          VPOS="556"
                          HPOS="442"
                          CONTENT="quia"/>
                  <SP HEIGHT="39" WIDTH="13" VPOS="556" HPOS="546"/>
                  <String HEIGHT="39" WIDTH="91" VPOS="556" HPOS="507" CONTENT="est"/>
                  <SP HEIGHT="39" WIDTH="13" VPOS="556" HPOS="598"/>
                  <String HEIGHT="39" WIDTH="78" VPOS="556" HPOS="559" CONTENT="in"/>
                  <SP HEIGHT="39" WIDTH="13" VPOS="556" HPOS="637"/>
                  <String HEIGHT="39"
                          WIDTH="91"
                          VPOS="556"
                          HPOS="585"
                          CONTENT="conti"/>
               </TextLine>
               <TextLine ID="r2l25"
                         BASELINE="634"
                         HEIGHT="37"
                         WIDTH="493"
                         VPOS="597"
                         HPOS="200">
                  <String HEIGHT="37" WIDTH="88" VPOS="597" HPOS="187" CONTENT="nuo"/>
                  <SP HEIGHT="37" WIDTH="13" VPOS="597" HPOS="276"/>
                  <String HEIGHT="37" WIDTH="76" VPOS="597" HPOS="238" CONTENT="in"/>
                  <SP HEIGHT="37" WIDTH="13" VPOS="597" HPOS="314"/>
                  <String HEIGHT="37" WIDTH="88" VPOS="597" HPOS="276" CONTENT="rei"/>
                  <SP HEIGHT="37" WIDTH="13" VPOS="597" HPOS="364"/>
                  <String HEIGHT="37"
                          WIDTH="164"
                          VPOS="597"
                          HPOS="326"
                          CONTENT="veritate,"/>
                  <SP HEIGHT="37" WIDTH="13" VPOS="597" HPOS="491"/>
                  <String HEIGHT="37"
                          WIDTH="101"
                          VPOS="597"
                          HPOS="453"
                          CONTENT="quid"/>
                  <SP HEIGHT="37" WIDTH="13" VPOS="597" HPOS="554"/>
                  <String HEIGHT="37" WIDTH="88" VPOS="597" HPOS="516" CONTENT="est"/>
                  <SP HEIGHT="37" WIDTH="13" VPOS="597" HPOS="605"/>
                  <String HEIGHT="37"
                          WIDTH="126"
                          VPOS="597"
                          HPOS="567"
                          CONTENT="motum,"/>
                  <SP HEIGHT="37" WIDTH="13" VPOS="597" HPOS="693"/>
                  <String HEIGHT="37" WIDTH="51" VPOS="597" HPOS="642" CONTENT="ma"/>
               </TextLine>
               <TextLine ID="r2l26"
                         BASELINE="674"
                         HEIGHT="45"
                         WIDTH="492"
                         VPOS="629"
                         HPOS="197">
                  <String HEIGHT="45"
                          WIDTH="141"
                          VPOS="629"
                          HPOS="185"
                          CONTENT="nifestum"/>
                  <SP HEIGHT="45" WIDTH="12" VPOS="629" HPOS="326"/>
                  <String HEIGHT="45" WIDTH="82" VPOS="629" HPOS="291" CONTENT="est"/>
                  <SP HEIGHT="45" WIDTH="12" VPOS="629" HPOS="373"/>
                  <String HEIGHT="45" WIDTH="94" VPOS="629" HPOS="338" CONTENT="quod"/>
                  <SP HEIGHT="45" WIDTH="12" VPOS="629" HPOS="431"/>
                  <String HEIGHT="45"
                          WIDTH="105"
                          VPOS="629"
                          HPOS="396"
                          CONTENT="totum"/>
                  <SP HEIGHT="45" WIDTH="12" VPOS="629" HPOS="502"/>
                  <String HEIGHT="45" WIDTH="82" VPOS="629" HPOS="466" CONTENT="est"/>
                  <SP HEIGHT="45" WIDTH="12" VPOS="629" HPOS="548"/>
                  <String HEIGHT="45" WIDTH="70" VPOS="629" HPOS="513" CONTENT="in"/>
                  <SP HEIGHT="45" WIDTH="12" VPOS="629" HPOS="584"/>
                  <String HEIGHT="45" WIDTH="94" VPOS="629" HPOS="548" CONTENT="toto"/>
                  <SP HEIGHT="45" WIDTH="12" VPOS="629" HPOS="642"/>
                  <String HEIGHT="45"
                          WIDTH="94"
                          VPOS="629"
                          HPOS="595"
                          CONTENT="conti"
                          SUBS_TYPE="HypPart1"
                          SUBS_CONTENT="continuo"/>
                  <HYP CONTENT="-"/>
               </TextLine>
               <TextLine ID="r2l28"
                         BASELINE="721"
                         HEIGHT="53"
                         WIDTH="497"
                         VPOS="668"
                         HPOS="194">
                  <String HEIGHT="53"
                          WIDTH="85"
                          VPOS="668"
                          HPOS="182"
                          CONTENT="nuo"
                          SUBS_TYPE="HypPart2"
                          SUBS_CONTENT="continuo"/>
                  <SP HEIGHT="53" WIDTH="12" VPOS="668" HPOS="267"/>
                  <String HEIGHT="53"
                          WIDTH="109"
                          VPOS="668"
                          HPOS="230"
                          CONTENT="moto,"/>
                  <SP HEIGHT="53" WIDTH="12" VPOS="668" HPOS="339"/>
                  <String HEIGHT="53" WIDTH="85" VPOS="668" HPOS="303" CONTENT="non"/>
                  <SP HEIGHT="53" WIDTH="12" VPOS="668" HPOS="388"/>
                  <String HEIGHT="53" WIDTH="73" VPOS="668" HPOS="352" CONTENT="in"/>
                  <SP HEIGHT="53" WIDTH="12" VPOS="668" HPOS="424"/>
                  <String HEIGHT="53"
                          WIDTH="121"
                          VPOS="668"
                          HPOS="388"
                          CONTENT="quodam"/>
                  <SP HEIGHT="53" WIDTH="12" VPOS="668" HPOS="509"/>
                  <String HEIGHT="53"
                          WIDTH="109"
                          VPOS="668"
                          HPOS="473"
                          CONTENT="eius."/>
                  <SP HEIGHT="53" WIDTH="12" VPOS="668" HPOS="582"/>
                  <String HEIGHT="53"
                          WIDTH="133"
                          VPOS="668"
                          HPOS="546"
                          CONTENT="quoniam"/>
                  <SP HEIGHT="53" WIDTH="12" VPOS="668" HPOS="679"/>
                  <String HEIGHT="53" WIDTH="61" VPOS="668" HPOS="630" CONTENT="non"/>
               </TextLine>
               <TextLine ID="r2l30"
                         BASELINE="755"
                         HEIGHT="46"
                         WIDTH="474"
                         VPOS="709"
                         HPOS="206">
                  <String HEIGHT="46"
                          WIDTH="154"
                          VPOS="709"
                          HPOS="193"
                          CONTENT="posuimus"/>
                  <SP HEIGHT="46" WIDTH="13" VPOS="709" HPOS="347"/>
                  <String HEIGHT="46"
                          WIDTH="115"
                          VPOS="709"
                          HPOS="308"
                          CONTENT="ipsum"/>
                  <SP HEIGHT="46" WIDTH="13" VPOS="709" HPOS="424"/>
                  <String HEIGHT="46"
                          WIDTH="128"
                          VPOS="709"
                          HPOS="385"
                          CONTENT="perper"/>
                  <SP HEIGHT="46" WIDTH="13" VPOS="709" HPOS="513"/>
                  <String HEIGHT="46"
                          WIDTH="102"
                          VPOS="709"
                          HPOS="475"
                          CONTENT="suam"/>
                  <SP HEIGHT="46" WIDTH="13" VPOS="709" HPOS="578"/>
                  <String HEIGHT="46"
                          WIDTH="154"
                          VPOS="709"
                          HPOS="526"
                          CONTENT="continuita"/>
               </TextLine>
               <TextLine ID="r2l32"
                         BASELINE="786"
                         HEIGHT="41"
                         WIDTH="483"
                         VPOS="745"
                         HPOS="202">
                  <String HEIGHT="41" WIDTH="89" VPOS="745" HPOS="189" CONTENT="tem"/>
                  <SP HEIGHT="41" WIDTH="13" VPOS="745" HPOS="278"/>
                  <String HEIGHT="41" WIDTH="89" VPOS="745" HPOS="240" CONTENT="cum"/>
                  <SP HEIGHT="41" WIDTH="13" VPOS="745" HPOS="329"/>
                  <String HEIGHT="41"
                          WIDTH="127"
                          VPOS="745"
                          HPOS="291"
                          CONTENT="aliqua"/>
                  <SP HEIGHT="41" WIDTH="13" VPOS="745" HPOS="418"/>
                  <String HEIGHT="41"
                          WIDTH="114"
                          VPOS="745"
                          HPOS="380"
                          CONTENT="parte"/>
                  <SP HEIGHT="41" WIDTH="13" VPOS="745" HPOS="494"/>
                  <String HEIGHT="41"
                          WIDTH="114"
                          VPOS="745"
                          HPOS="456"
                          CONTENT="eius,"/>
                  <SP HEIGHT="41" WIDTH="13" VPOS="745" HPOS="571"/>
                  <String HEIGHT="41" WIDTH="89" VPOS="745" HPOS="532" CONTENT="sed"/>
                  <SP HEIGHT="41" WIDTH="13" VPOS="745" HPOS="621"/>
                  <String HEIGHT="41" WIDTH="89" VPOS="745" HPOS="583" CONTENT="cum"/>
                  <SP HEIGHT="41" WIDTH="13" VPOS="745" HPOS="672"/>
                  <String HEIGHT="41"
                          WIDTH="64"
                          VPOS="745"
                          HPOS="621"
                          CONTENT="to"
                          SUBS_TYPE="HypPart1"
                          SUBS_CONTENT="toto."/>
                  <HYP CONTENT="-"/>
               </TextLine>
               <TextLine ID="r2l34"
                         BASELINE="826"
                         HEIGHT="38"
                         WIDTH="486"
                         VPOS="788"
                         HPOS="201">
                  <String HEIGHT="38"
                          WIDTH="77"
                          VPOS="788"
                          HPOS="190"
                          CONTENT="to."
                          SUBS_TYPE="HypPart2"
                          SUBS_CONTENT="toto."/>
                  <SP HEIGHT="38" WIDTH="11" VPOS="788" HPOS="267"/>
                  <String HEIGHT="38" WIDTH="66" VPOS="788" HPOS="234" CONTENT="&amp;,"/>
                  <SP HEIGHT="38" WIDTH="11" VPOS="788" HPOS="300"/>
                  <String HEIGHT="38" WIDTH="77" VPOS="788" HPOS="267" CONTENT="cum"/>
                  <SP HEIGHT="38" WIDTH="11" VPOS="788" HPOS="345"/>
                  <String HEIGHT="38" WIDTH="77" VPOS="788" HPOS="311" CONTENT="ita"/>
                  <SP HEIGHT="38" WIDTH="11" VPOS="788" HPOS="389"/>
                  <String HEIGHT="38" WIDTH="88" VPOS="788" HPOS="356" CONTENT="sit,"/>
                  <SP HEIGHT="38" WIDTH="11" VPOS="788" HPOS="444"/>
                  <String HEIGHT="38"
                          WIDTH="99"
                          VPOS="788"
                          HPOS="411"
                          CONTENT="motum"/>
                  <SP HEIGHT="38" WIDTH="11" VPOS="788" HPOS="510"/>
                  <String HEIGHT="38" WIDTH="66" VPOS="788" HPOS="477" CONTENT="ex"/>
                  <SP HEIGHT="38" WIDTH="11" VPOS="788" HPOS="543"/>
                  <String HEIGHT="38" WIDTH="66" VPOS="788" HPOS="510" CONTENT="se"/>
                  <SP HEIGHT="38" WIDTH="11" VPOS="788" HPOS="577"/>
                  <String HEIGHT="38" WIDTH="77" VPOS="788" HPOS="543" CONTENT="est"/>
                  <SP HEIGHT="38" WIDTH="11" VPOS="788" HPOS="621"/>
                  <String HEIGHT="38"
                          WIDTH="110"
                          VPOS="788"
                          HPOS="577"
                          CONTENT="secundum"/>
               </TextLine>
               <TextLine ID="r2l36"
                         BASELINE="866"
                         HEIGHT="38"
                         WIDTH="490"
                         VPOS="828"
                         HPOS="194">
                  <String HEIGHT="38"
                          WIDTH="148"
                          VPOS="828"
                          HPOS="179"
                          CONTENT="totum,"/>
                  <SP HEIGHT="38" WIDTH="15" VPOS="828" HPOS="328"/>
                  <String HEIGHT="38" WIDTH="104" VPOS="828" HPOS="283" CONTENT="sed"/>
                  <SP HEIGHT="38" WIDTH="15" VPOS="828" HPOS="387"/>
                  <String HEIGHT="38" WIDTH="104" VPOS="828" HPOS="342" CONTENT="non"/>
                  <SP HEIGHT="38" WIDTH="15" VPOS="828" HPOS="446"/>
                  <String HEIGHT="38"
                          WIDTH="134"
                          VPOS="828"
                          HPOS="402"
                          CONTENT="eodem"/>
                  <SP HEIGHT="38" WIDTH="15" VPOS="828" HPOS="536"/>
                  <String HEIGHT="38"
                          WIDTH="134"
                          VPOS="828"
                          HPOS="491"
                          CONTENT="modo,"/>
                  <SP HEIGHT="38" WIDTH="15" VPOS="828" HPOS="625"/>
                  <String HEIGHT="38" WIDTH="104" VPOS="828" HPOS="580" CONTENT="sed"/>
                  <SP HEIGHT="38" WIDTH="15" VPOS="828" HPOS="684"/>
                  <String HEIGHT="38" WIDTH="59" VPOS="828" HPOS="625" CONTENT="mo"/>
               </TextLine>
               <TextLine ID="r2l37"
                         BASELINE="907"
                         HEIGHT="47"
                         WIDTH="486"
                         VPOS="860"
                         HPOS="198">
                  <String HEIGHT="47" WIDTH="76" VPOS="860" HPOS="187" CONTENT="tor"/>
                  <SP HEIGHT="47" WIDTH="11" VPOS="860" HPOS="263"/>
                  <String HEIGHT="47"
                          WIDTH="108"
                          VPOS="860"
                          HPOS="230"
                          CONTENT="perper"/>
                  <SP HEIGHT="47" WIDTH="11" VPOS="860" HPOS="338"/>
                  <String HEIGHT="47" WIDTH="65" VPOS="860" HPOS="306" CONTENT="A."/>
                  <SP HEIGHT="47" WIDTH="11" VPOS="860" HPOS="371"/>
                  <String HEIGHT="47" WIDTH="54" VPOS="860" HPOS="338" CONTENT="&amp;"/>
                  <SP HEIGHT="47" WIDTH="11" VPOS="860" HPOS="392"/>
                  <String HEIGHT="47"
                          WIDTH="97"
                          VPOS="860"
                          HPOS="360"
                          CONTENT="motum"/>
                  <SP HEIGHT="47" WIDTH="11" VPOS="860" HPOS="457"/>
                  <String HEIGHT="47"
                          WIDTH="108"
                          VPOS="860"
                          HPOS="425"
                          CONTENT="perper"/>
                  <SP HEIGHT="47" WIDTH="11" VPOS="860" HPOS="533"/>
                  <String HEIGHT="47" WIDTH="65" VPOS="860" HPOS="500" CONTENT="B."/>
                  <SP HEIGHT="47" WIDTH="11" VPOS="860" HPOS="565"/>
                  <String HEIGHT="47" WIDTH="65" VPOS="860" HPOS="533" CONTENT="Et"/>
                  <SP HEIGHT="47" WIDTH="11" VPOS="860" HPOS="598"/>
                  <String HEIGHT="47" WIDTH="65" VPOS="860" HPOS="565" CONTENT="d."/>
                  <SP HEIGHT="47" WIDTH="11" VPOS="860" HPOS="630"/>
                  <String HEIGHT="47" WIDTH="65" VPOS="860" HPOS="598" CONTENT="Si"/>
                  <SP HEIGHT="47" WIDTH="11" VPOS="860" HPOS="662"/>
                  <String HEIGHT="47" WIDTH="65" VPOS="860" HPOS="619" CONTENT="igit"/>
               </TextLine>
               <TextLine ID="r2l39"
                         BASELINE="938"
                         HEIGHT="40"
                         WIDTH="484"
                         VPOS="898"
                         HPOS="202">
                  <String HEIGHT="40"
                          WIDTH="124"
                          VPOS="898"
                          HPOS="188"
                          CONTENT="motor"/>
                  <SP HEIGHT="40" WIDTH="14" VPOS="898" HPOS="313"/>
                  <String HEIGHT="40"
                          WIDTH="138"
                          VPOS="898"
                          HPOS="271"
                          CONTENT="fuerit"/>
                  <SP HEIGHT="40" WIDTH="14" VPOS="898" HPOS="409"/>
                  <String HEIGHT="40"
                          WIDTH="194"
                          VPOS="898"
                          HPOS="368"
                          CONTENT="continuus,"/>
                  <SP HEIGHT="40" WIDTH="14" VPOS="898" HPOS="562"/>
                  <String HEIGHT="40"
                          WIDTH="111"
                          VPOS="898"
                          HPOS="520"
                          CONTENT="quia"/>
                  <SP HEIGHT="40" WIDTH="14" VPOS="898" HPOS="631"/>
                  <String HEIGHT="40"
                          WIDTH="111"
                          VPOS="898"
                          HPOS="575"
                          CONTENT="primus"/>
               </TextLine>
               <TextLine ID="r2l41"
                         BASELINE="978"
                         HEIGHT="47"
                         WIDTH="487"
                         VPOS="931"
                         HPOS="201">
                  <String HEIGHT="47"
                          WIDTH="118"
                          VPOS="931"
                          HPOS="188"
                          CONTENT="motor"/>
                  <SP HEIGHT="47" WIDTH="13" VPOS="931" HPOS="306"/>
                  <String HEIGHT="47" WIDTH="92" VPOS="931" HPOS="267" CONTENT="non"/>
                  <SP HEIGHT="47" WIDTH="13" VPOS="931" HPOS="359"/>
                  <String HEIGHT="47" WIDTH="92" VPOS="931" HPOS="319" CONTENT="est"/>
                  <SP HEIGHT="47" WIDTH="13" VPOS="931" HPOS="412"/>
                  <String HEIGHT="47"
                          WIDTH="132"
                          VPOS="931"
                          HPOS="372"
                          CONTENT="virtus"/>
                  <SP HEIGHT="47" WIDTH="13" VPOS="931" HPOS="504"/>
                  <String HEIGHT="47" WIDTH="79" VPOS="931" HPOS="464" CONTENT="in"/>
                  <SP HEIGHT="47" WIDTH="13" VPOS="931" HPOS="543"/>
                  <String HEIGHT="47"
                          WIDTH="158"
                          VPOS="931"
                          HPOS="504"
                          CONTENT="corpore,"/>
                  <SP HEIGHT="47" WIDTH="13" VPOS="931" HPOS="662"/>
                  <String HEIGHT="47" WIDTH="79" VPOS="931" HPOS="609" CONTENT="ita,"/>
               </TextLine>
               <TextLine ID="r2l43"
                         BASELINE="1022"
                         HEIGHT="49"
                         WIDTH="478"
                         VPOS="973"
                         HPOS="204">
                  <String HEIGHT="49" WIDTH="85" VPOS="973" HPOS="193" CONTENT="quod"/>
                  <SP HEIGHT="49" WIDTH="11" VPOS="973" HPOS="278"/>
                  <String HEIGHT="49"
                          WIDTH="138"
                          VPOS="973"
                          HPOS="246"
                          CONTENT="diceretur"/>
                  <SP HEIGHT="49" WIDTH="11" VPOS="973" HPOS="385"/>
                  <String HEIGHT="49"
                          WIDTH="138"
                          VPOS="973"
                          HPOS="353"
                          CONTENT="continuum"/>
                  <SP HEIGHT="49" WIDTH="11" VPOS="973" HPOS="491"/>
                  <String HEIGHT="49"
                          WIDTH="106"
                          VPOS="973"
                          HPOS="459"
                          CONTENT="perper"/>
                  <SP HEIGHT="49" WIDTH="11" VPOS="973" HPOS="565"/>
                  <String HEIGHT="49"
                          WIDTH="117"
                          VPOS="973"
                          HPOS="533"
                          CONTENT="naturam"/>
                  <SP HEIGHT="49" WIDTH="11" VPOS="973" HPOS="650"/>
                  <String HEIGHT="49"
                          WIDTH="74"
                          VPOS="973"
                          HPOS="608"
                          CONTENT="conti"/>
               </TextLine>
               <TextLine ID="r2l45"
                         BASELINE="1059"
                         HEIGHT="52"
                         WIDTH="491"
                         VPOS="1007"
                         HPOS="203">
                  <String HEIGHT="52" WIDTH="78" VPOS="1007" HPOS="192" CONTENT="nui"/>
                  <SP HEIGHT="52" WIDTH="11" VPOS="1007" HPOS="270"/>
                  <String HEIGHT="52" WIDTH="78" VPOS="1007" HPOS="236" CONTENT="cum"/>
                  <SP HEIGHT="52" WIDTH="11" VPOS="1007" HPOS="315"/>
                  <String HEIGHT="52"
                          WIDTH="89"
                          VPOS="1007"
                          HPOS="281"
                          CONTENT="ipso"/>
                  <SP HEIGHT="52" WIDTH="11" VPOS="1007" HPOS="370"/>
                  <String HEIGHT="52"
                          WIDTH="134"
                          VPOS="1007"
                          HPOS="337"
                          CONTENT="scilicet"/>
                  <SP HEIGHT="52" WIDTH="11" VPOS="1007" HPOS="471"/>
                  <String HEIGHT="52"
                          WIDTH="145"
                          VPOS="1007"
                          HPOS="437"
                          CONTENT="corporis."/>
                  <SP HEIGHT="52" WIDTH="11" VPOS="1007" HPOS="582"/>
                  <String HEIGHT="52"
                          WIDTH="89"
                          VPOS="1007"
                          HPOS="549"
                          CONTENT="D.d."/>
                  <SP HEIGHT="52" WIDTH="11" VPOS="1007" HPOS="638"/>
                  <String HEIGHT="52" WIDTH="78" VPOS="1007" HPOS="605" CONTENT="sed"/>
                  <SP HEIGHT="52" WIDTH="11" VPOS="1007" HPOS="683"/>
                  <String HEIGHT="52" WIDTH="56" VPOS="1007" HPOS="638" CONTENT="est"/>
               </TextLine>
               <TextLine ID="r2l46"
                         BASELINE="1083"
                         HEIGHT="34"
                         WIDTH="482"
                         VPOS="1049"
                         HPOS="203">
                  <String HEIGHT="34"
                          WIDTH="146"
                          VPOS="1049"
                          HPOS="188"
                          CONTENT="motum,"/>
                  <SP HEIGHT="34" WIDTH="15" VPOS="1049" HPOS="334"/>
                  <String HEIGHT="34" WIDTH="73" VPOS="1049" HPOS="291" CONTENT="&amp;"/>
                  <SP HEIGHT="34" WIDTH="15" VPOS="1049" HPOS="364"/>
                  <String HEIGHT="34"
                          WIDTH="146"
                          VPOS="1049"
                          HPOS="320"
                          CONTENT="motor,"/>
                  <SP HEIGHT="34" WIDTH="15" VPOS="1049" HPOS="466"/>
                  <String HEIGHT="34"
                          WIDTH="102"
                          VPOS="1049"
                          HPOS="422"
                          CONTENT="&amp;c."/>
                  <SP HEIGHT="34" WIDTH="15" VPOS="1049" HPOS="524"/>
                  <String HEIGHT="34" WIDTH="88" VPOS="1049" HPOS="481" CONTENT="i."/>
                  <SP HEIGHT="34" WIDTH="15" VPOS="1049" HPOS="568"/>
                  <String HEIGHT="34"
                          WIDTH="102"
                          VPOS="1049"
                          HPOS="524"
                          CONTENT="non"/>
                  <SP HEIGHT="34" WIDTH="15" VPOS="1049" HPOS="627"/>
                  <String HEIGHT="34"
                          WIDTH="117"
                          VPOS="1049"
                          HPOS="568"
                          CONTENT="conti"
                          SUBS_TYPE="HypPart1"
                          SUBS_CONTENT="continuum"/>
                  <HYP CONTENT="-"/>
               </TextLine>
               <TextLine ID="r2l48"
                         BASELINE="1134"
                         HEIGHT="51"
                         WIDTH="491"
                         VPOS="1083"
                         HPOS="198">
                  <String HEIGHT="51"
                          WIDTH="91"
                          VPOS="1083"
                          HPOS="187"
                          CONTENT="nuum"
                          SUBS_TYPE="HypPart2"
                          SUBS_CONTENT="continuum"/>
                  <SP HEIGHT="51" WIDTH="11" VPOS="1083" HPOS="278"/>
                  <String HEIGHT="51"
                          WIDTH="137"
                          VPOS="1083"
                          HPOS="244"
                          CONTENT="scilicet"/>
                  <SP HEIGHT="51" WIDTH="11" VPOS="1083" HPOS="381"/>
                  <String HEIGHT="51"
                          WIDTH="91"
                          VPOS="1083"
                          HPOS="346"
                          CONTENT="quod"/>
                  <SP HEIGHT="51" WIDTH="11" VPOS="1083" HPOS="438"/>
                  <String HEIGHT="51" WIDTH="69" VPOS="1083" HPOS="404" CONTENT="in"/>
                  <SP HEIGHT="51" WIDTH="11" VPOS="1083" HPOS="472"/>
                  <String HEIGHT="51" WIDTH="69" VPOS="1083" HPOS="438" CONTENT="eo"/>
                  <SP HEIGHT="51" WIDTH="11" VPOS="1083" HPOS="506"/>
                  <String HEIGHT="51" WIDTH="80" VPOS="1083" HPOS="472" CONTENT="est"/>
                  <SP HEIGHT="51" WIDTH="11" VPOS="1083" HPOS="552"/>
                  <String HEIGHT="51"
                          WIDTH="114"
                          VPOS="1083"
                          HPOS="518"
                          CONTENT="motor,"/>
                  <SP HEIGHT="51" WIDTH="11" VPOS="1083" HPOS="632"/>
                  <String HEIGHT="51" WIDTH="57" VPOS="1083" HPOS="598" CONTENT="&amp;"/>
                  <SP HEIGHT="51" WIDTH="11" VPOS="1083" HPOS="655"/>
                  <String HEIGHT="51"
                          WIDTH="80"
                          VPOS="1083"
                          HPOS="609"
                          CONTENT="motum"/>
               </TextLine>
               <TextLine ID="r2l50"
                         BASELINE="1162"
                         HEIGHT="43"
                         WIDTH="488"
                         VPOS="1119"
                         HPOS="194">
                  <String HEIGHT="43"
                          WIDTH="158"
                          VPOS="1119"
                          HPOS="181"
                          CONTENT="insimul,"/>
                  <SP HEIGHT="43" WIDTH="13" VPOS="1119" HPOS="339"/>
                  <String HEIGHT="43" WIDTH="92" VPOS="1119" HPOS="300" CONTENT="sed"/>
                  <SP HEIGHT="43" WIDTH="13" VPOS="1119" HPOS="392"/>
                  <String HEIGHT="43"
                          WIDTH="106"
                          VPOS="1119"
                          HPOS="352"
                          CONTENT="est,"/>
                  <SP HEIGHT="43" WIDTH="13" VPOS="1119" HPOS="458"/>
                  <String HEIGHT="43"
                          WIDTH="119"
                          VPOS="1119"
                          HPOS="418"
                          CONTENT="sicut"/>
                  <SP HEIGHT="43" WIDTH="13" VPOS="1119" HPOS="537"/>
                  <String HEIGHT="43" WIDTH="79" VPOS="1119" HPOS="497" CONTENT="d."/>
                  <SP HEIGHT="43" WIDTH="13" VPOS="1119" HPOS="576"/>
                  <String HEIGHT="43"
                          WIDTH="145"
                          VPOS="1119"
                          HPOS="537"
                          CONTENT="mouens."/>
                  <SP HEIGHT="43" WIDTH="13" VPOS="1119" HPOS="682"/>
                  <String HEIGHT="43" WIDTH="53" VPOS="1119" HPOS="629" CONTENT="se"/>
               </TextLine>
               <TextLine ID="r2l52"
                         BASELINE="1202"
                         HEIGHT="38"
                         WIDTH="483"
                         VPOS="1164"
                         HPOS="207">
                  <String HEIGHT="38"
                          WIDTH="124"
                          VPOS="1164"
                          HPOS="195"
                          CONTENT="cundum"/>
                  <SP HEIGHT="38" WIDTH="12" VPOS="1164" HPOS="318"/>
                  <String HEIGHT="38" WIDTH="74" VPOS="1164" HPOS="281" CONTENT="A,"/>
                  <SP HEIGHT="38" WIDTH="12" VPOS="1164" HPOS="356"/>
                  <String HEIGHT="38" WIDTH="62" VPOS="1164" HPOS="318" CONTENT="&amp;"/>
                  <SP HEIGHT="38" WIDTH="12" VPOS="1164" HPOS="380"/>
                  <String HEIGHT="38"
                          WIDTH="136"
                          VPOS="1164"
                          HPOS="343"
                          CONTENT="mouetur"/>
                  <SP HEIGHT="38" WIDTH="12" VPOS="1164" HPOS="479"/>
                  <String HEIGHT="38"
                          WIDTH="149"
                          VPOS="1164"
                          HPOS="442"
                          CONTENT="secundum"/>
                  <SP HEIGHT="38" WIDTH="12" VPOS="1164" HPOS="591"/>
                  <String HEIGHT="38" WIDTH="74" VPOS="1164" HPOS="554" CONTENT="in"/>
                  <SP HEIGHT="38" WIDTH="12" VPOS="1164" HPOS="628"/>
                  <String HEIGHT="38"
                          WIDTH="111"
                          VPOS="1164"
                          HPOS="579"
                          CONTENT="tantum."/>
               </TextLine>
               <TextLine ID="r2l54"
                         BASELINE="1265"
                         HEIGHT="45"
                         WIDTH="448"
                         VPOS="1220"
                         HPOS="235">
                  <String HEIGHT="45"
                          WIDTH="211"
                          VPOS="1220"
                          HPOS="222"
                          CONTENT="Dubitationem"/>
                  <SP HEIGHT="45" WIDTH="13" VPOS="1220" HPOS="433"/>
                  <String HEIGHT="45"
                          WIDTH="119"
                          VPOS="1220"
                          HPOS="393"
                          CONTENT="autem"/>
                  <SP HEIGHT="45" WIDTH="13" VPOS="1220" HPOS="512"/>
                  <String HEIGHT="45"
                          WIDTH="132"
                          VPOS="1220"
                          HPOS="472"
                          CONTENT="habet,"/>
                  <SP HEIGHT="45" WIDTH="13" VPOS="1220" HPOS="604"/>
                  <String HEIGHT="45" WIDTH="79" VPOS="1220" HPOS="564" CONTENT="si"/>
                  <SP HEIGHT="45" WIDTH="13" VPOS="1220" HPOS="643"/>
                  <String HEIGHT="45"
                          WIDTH="92"
                          VPOS="1220"
                          HPOS="591"
                          CONTENT="aufe"
                          SUBS_TYPE="HypPart1"
                          SUBS_CONTENT="auferat"/>
                  <HYP CONTENT="-"/>
               </TextLine>
               <TextLine ID="r2l56"
                         BASELINE="1306"
                         HEIGHT="45"
                         WIDTH="491"
                         VPOS="1261"
                         HPOS="203">
                  <String HEIGHT="45"
                          WIDTH="90"
                          VPOS="1261"
                          HPOS="190"
                          CONTENT="rat"
                          SUBS_TYPE="HypPart2"
                          SUBS_CONTENT="auferat"/>
                  <SP HEIGHT="45" WIDTH="13" VPOS="1261" HPOS="281"/>
                  <String HEIGHT="45"
                          WIDTH="142"
                          VPOS="1261"
                          HPOS="242"
                          CONTENT="aliquis"/>
                  <SP HEIGHT="45" WIDTH="13" VPOS="1261" HPOS="384"/>
                  <String HEIGHT="45" WIDTH="90" VPOS="1261" HPOS="345" CONTENT="aut"/>
                  <SP HEIGHT="45" WIDTH="13" VPOS="1261" HPOS="436"/>
                  <String HEIGHT="45" WIDTH="78" VPOS="1261" HPOS="397" CONTENT="ab"/>
                  <SP HEIGHT="45" WIDTH="13" VPOS="1261" HPOS="474"/>
                  <String HEIGHT="45" WIDTH="90" VPOS="1261" HPOS="436" CONTENT="ipo"/>
                  <SP HEIGHT="45" WIDTH="13" VPOS="1261" HPOS="526"/>
                  <String HEIGHT="45" WIDTH="78" VPOS="1261" HPOS="487" CONTENT="A,"/>
                  <SP HEIGHT="45" WIDTH="13" VPOS="1261" HPOS="565"/>
                  <String HEIGHT="45" WIDTH="78" VPOS="1261" HPOS="526" CONTENT="si"/>
                  <SP HEIGHT="45" WIDTH="13" VPOS="1261" HPOS="604"/>
                  <String HEIGHT="45"
                          WIDTH="142"
                          VPOS="1261"
                          HPOS="552"
                          CONTENT="continuum"/>
               </TextLine>
               <TextLine ID="line_1613008484816_1134"
                         BASELINE="1347"
                         HEIGHT="38"
                         WIDTH="505"
                         VPOS="1309"
                         HPOS="179">
                  <String HEIGHT="38"
                          WIDTH="123"
                          VPOS="1309"
                          HPOS="165"
                          CONTENT="Vest,"/>
                  <SP HEIGHT="38" WIDTH="14" VPOS="1309" HPOS="288"/>
                  <String HEIGHT="38" WIDTH="96" VPOS="1309" HPOS="247" CONTENT="id,"/>
                  <SP HEIGHT="38" WIDTH="14" VPOS="1309" HPOS="343"/>
                  <String HEIGHT="38"
                          WIDTH="109"
                          VPOS="1309"
                          HPOS="302"
                          CONTENT="quod"/>
                  <SP HEIGHT="38" WIDTH="14" VPOS="1309" HPOS="411"/>
                  <String HEIGHT="38"
                          WIDTH="123"
                          VPOS="1309"
                          HPOS="370"
                          CONTENT="mouet"/>
                  <SP HEIGHT="38" WIDTH="14" VPOS="1309" HPOS="493"/>
                  <String HEIGHT="38"
                          WIDTH="150"
                          VPOS="1309"
                          HPOS="452"
                          CONTENT="quidem,"/>
                  <SP HEIGHT="38" WIDTH="14" VPOS="1309" HPOS="602"/>
                  <String HEIGHT="38" WIDTH="96" VPOS="1309" HPOS="561" CONTENT="sed"/>
                  <SP HEIGHT="38" WIDTH="14" VPOS="1309" HPOS="657"/>
                  <String HEIGHT="38"
                          WIDTH="82"
                          VPOS="1309"
                          HPOS="602"
                          CONTENT="inmo"/>
               </TextLine>
               <TextLine ID="r2l60"
                         BASELINE="1387"
                         HEIGHT="42"
                         WIDTH="478"
                         VPOS="1345"
                         HPOS="205">
                  <String HEIGHT="42"
                          WIDTH="109"
                          VPOS="1345"
                          HPOS="191"
                          CONTENT="bile"/>
                  <SP HEIGHT="42" WIDTH="14" VPOS="1345" HPOS="301"/>
                  <String HEIGHT="42"
                          WIDTH="109"
                          VPOS="1345"
                          HPOS="260"
                          CONTENT="est,"/>
                  <SP HEIGHT="42" WIDTH="14" VPOS="1345" HPOS="369"/>
                  <String HEIGHT="42" WIDTH="96" VPOS="1345" HPOS="328" CONTENT="aut"/>
                  <SP HEIGHT="42" WIDTH="14" VPOS="1345" HPOS="424"/>
                  <String HEIGHT="42" WIDTH="82" VPOS="1345" HPOS="383" CONTENT="ab"/>
                  <SP HEIGHT="42" WIDTH="14" VPOS="1345" HPOS="464"/>
                  <String HEIGHT="42"
                          WIDTH="109"
                          VPOS="1345"
                          HPOS="424"
                          CONTENT="ipso"/>
                  <SP HEIGHT="42" WIDTH="14" VPOS="1345" HPOS="533"/>
                  <String HEIGHT="42" WIDTH="96" VPOS="1345" HPOS="492" CONTENT="es,"/>
                  <SP HEIGHT="42" WIDTH="14" VPOS="1345" HPOS="587"/>
                  <String HEIGHT="42"
                          WIDTH="109"
                          VPOS="1345"
                          HPOS="546"
                          CONTENT="quod"/>
                  <SP HEIGHT="42" WIDTH="14" VPOS="1345" HPOS="656"/>
                  <String HEIGHT="42"
                          WIDTH="82"
                          VPOS="1345"
                          HPOS="601"
                          CONTENT="moue"/>
               </TextLine>
               <TextLine ID="r2l62"
                         BASELINE="1439"
                         HEIGHT="53"
                         WIDTH="492"
                         VPOS="1386"
                         HPOS="201">
                  <String HEIGHT="53"
                          WIDTH="109"
                          VPOS="1386"
                          HPOS="187"
                          CONTENT="tur,"/>
                  <SP HEIGHT="53" WIDTH="14" VPOS="1386" HPOS="297"/>
                  <String HEIGHT="53" WIDTH="82" VPOS="1386" HPOS="256" CONTENT="an"/>
                  <SP HEIGHT="53" WIDTH="14" VPOS="1386" HPOS="338"/>
                  <String HEIGHT="53"
                          WIDTH="164"
                          VPOS="1386"
                          HPOS="297"
                          CONTENT="reliquum"/>
                  <SP HEIGHT="53" WIDTH="14" VPOS="1386" HPOS="461"/>
                  <String HEIGHT="53"
                          WIDTH="137"
                          VPOS="1386"
                          HPOS="420"
                          CONTENT="vtique"/>
                  <SP HEIGHT="53" WIDTH="14" VPOS="1386" HPOS="556"/>
                  <String HEIGHT="53"
                          WIDTH="137"
                          VPOS="1386"
                          HPOS="515"
                          CONTENT="ipsius"/>
                  <SP HEIGHT="53" WIDTH="14" VPOS="1386" HPOS="652"/>
                  <String HEIGHT="53"
                          WIDTH="109"
                          VPOS="1386"
                          HPOS="611"
                          CONTENT="Amo"/>
                  <SP HEIGHT="53" WIDTH="14" VPOS="1386" HPOS="720"/>
                  <String HEIGHT="53" WIDTH="27" VPOS="1386" HPOS="666" CONTENT=""/>
               </TextLine>
               <TextLine ID="r2l64"
                         BASELINE="1479"
                         HEIGHT="51"
                         WIDTH="497"
                         VPOS="1428"
                         HPOS="198">
                  <String HEIGHT="51"
                          WIDTH="155"
                          VPOS="1428"
                          HPOS="182"
                          CONTENT="uebit,"/>
                  <SP HEIGHT="51" WIDTH="16" VPOS="1428" HPOS="338"/>
                  <String HEIGHT="51"
                          WIDTH="109"
                          VPOS="1428"
                          HPOS="291"
                          CONTENT="aut"/>
                  <SP HEIGHT="51" WIDTH="16" VPOS="1428" HPOS="400"/>
                  <String HEIGHT="51"
                          WIDTH="186"
                          VPOS="1428"
                          HPOS="353"
                          CONTENT="reliquum"/>
                  <SP HEIGHT="51" WIDTH="16" VPOS="1428" HPOS="540"/>
                  <String HEIGHT="51"
                          WIDTH="155"
                          VPOS="1428"
                          HPOS="493"
                          CONTENT="ipsius"/>
                  <SP HEIGHT="51" WIDTH="16" VPOS="1428" HPOS="648"/>
                  <String HEIGHT="51" WIDTH="78" VPOS="1428" HPOS="602" CONTENT="n"/>
                  <SP HEIGHT="51" WIDTH="16" VPOS="1428" HPOS="679"/>
                  <String HEIGHT="51"
                          WIDTH="78"
                          VPOS="1428"
                          HPOS="617"
                          CONTENT="mo"
                          SUBS_TYPE="HypPart1"
                          SUBS_CONTENT="mouebitur."/>
                  <HYP CONTENT="-"/>
               </TextLine>
               <TextLine ID="r2l65"
                         BASELINE="1522"
                         HEIGHT="48"
                         WIDTH="495"
                         VPOS="1474"
                         HPOS="198">
                  <String HEIGHT="48"
                          WIDTH="138"
                          VPOS="1474"
                          HPOS="186"
                          CONTENT="uebitur."
                          SUBS_TYPE="HypPart2"
                          SUBS_CONTENT="mouebitur."/>
                  <SP HEIGHT="48" WIDTH="12" VPOS="1474" HPOS="325"/>
                  <String HEIGHT="48" WIDTH="69" VPOS="1474" HPOS="290" CONTENT="si"/>
                  <SP HEIGHT="48" WIDTH="12" VPOS="1474" HPOS="359"/>
                  <String HEIGHT="48"
                          WIDTH="92"
                          VPOS="1474"
                          HPOS="325"
                          CONTENT="enim"/>
                  <SP HEIGHT="48" WIDTH="12" VPOS="1474" HPOS="417"/>
                  <String HEIGHT="48"
                          WIDTH="92"
                          VPOS="1474"
                          HPOS="382"
                          CONTENT="hoc,"/>
                  <SP HEIGHT="48" WIDTH="12" VPOS="1474" HPOS="474"/>
                  <String HEIGHT="48" WIDTH="81" VPOS="1474" HPOS="440" CONTENT="non"/>
                  <SP HEIGHT="48" WIDTH="12" VPOS="1474" HPOS="520"/>
                  <String HEIGHT="48"
                          WIDTH="115"
                          VPOS="1474"
                          HPOS="486"
                          CONTENT="vtique"/>
                  <SP HEIGHT="48" WIDTH="12" VPOS="1474" HPOS="601"/>
                  <String HEIGHT="48"
                          WIDTH="104"
                          VPOS="1474"
                          HPOS="566"
                          CONTENT="erit,"/>
                  <SP HEIGHT="48" WIDTH="12" VPOS="1474" HPOS="670"/>
                  <String HEIGHT="48"
                          WIDTH="69"
                          VPOS="1474"
                          HPOS="624"
                          CONTENT="quae"/>
               </TextLine>
               <TextLine ID="r2l67"
                         BASELINE="1557"
                         HEIGHT="40"
                         WIDTH="500"
                         VPOS="1517"
                         HPOS="194">
                  <String HEIGHT="40"
                          WIDTH="141"
                          VPOS="1517"
                          HPOS="178"
                          CONTENT="primo"/>
                  <SP HEIGHT="40" WIDTH="16" VPOS="1517" HPOS="319"/>
                  <String HEIGHT="40"
                          WIDTH="172"
                          VPOS="1517"
                          HPOS="272"
                          CONTENT="mouetur"/>
                  <SP HEIGHT="40" WIDTH="16" VPOS="1517" HPOS="444"/>
                  <String HEIGHT="40" WIDTH="78" VPOS="1517" HPOS="397" CONTENT="a"/>
                  <SP HEIGHT="40" WIDTH="16" VPOS="1517" HPOS="475"/>
                  <String HEIGHT="40"
                          WIDTH="172"
                          VPOS="1517"
                          HPOS="428"
                          CONTENT="seipsa,"/>
                  <SP HEIGHT="40" WIDTH="16" VPOS="1517" HPOS="600"/>
                  <String HEIGHT="40"
                          WIDTH="125"
                          VPOS="1517"
                          HPOS="553"
                          CONTENT="quae"/>
                  <SP HEIGHT="40" WIDTH="16" VPOS="1517" HPOS="678"/>
                  <String HEIGHT="40" WIDTH="78" VPOS="1517" HPOS="616" CONTENT="AB."/>
               </TextLine>
               <TextLine ID="r2l69"
                         BASELINE="1589"
                         HEIGHT="32"
                         WIDTH="494"
                         VPOS="1557"
                         HPOS="196">
                  <String HEIGHT="32"
                          WIDTH="170"
                          VPOS="1557"
                          HPOS="179"
                          CONTENT="remota"/>
                  <SP HEIGHT="32" WIDTH="17" VPOS="1557" HPOS="349"/>
                  <String HEIGHT="32"
                          WIDTH="136"
                          VPOS="1557"
                          HPOS="298"
                          CONTENT="enim"/>
                  <SP HEIGHT="32" WIDTH="17" VPOS="1557" HPOS="434"/>
                  <String HEIGHT="32" WIDTH="102" VPOS="1557" HPOS="383" CONTENT="ab"/>
                  <SP HEIGHT="32" WIDTH="17" VPOS="1557" HPOS="486"/>
                  <String HEIGHT="32" WIDTH="102" VPOS="1557" HPOS="434" CONTENT="AB"/>
                  <SP HEIGHT="32" WIDTH="17" VPOS="1557" HPOS="537"/>
                  <String HEIGHT="32"
                          WIDTH="153"
                          VPOS="1557"
                          HPOS="486"
                          CONTENT="adhuc"/>
                  <SP HEIGHT="32" WIDTH="17" VPOS="1557" HPOS="639"/>
                  <String HEIGHT="32"
                          WIDTH="119"
                          VPOS="1557"
                          HPOS="571"
                          CONTENT="moue"
                          SUBS_TYPE="HypPart1"
                          SUBS_CONTENT="mouebit"/>
                  <HYP CONTENT="-"/>
               </TextLine>
               <TextLine ID="r2l71"
                         BASELINE="1643"
                         HEIGHT="54"
                         WIDTH="496"
                         VPOS="1589"
                         HPOS="195">
                  <String HEIGHT="54"
                          WIDTH="109"
                          VPOS="1589"
                          HPOS="180"
                          CONTENT="bit"
                          SUBS_TYPE="HypPart2"
                          SUBS_CONTENT="mouebit"/>
                  <SP HEIGHT="54" WIDTH="16" VPOS="1589" HPOS="288"/>
                  <String HEIGHT="54"
                          WIDTH="171"
                          VPOS="1589"
                          HPOS="242"
                          CONTENT="seipsam"/>
                  <SP HEIGHT="54" WIDTH="16" VPOS="1589" HPOS="412"/>
                  <String HEIGHT="54"
                          WIDTH="171"
                          VPOS="1589"
                          HPOS="366"
                          CONTENT="reliqua"/>
                  <SP HEIGHT="54" WIDTH="16" VPOS="1589" HPOS="536"/>
                  <String HEIGHT="54"
                          WIDTH="109"
                          VPOS="1589"
                          HPOS="490"
                          CONTENT="AE."/>
                  <SP HEIGHT="54" WIDTH="16" VPOS="1589" HPOS="598"/>
                  <String HEIGHT="54" WIDTH="93" VPOS="1589" HPOS="552" CONTENT="An"/>
                  <SP HEIGHT="54" WIDTH="16" VPOS="1589" HPOS="645"/>
                  <String HEIGHT="54"
                          WIDTH="109"
                          VPOS="1589"
                          HPOS="583"
                          CONTENT="poten"/>
               </TextLine>
               <TextLine ID="r2l73"
                         BASELINE="1674"
                         HEIGHT="40"
                         WIDTH="488"
                         VPOS="1634"
                         HPOS="203">
                  <String HEIGHT="40"
                          WIDTH="110"
                          VPOS="1634"
                          HPOS="187"
                          CONTENT="tia"/>
                  <SP HEIGHT="40" WIDTH="16" VPOS="1634" HPOS="297"/>
                  <String HEIGHT="40"
                          WIDTH="157"
                          VPOS="1634"
                          HPOS="250"
                          CONTENT="quidem"/>
                  <SP HEIGHT="40" WIDTH="16" VPOS="1634" HPOS="408"/>
                  <String HEIGHT="40"
                          WIDTH="189"
                          VPOS="1634"
                          HPOS="360"
                          CONTENT="vtrunque"/>
                  <SP HEIGHT="40" WIDTH="16" VPOS="1634" HPOS="549"/>
                  <String HEIGHT="40"
                          WIDTH="142"
                          VPOS="1634"
                          HPOS="502"
                          CONTENT="nihil"/>
                  <SP HEIGHT="40" WIDTH="16" VPOS="1634" HPOS="644"/>
                  <String HEIGHT="40"
                          WIDTH="110"
                          VPOS="1634"
                          HPOS="581"
                          CONTENT="prohi"/>
               </TextLine>
               <TextLine ID="r2l75"
                         BASELINE="1714"
                         HEIGHT="44"
                         WIDTH="492"
                         VPOS="1670"
                         HPOS="200">
                  <String HEIGHT="44"
                          WIDTH="94"
                          VPOS="1670"
                          HPOS="188"
                          CONTENT="bet,"/>
                  <SP HEIGHT="44" WIDTH="12" VPOS="1670" HPOS="282"/>
                  <String HEIGHT="44" WIDTH="82" VPOS="1670" HPOS="247" CONTENT="aut"/>
                  <SP HEIGHT="44" WIDTH="12" VPOS="1670" HPOS="329"/>
                  <String HEIGHT="44"
                          WIDTH="141"
                          VPOS="1670"
                          HPOS="294"
                          CONTENT="alterum,"/>
                  <SP HEIGHT="44" WIDTH="12" VPOS="1670" HPOS="434"/>
                  <String HEIGHT="44" WIDTH="70" VPOS="1670" HPOS="399" CONTENT="id"/>
                  <SP HEIGHT="44" WIDTH="12" VPOS="1670" HPOS="469"/>
                  <String HEIGHT="44"
                          WIDTH="141"
                          VPOS="1670"
                          HPOS="434"
                          CONTENT="scilicet"/>
                  <SP HEIGHT="44" WIDTH="12" VPOS="1670" HPOS="575"/>
                  <String HEIGHT="44"
                          WIDTH="94"
                          VPOS="1670"
                          HPOS="540"
                          CONTENT="quod"/>
                  <SP HEIGHT="44" WIDTH="12" VPOS="1670" HPOS="633"/>
                  <String HEIGHT="44"
                          WIDTH="105"
                          VPOS="1670"
                          HPOS="587"
                          CONTENT="mouetur"/>
               </TextLine>
               <TextLine ID="r2l77"
                         BASELINE="1754"
                         HEIGHT="44"
                         WIDTH="493"
                         VPOS="1710"
                         HPOS="202">
                  <String HEIGHT="44"
                          WIDTH="182"
                          VPOS="1710"
                          HPOS="189"
                          CONTENT="diuisibile"/>
                  <SP HEIGHT="44" WIDTH="13" VPOS="1710" HPOS="371"/>
                  <String HEIGHT="44"
                          WIDTH="117"
                          VPOS="1710"
                          HPOS="332"
                          CONTENT="esse,"/>
                  <SP HEIGHT="44" WIDTH="13" VPOS="1710" HPOS="449"/>
                  <String HEIGHT="44"
                          WIDTH="104"
                          VPOS="1710"
                          HPOS="410"
                          CONTENT="actu"/>
                  <SP HEIGHT="44" WIDTH="13" VPOS="1710" HPOS="513"/>
                  <String HEIGHT="44"
                          WIDTH="117"
                          VPOS="1710"
                          HPOS="474"
                          CONTENT="autem"/>
                  <SP HEIGHT="44" WIDTH="13" VPOS="1710" HPOS="591"/>
                  <String HEIGHT="44"
                          WIDTH="156"
                          VPOS="1710"
                          HPOS="539"
                          CONTENT="indiuisibi"/>
               </TextLine>
               <TextLine ID="r2l79"
                         BASELINE="1793"
                         HEIGHT="41"
                         WIDTH="496"
                         VPOS="1752"
                         HPOS="194">
                  <String HEIGHT="41" WIDTH="85" VPOS="1752" HPOS="182" CONTENT="le."/>
                  <SP HEIGHT="41" WIDTH="12" VPOS="1752" HPOS="267"/>
                  <String HEIGHT="41" WIDTH="73" VPOS="1752" HPOS="230" CONTENT="si"/>
                  <SP HEIGHT="41" WIDTH="12" VPOS="1752" HPOS="303"/>
                  <String HEIGHT="41"
                          WIDTH="109"
                          VPOS="1752"
                          HPOS="267"
                          CONTENT="autem"/>
                  <SP HEIGHT="41" WIDTH="12" VPOS="1752" HPOS="375"/>
                  <String HEIGHT="41"
                          WIDTH="169"
                          VPOS="1752"
                          HPOS="339"
                          CONTENT="diuidatur,"/>
                  <SP HEIGHT="41" WIDTH="12" VPOS="1752" HPOS="509"/>
                  <String HEIGHT="41" WIDTH="85" VPOS="1752" HPOS="472" CONTENT="non"/>
                  <SP HEIGHT="41" WIDTH="12" VPOS="1752" HPOS="557"/>
                  <String HEIGHT="41"
                          WIDTH="145"
                          VPOS="1752"
                          HPOS="521"
                          CONTENT="vlterius"/>
                  <SP HEIGHT="41" WIDTH="12" VPOS="1752" HPOS="666"/>
                  <String HEIGHT="41"
                          WIDTH="73"
                          VPOS="1752"
                          HPOS="617"
                          CONTENT="esse"/>
               </TextLine>
               <TextLine ID="r2l80"
                         BASELINE="1850"
                         HEIGHT="53"
                         WIDTH="499"
                         VPOS="1797"
                         HPOS="195">
                  <String HEIGHT="53"
                          WIDTH="122"
                          VPOS="1797"
                          HPOS="183"
                          CONTENT="eandem"/>
                  <SP HEIGHT="53" WIDTH="12" VPOS="1797" HPOS="305"/>
                  <String HEIGHT="53"
                          WIDTH="122"
                          VPOS="1797"
                          HPOS="268"
                          CONTENT="habins"/>
                  <SP HEIGHT="53" WIDTH="12" VPOS="1797" HPOS="390"/>
                  <String HEIGHT="53"
                          WIDTH="170"
                          VPOS="1797"
                          HPOS="353"
                          CONTENT="potentiam,"/>
                  <SP HEIGHT="53" WIDTH="12" VPOS="1797" HPOS="524"/>
                  <String HEIGHT="53"
                          WIDTH="110"
                          VPOS="1797"
                          HPOS="487"
                          CONTENT="quare"/>
                  <SP HEIGHT="53" WIDTH="12" VPOS="1797" HPOS="597"/>
                  <String HEIGHT="53"
                          WIDTH="110"
                          VPOS="1797"
                          HPOS="560"
                          CONTENT="nihil"/>
                  <SP HEIGHT="53" WIDTH="12" VPOS="1797" HPOS="670"/>
                  <String HEIGHT="53" WIDTH="73" VPOS="1797" HPOS="621" CONTENT="pro"/>
               </TextLine>
            </TextBlock>
            <TextBlock ID="TextRegion_1613008473529_1113"
                       HEIGHT="1750"
                       WIDTH="516"
                       VPOS="132"
                       HPOS="704">
               <Shape>
                  <Polygon POINTS="704,132 1220,132 1220,1882 704,1882"/>
               </Shape>
               <TextLine ID="r2l3"
                         BASELINE="218"
                         HEIGHT="45"
                         WIDTH="508"
                         VPOS="173"
                         HPOS="714">
                  <String HEIGHT="45"
                          WIDTH="109"
                          VPOS="173"
                          HPOS="702"
                          CONTENT="hibet"/>
                  <SP HEIGHT="45" WIDTH="12" VPOS="173" HPOS="811"/>
                  <String HEIGHT="45" WIDTH="73" VPOS="173" HPOS="774" CONTENT="in"/>
                  <SP HEIGHT="45" WIDTH="12" VPOS="173" HPOS="847"/>
                  <String HEIGHT="45" WIDTH="85" VPOS="173" HPOS="811" CONTENT="is,"/>
                  <SP HEIGHT="45" WIDTH="12" VPOS="173" HPOS="895"/>
                  <String HEIGHT="45" WIDTH="97" VPOS="173" HPOS="859" CONTENT="quae"/>
                  <SP HEIGHT="45" WIDTH="12" VPOS="173" HPOS="956"/>
                  <String HEIGHT="45"
                          WIDTH="121"
                          VPOS="173"
                          HPOS="920"
                          CONTENT="diuidi"/>
                  <SP HEIGHT="45" WIDTH="12" VPOS="173" HPOS="1041"/>
                  <String HEIGHT="45"
                          WIDTH="145"
                          VPOS="173"
                          HPOS="1004"
                          CONTENT="possunt,"/>
                  <SP HEIGHT="45" WIDTH="12" VPOS="173" HPOS="1149"/>
                  <String HEIGHT="45"
                          WIDTH="121"
                          VPOS="173"
                          HPOS="1101"
                          CONTENT="potentia"/>
               </TextLine>
               <TextLine ID="r2l6"
                         BASELINE="266"
                         HEIGHT="43"
                         WIDTH="506"
                         VPOS="223"
                         HPOS="713">
                  <String HEIGHT="43"
                          WIDTH="127"
                          VPOS="223"
                          HPOS="699"
                          CONTENT="primo"/>
                  <SP HEIGHT="43" WIDTH="14" VPOS="223" HPOS="825"/>
                  <String HEIGHT="43"
                          WIDTH="155"
                          VPOS="223"
                          HPOS="783"
                          CONTENT="inesse."/>
                  <SP HEIGHT="43" WIDTH="14" VPOS="223" HPOS="938"/>
                  <String HEIGHT="43"
                          WIDTH="197"
                          VPOS="223"
                          HPOS="896"
                          CONTENT="Manifestum"/>
                  <SP HEIGHT="43" WIDTH="14" VPOS="223" HPOS="1093"/>
                  <String HEIGHT="43" WIDTH="98" VPOS="223" HPOS="1050" CONTENT="est"/>
                  <SP HEIGHT="43" WIDTH="14" VPOS="223" HPOS="1149"/>
                  <String HEIGHT="43"
                          WIDTH="127"
                          VPOS="223"
                          HPOS="1093"
                          CONTENT="igitur,"/>
               </TextLine>
               <TextLine ID="r2l8"
                         BASELINE="299"
                         HEIGHT="42"
                         WIDTH="499"
                         VPOS="257"
                         HPOS="712">
                  <String HEIGHT="42" WIDTH="91" VPOS="257" HPOS="697" CONTENT="ex"/>
                  <SP HEIGHT="42" WIDTH="15" VPOS="257" HPOS="788"/>
                  <String HEIGHT="42" WIDTH="106" VPOS="257" HPOS="742" CONTENT="his"/>
                  <SP HEIGHT="42" WIDTH="15" VPOS="257" HPOS="848"/>
                  <String HEIGHT="42"
                          WIDTH="121"
                          VPOS="257"
                          HPOS="803"
                          CONTENT="quod"/>
                  <SP HEIGHT="42" WIDTH="15" VPOS="257" HPOS="924"/>
                  <String HEIGHT="42" WIDTH="106" VPOS="257" HPOS="878" CONTENT="est"/>
                  <SP HEIGHT="42" WIDTH="15" VPOS="257" HPOS="984"/>
                  <String HEIGHT="42"
                          WIDTH="151"
                          VPOS="257"
                          HPOS="939"
                          CONTENT="primum"/>
                  <SP HEIGHT="42" WIDTH="15" VPOS="257" HPOS="1090"/>
                  <String HEIGHT="42"
                          WIDTH="151"
                          VPOS="257"
                          HPOS="1045"
                          CONTENT="mouens"/>
                  <SP HEIGHT="42" WIDTH="15" VPOS="257" HPOS="1196"/>
                  <String HEIGHT="42" WIDTH="76" VPOS="257" HPOS="1135" CONTENT="imo"/>
               </TextLine>
               <TextLine ID="r2l10"
                         BASELINE="340"
                         HEIGHT="43"
                         WIDTH="492"
                         VPOS="297"
                         HPOS="719">
                  <String HEIGHT="43"
                          WIDTH="120"
                          VPOS="297"
                          HPOS="706"
                          CONTENT="bile."/>
                  <SP HEIGHT="43" WIDTH="13" VPOS="297" HPOS="825"/>
                  <String HEIGHT="43"
                          WIDTH="106"
                          VPOS="297"
                          HPOS="785"
                          CONTENT="siue"/>
                  <SP HEIGHT="43" WIDTH="13" VPOS="297" HPOS="892"/>
                  <String HEIGHT="43"
                          WIDTH="106"
                          VPOS="297"
                          HPOS="852"
                          CONTENT="enim"/>
                  <SP HEIGHT="43" WIDTH="13" VPOS="297" HPOS="958"/>
                  <String HEIGHT="43"
                          WIDTH="173"
                          VPOS="297"
                          HPOS="918"
                          CONTENT="confestim"/>
                  <SP HEIGHT="43" WIDTH="13" VPOS="297" HPOS="1091"/>
                  <String HEIGHT="43" WIDTH="93" VPOS="297" HPOS="1051" CONTENT="id,"/>
                  <SP HEIGHT="43" WIDTH="13" VPOS="297" HPOS="1145"/>
                  <String HEIGHT="43"
                          WIDTH="106"
                          VPOS="297"
                          HPOS="1105"
                          CONTENT="quod"/>
                  <SP HEIGHT="43" WIDTH="13" VPOS="297" HPOS="1211"/>
                  <String HEIGHT="43" WIDTH="53" VPOS="297" HPOS="1158" CONTENT="mo"/>
               </TextLine>
               <TextLine ID="r2l12"
                         BASELINE="379"
                         HEIGHT="43"
                         WIDTH="500"
                         VPOS="336"
                         HPOS="716">
                  <String HEIGHT="43"
                          WIDTH="135"
                          VPOS="336"
                          HPOS="702"
                          CONTENT="uetur,"/>
                  <SP HEIGHT="43" WIDTH="14" VPOS="336" HPOS="838"/>
                  <String HEIGHT="43" WIDTH="81" VPOS="336" HPOS="797" CONTENT="ab"/>
                  <SP HEIGHT="43" WIDTH="14" VPOS="336" HPOS="878"/>
                  <String HEIGHT="43"
                          WIDTH="135"
                          VPOS="336"
                          HPOS="838"
                          CONTENT="aliquo"/>
                  <SP HEIGHT="43" WIDTH="14" VPOS="336" HPOS="973"/>
                  <String HEIGHT="43" WIDTH="95" VPOS="336" HPOS="932" CONTENT="ant"/>
                  <SP HEIGHT="43" WIDTH="14" VPOS="336" HPOS="1027"/>
                  <String HEIGHT="43"
                          WIDTH="162"
                          VPOS="336"
                          HPOS="986"
                          CONTENT="mouetur,"/>
                  <SP HEIGHT="43" WIDTH="14" VPOS="336" HPOS="1148"/>
                  <String HEIGHT="43"
                          WIDTH="108"
                          VPOS="336"
                          HPOS="1108"
                          CONTENT="stet"/>
                  <SP HEIGHT="43" WIDTH="14" VPOS="336" HPOS="1216"/>
                  <String HEIGHT="43" WIDTH="54" VPOS="336" HPOS="1162" CONTENT="ad"/>
               </TextLine>
               <TextLine ID="r2l14"
                         BASELINE="430"
                         HEIGHT="51"
                         WIDTH="504"
                         VPOS="379"
                         HPOS="715">
                  <String HEIGHT="51"
                          WIDTH="183"
                          VPOS="379"
                          HPOS="700"
                          CONTENT="immobile"/>
                  <SP HEIGHT="51" WIDTH="15" VPOS="379" HPOS="883"/>
                  <String HEIGHT="51"
                          WIDTH="168"
                          VPOS="379"
                          HPOS="837"
                          CONTENT="primum,"/>
                  <SP HEIGHT="51" WIDTH="15" VPOS="379" HPOS="1005"/>
                  <String HEIGHT="51"
                          WIDTH="122"
                          VPOS="379"
                          HPOS="959"
                          CONTENT="siue"/>
                  <SP HEIGHT="51" WIDTH="15" VPOS="379" HPOS="1082"/>
                  <String HEIGHT="51" WIDTH="92" VPOS="379" HPOS="1036" CONTENT="ad"/>
                  <SP HEIGHT="51" WIDTH="15" VPOS="379" HPOS="1127"/>
                  <String HEIGHT="51"
                          WIDTH="107"
                          VPOS="379"
                          HPOS="1082"
                          CONTENT="id,"/>
                  <SP HEIGHT="51" WIDTH="15" VPOS="379" HPOS="1188"/>
                  <String HEIGHT="51"
                          WIDTH="92"
                          VPOS="379"
                          HPOS="1127"
                          CONTENT="quid"/>
               </TextLine>
               <TextLine ID="r2l16"
                         BASELINE="458"
                         HEIGHT="37"
                         WIDTH="496"
                         VPOS="421"
                         HPOS="719">
                  <String HEIGHT="37"
                          WIDTH="165"
                          VPOS="421"
                          HPOS="704"
                          CONTENT="mouetur"/>
                  <SP HEIGHT="37" WIDTH="15" VPOS="421" HPOS="869"/>
                  <String HEIGHT="37"
                          WIDTH="165"
                          VPOS="421"
                          HPOS="824"
                          CONTENT="quidem,"/>
                  <SP HEIGHT="37" WIDTH="15" VPOS="421" HPOS="990"/>
                  <String HEIGHT="37"
                          WIDTH="135"
                          VPOS="421"
                          HPOS="944"
                          CONTENT="ipsum"/>
                  <SP HEIGHT="37" WIDTH="15" VPOS="421" HPOS="1080"/>
                  <String HEIGHT="37"
                          WIDTH="135"
                          VPOS="421"
                          HPOS="1035"
                          CONTENT="autem"/>
                  <SP HEIGHT="37" WIDTH="15" VPOS="421" HPOS="1170"/>
                  <String HEIGHT="37"
                          WIDTH="105"
                          VPOS="421"
                          HPOS="1110"
                          CONTENT="seip"
                          SUBS_TYPE="HypPart1"
                          SUBS_CONTENT="seipsum"/>
                  <HYP CONTENT="-"/>
               </TextLine>
               <TextLine ID="r2l18"
                         BASELINE="507"
                         HEIGHT="46"
                         WIDTH="496"
                         VPOS="461"
                         HPOS="716">
                  <String HEIGHT="46"
                          WIDTH="105"
                          VPOS="461"
                          HPOS="701"
                          CONTENT="sum"
                          SUBS_TYPE="HypPart2"
                          SUBS_CONTENT="seipsum"/>
                  <SP HEIGHT="46" WIDTH="15" VPOS="461" HPOS="806"/>
                  <String HEIGHT="46"
                          WIDTH="150"
                          VPOS="461"
                          HPOS="761"
                          CONTENT="mouens"/>
                  <SP HEIGHT="46" WIDTH="15" VPOS="461" HPOS="911"/>
                  <String HEIGHT="46"
                          WIDTH="120"
                          VPOS="461"
                          HPOS="866"
                          CONTENT="est,"/>
                  <SP HEIGHT="46" WIDTH="15" VPOS="461" HPOS="987"/>
                  <String HEIGHT="46" WIDTH="75" VPOS="461" HPOS="941" CONTENT="&amp;"/>
                  <SP HEIGHT="46" WIDTH="15" VPOS="461" HPOS="1017"/>
                  <String HEIGHT="46"
                          WIDTH="165"
                          VPOS="461"
                          HPOS="972"
                          CONTENT="sistens"/>
                  <SP HEIGHT="46" WIDTH="15" VPOS="461" HPOS="1137"/>
                  <String HEIGHT="46"
                          WIDTH="135"
                          VPOS="461"
                          HPOS="1077"
                          CONTENT="vtroque"/>
               </TextLine>
               <TextLine ID="r2l20"
                         BASELINE="549"
                         HEIGHT="64"
                         WIDTH="497"
                         VPOS="485"
                         HPOS="716">
                  <String HEIGHT="64"
                          WIDTH="114"
                          VPOS="485"
                          HPOS="702"
                          CONTENT="modo"/>
                  <SP HEIGHT="64" WIDTH="14" VPOS="485" HPOS="815"/>
                  <String HEIGHT="64"
                          WIDTH="156"
                          VPOS="485"
                          HPOS="773"
                          CONTENT="accidit"/>
                  <SP HEIGHT="64" WIDTH="14" VPOS="485" HPOS="929"/>
                  <String HEIGHT="64"
                          WIDTH="142"
                          VPOS="485"
                          HPOS="886"
                          CONTENT="vtique"/>
                  <SP HEIGHT="64" WIDTH="14" VPOS="485" HPOS="1028"/>
                  <String HEIGHT="64" WIDTH="99" VPOS="485" HPOS="986" CONTENT="id,"/>
                  <SP HEIGHT="64" WIDTH="14" VPOS="485" HPOS="1085"/>
                  <String HEIGHT="64"
                          WIDTH="114"
                          VPOS="485"
                          HPOS="1043"
                          CONTENT="quod"/>
                  <SP HEIGHT="64" WIDTH="14" VPOS="485" HPOS="1156"/>
                  <String HEIGHT="64"
                          WIDTH="114"
                          VPOS="485"
                          HPOS="1099"
                          CONTENT="primum"/>
               </TextLine>
               <TextLine ID="r2l22"
                         BASELINE="585"
                         HEIGHT="45"
                         WIDTH="493"
                         VPOS="540"
                         HPOS="720">
                  <String HEIGHT="45"
                          WIDTH="133"
                          VPOS="540"
                          HPOS="707"
                          CONTENT="mouet,"/>
                  <SP HEIGHT="45" WIDTH="13" VPOS="540" HPOS="840"/>
                  <String HEIGHT="45" WIDTH="80" VPOS="540" HPOS="800" CONTENT="in"/>
                  <SP HEIGHT="45" WIDTH="13" VPOS="540" HPOS="880"/>
                  <String HEIGHT="45"
                          WIDTH="147"
                          VPOS="540"
                          HPOS="840"
                          CONTENT="omnibus"/>
                  <SP HEIGHT="45" WIDTH="13" VPOS="540" HPOS="986"/>
                  <String HEIGHT="45"
                          WIDTH="107"
                          VPOS="540"
                          HPOS="947"
                          CONTENT="esse"/>
                  <SP HEIGHT="45" WIDTH="13" VPOS="540" HPOS="1053"/>
                  <String HEIGHT="45"
                          WIDTH="120"
                          VPOS="540"
                          HPOS="1013"
                          CONTENT="motis"/>
                  <SP HEIGHT="45" WIDTH="13" VPOS="540" HPOS="1133"/>
                  <String HEIGHT="45"
                          WIDTH="133"
                          VPOS="540"
                          HPOS="1080"
                          CONTENT="imobile."/>
               </TextLine>
               <TextLine ID="r2l24"
                         BASELINE="638"
                         HEIGHT="58"
                         WIDTH="458"
                         VPOS="580"
                         HPOS="763">
                  <String HEIGHT="58" WIDTH="86" VPOS="580" HPOS="749" CONTENT="Et"/>
                  <SP HEIGHT="58" WIDTH="14" VPOS="580" HPOS="835"/>
                  <String HEIGHT="58"
                          WIDTH="186"
                          VPOS="580"
                          HPOS="792"
                          CONTENT="quaeritur"/>
                  <SP HEIGHT="58" WIDTH="14" VPOS="580" HPOS="978"/>
                  <String HEIGHT="58" WIDTH="86" VPOS="580" HPOS="935" CONTENT="in"/>
                  <SP HEIGHT="58" WIDTH="14" VPOS="580" HPOS="1021"/>
                  <String HEIGHT="58"
                          WIDTH="115"
                          VPOS="580"
                          HPOS="978"
                          CONTENT="hoc,"/>
                  <SP HEIGHT="58" WIDTH="14" VPOS="580" HPOS="1092"/>
                  <String HEIGHT="58" WIDTH="86" VPOS="580" HPOS="1049" CONTENT="si"/>
                  <SP HEIGHT="58" WIDTH="14" VPOS="580" HPOS="1135"/>
                  <String HEIGHT="58" WIDTH="86" VPOS="580" HPOS="1092" CONTENT="ex"/>
                  <SP HEIGHT="58" WIDTH="14" VPOS="580" HPOS="1178"/>
                  <String HEIGHT="58" WIDTH="86" VPOS="580" HPOS="1135" CONTENT="A,"/>
                  <SP HEIGHT="58" WIDTH="14" VPOS="580" HPOS="1221"/>
                  <String HEIGHT="58" WIDTH="57" VPOS="580" HPOS="1164" CONTENT="si"/>
               </TextLine>
               <TextLine ID="r2l27"
                         BASELINE="682"
                         HEIGHT="54"
                         WIDTH="498"
                         VPOS="628"
                         HPOS="719">
                  <String HEIGHT="54"
                          WIDTH="142"
                          VPOS="628"
                          HPOS="705"
                          CONTENT="fuerit"/>
                  <SP HEIGHT="54" WIDTH="14" VPOS="628" HPOS="847"/>
                  <String HEIGHT="54"
                          WIDTH="171"
                          VPOS="628"
                          HPOS="804"
                          CONTENT="cotinuu,"/>
                  <SP HEIGHT="54" WIDTH="14" VPOS="628" HPOS="975"/>
                  <String HEIGHT="54" WIDTH="85" VPOS="628" HPOS="932" CONTENT="et"/>
                  <SP HEIGHT="54" WIDTH="14" VPOS="628" HPOS="1018"/>
                  <String HEIGHT="54" WIDTH="100" VPOS="628" HPOS="975" CONTENT="est"/>
                  <SP HEIGHT="54" WIDTH="14" VPOS="628" HPOS="1075"/>
                  <String HEIGHT="54"
                          WIDTH="171"
                          VPOS="628"
                          HPOS="1032"
                          CONTENT="moteren,"/>
                  <SP HEIGHT="54" WIDTH="14" VPOS="628" HPOS="1203"/>
                  <String HEIGHT="54"
                          WIDTH="71"
                          VPOS="628"
                          HPOS="1146"
                          CONTENT="mo"
                          SUBS_TYPE="HypPart1"
                          SUBS_CONTENT="motu,"/>
                  <HYP CONTENT="-"/>
               </TextLine>
               <TextLine ID="r2l29"
                         BASELINE="734"
                         HEIGHT="62"
                         WIDTH="492"
                         VPOS="672"
                         HPOS="719">
                  <String HEIGHT="62"
                          WIDTH="101"
                          VPOS="672"
                          HPOS="705"
                          CONTENT="tu,"
                          SUBS_TYPE="HypPart2"
                          SUBS_CONTENT="motu,"/>
                  <SP HEIGHT="62" WIDTH="14" VPOS="672" HPOS="806"/>
                  <String HEIGHT="62" WIDTH="101" VPOS="672" HPOS="762" CONTENT="aut"/>
                  <SP HEIGHT="62" WIDTH="14" VPOS="672" HPOS="864"/>
                  <String HEIGHT="62" WIDTH="87" VPOS="672" HPOS="820" CONTENT="ex"/>
                  <SP HEIGHT="62" WIDTH="14" VPOS="672" HPOS="907"/>
                  <String HEIGHT="62" WIDTH="87" VPOS="672" HPOS="864" CONTENT="E,"/>
                  <SP HEIGHT="62" WIDTH="14" VPOS="672" HPOS="951"/>
                  <String HEIGHT="62"
                          WIDTH="116"
                          VPOS="672"
                          HPOS="907"
                          CONTENT="quod"/>
                  <SP HEIGHT="62" WIDTH="14" VPOS="672" HPOS="1023"/>
                  <String HEIGHT="62" WIDTH="101" VPOS="672" HPOS="979" CONTENT="est"/>
                  <SP HEIGHT="62" WIDTH="14" VPOS="672" HPOS="1081"/>
                  <String HEIGHT="62"
                          WIDTH="130"
                          VPOS="672"
                          HPOS="1037"
                          CONTENT="motu,"/>
                  <SP HEIGHT="62" WIDTH="14" VPOS="672" HPOS="1168"/>
                  <String HEIGHT="62"
                          WIDTH="101"
                          VPOS="672"
                          HPOS="1110"
                          CONTENT="simi"
                          SUBS_TYPE="HypPart1"
                          SUBS_CONTENT="siminuatur"/>
                  <HYP CONTENT="-"/>
               </TextLine>
               <TextLine ID="r2l31"
                         BASELINE="779"
                         HEIGHT="63"
                         WIDTH="495"
                         VPOS="716"
                         HPOS="714">
                  <String HEIGHT="63"
                          WIDTH="138"
                          VPOS="716"
                          HPOS="700"
                          CONTENT="nuatur"
                          SUBS_TYPE="HypPart2"
                          SUBS_CONTENT="siminuatur"/>
                  <SP HEIGHT="63" WIDTH="14" VPOS="716" HPOS="838"/>
                  <String HEIGHT="63"
                          WIDTH="165"
                          VPOS="716"
                          HPOS="797"
                          CONTENT="aliquid,"/>
                  <SP HEIGHT="63" WIDTH="14" VPOS="716" HPOS="962"/>
                  <String HEIGHT="63"
                          WIDTH="124"
                          VPOS="716"
                          HPOS="920"
                          CONTENT="vtrum"/>
                  <SP HEIGHT="63" WIDTH="14" VPOS="716" HPOS="1044"/>
                  <String HEIGHT="63"
                          WIDTH="138"
                          VPOS="716"
                          HPOS="1003"
                          CONTENT="illud,"/>
                  <SP HEIGHT="63" WIDTH="14" VPOS="716" HPOS="1140"/>
                  <String HEIGHT="63"
                          WIDTH="110"
                          VPOS="716"
                          HPOS="1099"
                          CONTENT="quod"/>
                  <SP HEIGHT="63" WIDTH="14" VPOS="716" HPOS="1209"/>
                  <String HEIGHT="63" WIDTH="55" VPOS="716" HPOS="1154" CONTENT="re"/>
               </TextLine>
               <TextLine ID="r2l33"
                         BASELINE="818"
                         HEIGHT="54"
                         WIDTH="495"
                         VPOS="764"
                         HPOS="716">
                  <String HEIGHT="54"
                          WIDTH="139"
                          VPOS="764"
                          HPOS="701"
                          CONTENT="manet"/>
                  <SP HEIGHT="54" WIDTH="15" VPOS="764" HPOS="840"/>
                  <String HEIGHT="54" WIDTH="93" VPOS="764" HPOS="793" CONTENT="ex"/>
                  <SP HEIGHT="54" WIDTH="15" VPOS="764" HPOS="886"/>
                  <String HEIGHT="54" WIDTH="93" VPOS="764" HPOS="840" CONTENT="A,"/>
                  <SP HEIGHT="54" WIDTH="15" VPOS="764" HPOS="933"/>
                  <String HEIGHT="54" WIDTH="108" VPOS="764" HPOS="886" CONTENT="sit"/>
                  <SP HEIGHT="54" WIDTH="15" VPOS="764" HPOS="994"/>
                  <String HEIGHT="54"
                          WIDTH="155"
                          VPOS="764"
                          HPOS="948"
                          CONTENT="motor,"/>
                  <SP HEIGHT="54" WIDTH="15" VPOS="764" HPOS="1103"/>
                  <String HEIGHT="54" WIDTH="93" VPOS="764" HPOS="1056" CONTENT="et"/>
                  <SP HEIGHT="54" WIDTH="15" VPOS="764" HPOS="1149"/>
                  <String HEIGHT="54"
                          WIDTH="124"
                          VPOS="764"
                          HPOS="1087"
                          CONTENT="illud,"/>
               </TextLine>
               <TextLine ID="r2l35"
                         BASELINE="873"
                         HEIGHT="60"
                         WIDTH="492"
                         VPOS="813"
                         HPOS="718">
                  <String HEIGHT="60"
                          WIDTH="123"
                          VPOS="813"
                          HPOS="703"
                          CONTENT="quod"/>
                  <SP HEIGHT="60" WIDTH="15" VPOS="813" HPOS="826"/>
                  <String HEIGHT="60"
                          WIDTH="169"
                          VPOS="813"
                          HPOS="780"
                          CONTENT="remanet"/>
                  <SP HEIGHT="60" WIDTH="15" VPOS="813" HPOS="949"/>
                  <String HEIGHT="60" WIDTH="92" VPOS="813" HPOS="903" CONTENT="ex"/>
                  <SP HEIGHT="60" WIDTH="15" VPOS="813" HPOS="995"/>
                  <String HEIGHT="60" WIDTH="92" VPOS="813" HPOS="949" CONTENT="B,"/>
                  <SP HEIGHT="60" WIDTH="15" VPOS="813" HPOS="1041"/>
                  <String HEIGHT="60" WIDTH="108" VPOS="813" HPOS="995" CONTENT="sit"/>
                  <SP HEIGHT="60" WIDTH="15" VPOS="813" HPOS="1102"/>
                  <String HEIGHT="60"
                          WIDTH="138"
                          VPOS="813"
                          HPOS="1056"
                          CONTENT="motu."/>
                  <SP HEIGHT="60" WIDTH="15" VPOS="813" HPOS="1195"/>
                  <String HEIGHT="60" WIDTH="77" VPOS="813" HPOS="1133" CONTENT="Quo"/>
               </TextLine>
               <TextLine ID="r2l38"
                         BASELINE="914"
                         HEIGHT="53"
                         WIDTH="498"
                         VPOS="861"
                         HPOS="714">
                  <String HEIGHT="53"
                          WIDTH="121"
                          VPOS="861"
                          HPOS="699"
                          CONTENT="nia,"/>
                  <SP HEIGHT="53" WIDTH="15" VPOS="861" HPOS="820"/>
                  <String HEIGHT="53" WIDTH="91" VPOS="861" HPOS="774" CONTENT="si"/>
                  <SP HEIGHT="53" WIDTH="15" VPOS="861" HPOS="865"/>
                  <String HEIGHT="53" WIDTH="106" VPOS="861" HPOS="820" CONTENT="hoc"/>
                  <SP HEIGHT="53" WIDTH="15" VPOS="861" HPOS="925"/>
                  <String HEIGHT="53"
                          WIDTH="166"
                          VPOS="861"
                          HPOS="880"
                          CONTENT="fuerit,"/>
                  <SP HEIGHT="53" WIDTH="15" VPOS="861" HPOS="1046"/>
                  <String HEIGHT="53"
                          WIDTH="106"
                          VPOS="861"
                          HPOS="1001"
                          CONTENT="tuc"/>
                  <SP HEIGHT="53" WIDTH="15" VPOS="861" HPOS="1106"/>
                  <String HEIGHT="53"
                          WIDTH="121"
                          VPOS="861"
                          HPOS="1061"
                          CONTENT="ABno"/>
                  <SP HEIGHT="53" WIDTH="15" VPOS="861" HPOS="1182"/>
                  <String HEIGHT="53"
                          WIDTH="91"
                          VPOS="861"
                          HPOS="1121"
                          CONTENT="erit"/>
               </TextLine>
               <TextLine ID="r2l40"
                         BASELINE="963"
                         HEIGHT="55"
                         WIDTH="505"
                         VPOS="908"
                         HPOS="718">
                  <String HEIGHT="55"
                          WIDTH="157"
                          VPOS="908"
                          HPOS="701"
                          CONTENT="primu"/>
                  <SP HEIGHT="55" WIDTH="17" VPOS="908" HPOS="857"/>
                  <String HEIGHT="55"
                          WIDTH="139"
                          VPOS="908"
                          HPOS="805"
                          CONTENT="motu"/>
                  <SP HEIGHT="55" WIDTH="17" VPOS="908" HPOS="944"/>
                  <String HEIGHT="55" WIDTH="104" VPOS="908" HPOS="892" CONTENT="ex"/>
                  <SP HEIGHT="55" WIDTH="17" VPOS="908" HPOS="997"/>
                  <String HEIGHT="55" WIDTH="122" VPOS="908" HPOS="944" CONTENT="se,"/>
                  <SP HEIGHT="55" WIDTH="17" VPOS="908" HPOS="1066"/>
                  <String HEIGHT="55"
                          WIDTH="174"
                          VPOS="908"
                          HPOS="1014"
                          CONTENT="quonia"/>
                  <SP HEIGHT="55" WIDTH="17" VPOS="908" HPOS="1188"/>
                  <String HEIGHT="55" WIDTH="104" VPOS="908" HPOS="1136" CONTENT="ex"/>
                  <SP HEIGHT="55" WIDTH="17" VPOS="908" HPOS="1240"/>
                  <String HEIGHT="55" WIDTH="52" VPOS="908" HPOS="1171" CONTENT="A"/>
               </TextLine>
               <TextLine ID="r2l42"
                         BASELINE="1010"
                         HEIGHT="62"
                         WIDTH="494"
                         VPOS="948"
                         HPOS="723">
                  <String HEIGHT="62" WIDTH="90" VPOS="948" HPOS="708" CONTENT="et"/>
                  <SP HEIGHT="62" WIDTH="15" VPOS="948" HPOS="798"/>
                  <String HEIGHT="62"
                          WIDTH="210"
                          VPOS="948"
                          HPOS="753"
                          CONTENT="Bauferetur"/>
                  <SP HEIGHT="62" WIDTH="15" VPOS="948" HPOS="963"/>
                  <String HEIGHT="62"
                          WIDTH="180"
                          VPOS="948"
                          HPOS="918"
                          CONTENT="aliquid,"/>
                  <SP HEIGHT="62" WIDTH="15" VPOS="948" HPOS="1097"/>
                  <String HEIGHT="62" WIDTH="90" VPOS="948" HPOS="1052" CONTENT="et"/>
                  <SP HEIGHT="62" WIDTH="15" VPOS="948" HPOS="1142"/>
                  <String HEIGHT="62"
                          WIDTH="135"
                          VPOS="948"
                          HPOS="1082"
                          CONTENT="reliquu"/>
               </TextLine>
               <TextLine ID="r2l44"
                         BASELINE="1058"
                         HEIGHT="61"
                         WIDTH="496"
                         VPOS="997"
                         HPOS="725">
                  <String HEIGHT="61"
                          WIDTH="144"
                          VPOS="997"
                          HPOS="709"
                          CONTENT="mouet"/>
                  <SP HEIGHT="61" WIDTH="16" VPOS="997" HPOS="853"/>
                  <String HEIGHT="61" WIDTH="112" VPOS="997" HPOS="805" CONTENT="se."/>
                  <SP HEIGHT="61" WIDTH="16" VPOS="997" HPOS="917"/>
                  <String HEIGHT="61"
                          WIDTH="176"
                          VPOS="997"
                          HPOS="869"
                          CONTENT="Dicamus"/>
                  <SP HEIGHT="61" WIDTH="16" VPOS="997" HPOS="1045"/>
                  <String HEIGHT="61"
                          WIDTH="160"
                          VPOS="997"
                          HPOS="997"
                          CONTENT="igitur"/>
                  <SP HEIGHT="61" WIDTH="16" VPOS="997" HPOS="1157"/>
                  <String HEIGHT="61" WIDTH="96" VPOS="997" HPOS="1109" CONTENT="ad"/>
                  <SP HEIGHT="61" WIDTH="16" VPOS="997" HPOS="1205"/>
                  <String HEIGHT="61" WIDTH="80" VPOS="997" HPOS="1141" CONTENT="hoc"/>
               </TextLine>
               <TextLine ID="r2l47"
                         BASELINE="1104"
                         HEIGHT="60"
                         WIDTH="490"
                         VPOS="1044"
                         HPOS="718">
                  <String HEIGHT="60"
                          WIDTH="115"
                          VPOS="1044"
                          HPOS="704"
                          CONTENT="quod"/>
                  <SP HEIGHT="60" WIDTH="14" VPOS="1044" HPOS="819"/>
                  <String HEIGHT="60" WIDTH="86" VPOS="1044" HPOS="776" CONTENT="no"/>
                  <SP HEIGHT="60" WIDTH="14" VPOS="1044" HPOS="862"/>
                  <String HEIGHT="60"
                          WIDTH="101"
                          VPOS="1044"
                          HPOS="819"
                          CONTENT="est"/>
                  <SP HEIGHT="60" WIDTH="14" VPOS="1044" HPOS="920"/>
                  <String HEIGHT="60"
                          WIDTH="216"
                          VPOS="1044"
                          HPOS="877"
                          CONTENT="inopinabile"/>
                  <SP HEIGHT="60" WIDTH="14" VPOS="1044" HPOS="1093"/>
                  <String HEIGHT="60" WIDTH="86" VPOS="1044" HPOS="1049" CONTENT="vt"/>
                  <SP HEIGHT="60" WIDTH="14" VPOS="1044" HPOS="1136"/>
                  <String HEIGHT="60"
                          WIDTH="130"
                          VPOS="1044"
                          HPOS="1078"
                          CONTENT="vtruque"/>
               </TextLine>
               <TextLine ID="r2l49"
                         BASELINE="1153"
                         HEIGHT="62"
                         WIDTH="500"
                         VPOS="1091"
                         HPOS="716">
                  <String HEIGHT="62" WIDTH="85" VPOS="1091" HPOS="704" CONTENT="aut"/>
                  <SP HEIGHT="62" WIDTH="12" VPOS="1091" HPOS="789"/>
                  <String HEIGHT="62"
                          WIDTH="134"
                          VPOS="1091"
                          HPOS="753"
                          CONTENT="alteru,"/>
                  <SP HEIGHT="62" WIDTH="12" VPOS="1091" HPOS="887"/>
                  <String HEIGHT="62"
                          WIDTH="146"
                          VPOS="1091"
                          HPOS="850"
                          CONTENT="scilicet"/>
                  <SP HEIGHT="62" WIDTH="12" VPOS="1091" HPOS="996"/>
                  <String HEIGHT="62"
                          WIDTH="110"
                          VPOS="1091"
                          HPOS="960"
                          CONTENT="motum"/>
                  <SP HEIGHT="62" WIDTH="12" VPOS="1091" HPOS="1070"/>
                  <String HEIGHT="62"
                          WIDTH="85"
                          VPOS="1091"
                          HPOS="1033"
                          CONTENT="sit"/>
                  <SP HEIGHT="62" WIDTH="12" VPOS="1091" HPOS="1118"/>
                  <String HEIGHT="62" WIDTH="73" VPOS="1091" HPOS="1082" CONTENT="in"/>
                  <SP HEIGHT="62" WIDTH="12" VPOS="1091" HPOS="1155"/>
                  <String HEIGHT="62"
                          WIDTH="110"
                          VPOS="1091"
                          HPOS="1106"
                          CONTENT="potetia"/>
               </TextLine>
               <TextLine ID="r2l51"
                         BASELINE="1194"
                         HEIGHT="54"
                         WIDTH="491"
                         VPOS="1140"
                         HPOS="724">
                  <String HEIGHT="54"
                          WIDTH="210"
                          VPOS="1140"
                          HPOS="710"
                          CONTENT="diuisibile,"/>
                  <SP HEIGHT="54" WIDTH="14" VPOS="1140" HPOS="920"/>
                  <String HEIGHT="54" WIDTH="84" VPOS="1140" HPOS="878" CONTENT="in"/>
                  <SP HEIGHT="54" WIDTH="14" VPOS="1140" HPOS="962"/>
                  <String HEIGHT="54"
                          WIDTH="112"
                          VPOS="1140"
                          HPOS="920"
                          CONTENT="actu"/>
                  <SP HEIGHT="54" WIDTH="14" VPOS="1140" HPOS="1033"/>
                  <String HEIGHT="54"
                          WIDTH="126"
                          VPOS="1140"
                          HPOS="991"
                          CONTENT="autem"/>
                  <SP HEIGHT="54" WIDTH="14" VPOS="1140" HPOS="1117"/>
                  <String HEIGHT="54"
                          WIDTH="98"
                          VPOS="1140"
                          HPOS="1075"
                          CONTENT="no."/>
                  <SP HEIGHT="54" WIDTH="14" VPOS="1140" HPOS="1173"/>
                  <String HEIGHT="54"
                          WIDTH="112"
                          VPOS="1140"
                          HPOS="1131"
                          CONTENT="sed,"/>
                  <SP HEIGHT="54" WIDTH="14" VPOS="1140" HPOS="1243"/>
                  <String HEIGHT="54" WIDTH="28" VPOS="1140" HPOS="1187" CONTENT=""/>
               </TextLine>
               <TextLine ID="r2l53"
                         BASELINE="1241"
                         HEIGHT="52"
                         WIDTH="490"
                         VPOS="1189"
                         HPOS="720">
                  <String HEIGHT="52" WIDTH="84" VPOS="1189" HPOS="706" CONTENT="si"/>
                  <SP HEIGHT="52" WIDTH="14" VPOS="1189" HPOS="790"/>
                  <String HEIGHT="52"
                          WIDTH="196"
                          VPOS="1189"
                          HPOS="748"
                          CONTENT="diuidatur,"/>
                  <SP HEIGHT="52" WIDTH="14" VPOS="1189" HPOS="944"/>
                  <String HEIGHT="52"
                          WIDTH="112"
                          VPOS="1189"
                          HPOS="902"
                          CONTENT="tunc"/>
                  <SP HEIGHT="52" WIDTH="14" VPOS="1189" HPOS="1014"/>
                  <String HEIGHT="52"
                          WIDTH="140"
                          VPOS="1189"
                          HPOS="972"
                          CONTENT="natura"/>
                  <SP HEIGHT="52" WIDTH="14" VPOS="1189" HPOS="1112"/>
                  <String HEIGHT="52"
                          WIDTH="112"
                          VPOS="1189"
                          HPOS="1070"
                          CONTENT="eius"/>
                  <SP HEIGHT="52" WIDTH="14" VPOS="1189" HPOS="1182"/>
                  <String HEIGHT="52"
                          WIDTH="98"
                          VPOS="1189"
                          HPOS="1140"
                          CONTENT="non"/>
                  <SP HEIGHT="52" WIDTH="14" VPOS="1189" HPOS="1238"/>
                  <String HEIGHT="52" WIDTH="28" VPOS="1189" HPOS="1182" CONTENT=""/>
               </TextLine>
               <TextLine ID="r2l55"
                         BASELINE="1277"
                         HEIGHT="48"
                         WIDTH="492"
                         VPOS="1229"
                         HPOS="724">
                  <String HEIGHT="48"
                          WIDTH="116"
                          VPOS="1229"
                          HPOS="710"
                          CONTENT="erit"/>
                  <SP HEIGHT="48" WIDTH="14" VPOS="1229" HPOS="825"/>
                  <String HEIGHT="48"
                          WIDTH="116"
                          VPOS="1229"
                          HPOS="782"
                          CONTENT="illa"/>
                  <SP HEIGHT="48" WIDTH="14" VPOS="1229" HPOS="898"/>
                  <String HEIGHT="48"
                          WIDTH="130"
                          VPOS="1229"
                          HPOS="854"
                          CONTENT="eadem"/>
                  <SP HEIGHT="48" WIDTH="14" VPOS="1229" HPOS="984"/>
                  <String HEIGHT="48"
                          WIDTH="159"
                          VPOS="1229"
                          HPOS="941"
                          CONTENT="natura."/>
                  <SP HEIGHT="48" WIDTH="14" VPOS="1229" HPOS="1100"/>
                  <String HEIGHT="48" WIDTH="72" VPOS="1229" HPOS="1057" CONTENT="&amp;"/>
                  <SP HEIGHT="48" WIDTH="14" VPOS="1229" HPOS="1129"/>
                  <String HEIGHT="48"
                          WIDTH="116"
                          VPOS="1229"
                          HPOS="1086"
                          CONTENT="ideo"/>
                  <SP HEIGHT="48" WIDTH="14" VPOS="1229" HPOS="1202"/>
                  <String HEIGHT="48"
                          WIDTH="72"
                          VPOS="1229"
                          HPOS="1144"
                          CONTENT="non"/>
               </TextLine>
               <TextLine ID="r2l57"
                         BASELINE="1338"
                         HEIGHT="61"
                         WIDTH="490"
                         VPOS="1277"
                         HPOS="723">
                  <String HEIGHT="61" WIDTH="98" VPOS="1277" HPOS="709" CONTENT="est"/>
                  <SP HEIGHT="61" WIDTH="14" VPOS="1277" HPOS="807"/>
                  <String HEIGHT="61"
                          WIDTH="210"
                          VPOS="1277"
                          HPOS="765"
                          CONTENT="inopinabile"/>
                  <SP HEIGHT="61" WIDTH="14" VPOS="1277" HPOS="975"/>
                  <String HEIGHT="61" WIDTH="84" VPOS="1277" HPOS="933" CONTENT="vt"/>
                  <SP HEIGHT="61" WIDTH="14" VPOS="1277" HPOS="1017"/>
                  <String HEIGHT="61" WIDTH="84" VPOS="1277" HPOS="975" CONTENT="in"/>
                  <SP HEIGHT="61" WIDTH="14" VPOS="1277" HPOS="1059"/>
                  <String HEIGHT="61"
                          WIDTH="210"
                          VPOS="1277"
                          HPOS="1003"
                          CONTENT="diuisibilibus"/>
               </TextLine>
               <TextLine ID="r2l59"
                         BASELINE="1386"
                         HEIGHT="62"
                         WIDTH="466"
                         VPOS="1324"
                         HPOS="723">
                  <String HEIGHT="62"
                          WIDTH="105"
                          VPOS="1324"
                          HPOS="708"
                          CONTENT="sit"/>
                  <SP HEIGHT="62" WIDTH="15" VPOS="1324" HPOS="813"/>
                  <String HEIGHT="62" WIDTH="90" VPOS="1324" HPOS="768" CONTENT="in"/>
                  <SP HEIGHT="62" WIDTH="15" VPOS="1324" HPOS="858"/>
                  <String HEIGHT="62"
                          WIDTH="180"
                          VPOS="1324"
                          HPOS="813"
                          CONTENT="potentia"/>
                  <SP HEIGHT="62" WIDTH="15" VPOS="1324" HPOS="994"/>
                  <String HEIGHT="62"
                          WIDTH="165"
                          VPOS="1324"
                          HPOS="948"
                          CONTENT="aliquid"/>
                  <SP HEIGHT="62" WIDTH="15" VPOS="1324" HPOS="1114"/>
                  <String HEIGHT="62"
                          WIDTH="135"
                          VPOS="1324"
                          HPOS="1054"
                          CONTENT="primum."/>
               </TextLine>
               <TextLine ID="r2l61"
                         BASELINE="1435"
                         HEIGHT="63"
                         WIDTH="501"
                         VPOS="1372"
                         HPOS="718">
                  <String HEIGHT="63"
                          WIDTH="172"
                          VPOS="1372"
                          HPOS="702"
                          CONTENT="Apparet"/>
                  <SP HEIGHT="63" WIDTH="16" VPOS="1372" HPOS="875"/>
                  <String HEIGHT="63"
                          WIDTH="157"
                          VPOS="1372"
                          HPOS="828"
                          CONTENT="igitur"/>
                  <SP HEIGHT="63" WIDTH="16" VPOS="1372" HPOS="984"/>
                  <String HEIGHT="63" WIDTH="94" VPOS="1372" HPOS="937" CONTENT="ex"/>
                  <SP HEIGHT="63" WIDTH="16" VPOS="1372" HPOS="1031"/>
                  <String HEIGHT="63"
                          WIDTH="125"
                          VPOS="1372"
                          HPOS="984"
                          CONTENT="hoc,"/>
                  <SP HEIGHT="63" WIDTH="16" VPOS="1372" HPOS="1109"/>
                  <String HEIGHT="63"
                          WIDTH="125"
                          VPOS="1372"
                          HPOS="1062"
                          CONTENT="quod"/>
                  <SP HEIGHT="63" WIDTH="16" VPOS="1372" HPOS="1188"/>
                  <String HEIGHT="63"
                          WIDTH="94"
                          VPOS="1372"
                          HPOS="1125"
                          CONTENT="pri"
                          SUBS_TYPE="HypPart1"
                          SUBS_CONTENT="primus"/>
                  <HYP CONTENT="-"/>
               </TextLine>
               <TextLine ID="r2l63"
                         BASELINE="1474"
                         HEIGHT="53"
                         WIDTH="493"
                         VPOS="1421"
                         HPOS="720">
                  <String HEIGHT="53"
                          WIDTH="111"
                          VPOS="1421"
                          HPOS="704"
                          CONTENT="mus"
                          SUBS_TYPE="HypPart2"
                          SUBS_CONTENT="primus"/>
                  <SP HEIGHT="53" WIDTH="16" VPOS="1421" HPOS="815"/>
                  <String HEIGHT="53"
                          WIDTH="143"
                          VPOS="1421"
                          HPOS="768"
                          CONTENT="motor"/>
                  <SP HEIGHT="53" WIDTH="16" VPOS="1421" HPOS="911"/>
                  <String HEIGHT="53" WIDTH="95" VPOS="1421" HPOS="863" CONTENT="no"/>
                  <SP HEIGHT="53" WIDTH="16" VPOS="1421" HPOS="959"/>
                  <String HEIGHT="53"
                          WIDTH="111"
                          VPOS="1421"
                          HPOS="911"
                          CONTENT="est"/>
                  <SP HEIGHT="53" WIDTH="16" VPOS="1421" HPOS="1022"/>
                  <String HEIGHT="53"
                          WIDTH="143"
                          VPOS="1421"
                          HPOS="974"
                          CONTENT="motu."/>
                  <SP HEIGHT="53" WIDTH="16" VPOS="1421" HPOS="1118"/>
                  <String HEIGHT="53"
                          WIDTH="159"
                          VPOS="1421"
                          HPOS="1054"
                          CONTENT="quoniam,"/>
               </TextLine>
               <TextLine ID="r2l66"
                         BASELINE="1523"
                         HEIGHT="55"
                         WIDTH="493"
                         VPOS="1468"
                         HPOS="726">
                  <String HEIGHT="55" WIDTH="95" VPOS="1468" HPOS="710" CONTENT="si"/>
                  <SP HEIGHT="55" WIDTH="16" VPOS="1468" HPOS="806"/>
                  <String HEIGHT="55"
                          WIDTH="143"
                          VPOS="1468"
                          HPOS="758"
                          CONTENT="motum"/>
                  <SP HEIGHT="55" WIDTH="16" VPOS="1468" HPOS="901"/>
                  <String HEIGHT="55"
                          WIDTH="191"
                          VPOS="1468"
                          HPOS="853"
                          CONTENT="cessabit"/>
                  <SP HEIGHT="55" WIDTH="16" VPOS="1468" HPOS="1044"/>
                  <String HEIGHT="55"
                          WIDTH="143"
                          VPOS="1468"
                          HPOS="996"
                          CONTENT="cito,"/>
                  <SP HEIGHT="55" WIDTH="16" VPOS="1468" HPOS="1139"/>
                  <String HEIGHT="55" WIDTH="80" VPOS="1468" HPOS="1092" CONTENT="&amp;"/>
                  <SP HEIGHT="55" WIDTH="16" VPOS="1468" HPOS="1171"/>
                  <String HEIGHT="55"
                          WIDTH="111"
                          VPOS="1468"
                          HPOS="1108"
                          CONTENT="moue"
                          SUBS_TYPE="HypPart1"
                          SUBS_CONTENT="mouetur"/>
                  <HYP CONTENT="-"/>
               </TextLine>
               <TextLine ID="r2l68"
                         BASELINE="1571"
                         HEIGHT="58"
                         WIDTH="503"
                         VPOS="1513"
                         HPOS="722">
                  <String HEIGHT="58"
                          WIDTH="107"
                          VPOS="1513"
                          HPOS="707"
                          CONTENT="tur"
                          SUBS_TYPE="HypPart2"
                          SUBS_CONTENT="mouetur"/>
                  <SP HEIGHT="58" WIDTH="15" VPOS="1513" HPOS="813"/>
                  <String HEIGHT="58" WIDTH="91" VPOS="1513" HPOS="768" CONTENT="ab"/>
                  <SP HEIGHT="58" WIDTH="15" VPOS="1513" HPOS="859"/>
                  <String HEIGHT="58"
                          WIDTH="168"
                          VPOS="1513"
                          HPOS="813"
                          CONTENT="aliquo,"/>
                  <SP HEIGHT="58" WIDTH="15" VPOS="1513" HPOS="981"/>
                  <String HEIGHT="58"
                          WIDTH="229"
                          VPOS="1513"
                          HPOS="935"
                          CONTENT="peruenietur"/>
                  <SP HEIGHT="58" WIDTH="15" VPOS="1513" HPOS="1164"/>
                  <String HEIGHT="58" WIDTH="91" VPOS="1513" HPOS="1118" CONTENT="ad"/>
                  <SP HEIGHT="58" WIDTH="15" VPOS="1513" HPOS="1210"/>
                  <String HEIGHT="58"
                          WIDTH="76"
                          VPOS="1513"
                          HPOS="1149"
                          CONTENT="pri"/>
               </TextLine>
               <TextLine ID="r2l70"
                         BASELINE="1618"
                         HEIGHT="46"
                         WIDTH="484"
                         VPOS="1572"
                         HPOS="720">
                  <String HEIGHT="46"
                          WIDTH="121"
                          VPOS="1572"
                          HPOS="703"
                          CONTENT="mum"/>
                  <SP HEIGHT="46" WIDTH="17" VPOS="1572" HPOS="824"/>
                  <String HEIGHT="46"
                          WIDTH="207"
                          VPOS="1572"
                          HPOS="772"
                          CONTENT="motorem,"/>
                  <SP HEIGHT="46" WIDTH="17" VPOS="1572" HPOS="979"/>
                  <String HEIGHT="46"
                          WIDTH="121"
                          VPOS="1572"
                          HPOS="927"
                          CONTENT="qui"/>
                  <SP HEIGHT="46" WIDTH="17" VPOS="1572" HPOS="1048"/>
                  <String HEIGHT="46"
                          WIDTH="121"
                          VPOS="1572"
                          HPOS="997"
                          CONTENT="non"/>
                  <SP HEIGHT="46" WIDTH="17" VPOS="1572" HPOS="1118"/>
                  <String HEIGHT="46"
                          WIDTH="156"
                          VPOS="1572"
                          HPOS="1048"
                          CONTENT="mouetur"/>
               </TextLine>
               <TextLine ID="r2l72"
                         BASELINE="1658"
                         HEIGHT="51"
                         WIDTH="502"
                         VPOS="1607"
                         HPOS="723">
                  <String HEIGHT="51" WIDTH="94" VPOS="1607" HPOS="707" CONTENT="&amp;,"/>
                  <SP HEIGHT="51" WIDTH="16" VPOS="1607" HPOS="801"/>
                  <String HEIGHT="51" WIDTH="94" VPOS="1607" HPOS="754" CONTENT="si"/>
                  <SP HEIGHT="51" WIDTH="16" VPOS="1607" HPOS="849"/>
                  <String HEIGHT="51"
                          WIDTH="235"
                          VPOS="1607"
                          HPOS="801"
                          CONTENT="perueniatur"/>
                  <SP HEIGHT="51" WIDTH="16" VPOS="1607" HPOS="1037"/>
                  <String HEIGHT="51" WIDTH="94" VPOS="1607" HPOS="990" CONTENT="ad"/>
                  <SP HEIGHT="51" WIDTH="16" VPOS="1607" HPOS="1084"/>
                  <String HEIGHT="51"
                          WIDTH="157"
                          VPOS="1607"
                          HPOS="1037"
                          CONTENT="motum,"/>
                  <SP HEIGHT="51" WIDTH="16" VPOS="1607" HPOS="1194"/>
                  <String HEIGHT="51"
                          WIDTH="110"
                          VPOS="1607"
                          HPOS="1147"
                          CONTENT="sed"/>
                  <SP HEIGHT="51" WIDTH="16" VPOS="1607" HPOS="1256"/>
                  <String HEIGHT="51" WIDTH="31" VPOS="1607" HPOS="1194" CONTENT=""/>
               </TextLine>
               <TextLine ID="r2l74"
                         BASELINE="1707"
                         HEIGHT="55"
                         WIDTH="495"
                         VPOS="1652"
                         HPOS="724">
                  <String HEIGHT="55"
                          WIDTH="105"
                          VPOS="1652"
                          HPOS="709"
                          CONTENT="est"/>
                  <SP HEIGHT="55" WIDTH="15" VPOS="1652" HPOS="814"/>
                  <String HEIGHT="55"
                          WIDTH="150"
                          VPOS="1652"
                          HPOS="769"
                          CONTENT="illud,"/>
                  <SP HEIGHT="55" WIDTH="15" VPOS="1652" HPOS="919"/>
                  <String HEIGHT="55"
                          WIDTH="120"
                          VPOS="1652"
                          HPOS="874"
                          CONTENT="quod"/>
                  <SP HEIGHT="55" WIDTH="15" VPOS="1652" HPOS="994"/>
                  <String HEIGHT="55"
                          WIDTH="135"
                          VPOS="1652"
                          HPOS="949"
                          CONTENT="mouet"/>
                  <SP HEIGHT="55" WIDTH="15" VPOS="1652" HPOS="1084"/>
                  <String HEIGHT="55"
                          WIDTH="105"
                          VPOS="1652"
                          HPOS="1039"
                          CONTENT="se,"/>
                  <SP HEIGHT="55" WIDTH="15" VPOS="1652" HPOS="1144"/>
                  <String HEIGHT="55" WIDTH="75" VPOS="1652" HPOS="1099" CONTENT="&amp;"/>
                  <SP HEIGHT="55" WIDTH="15" VPOS="1652" HPOS="1174"/>
                  <String HEIGHT="55"
                          WIDTH="105"
                          VPOS="1652"
                          HPOS="1114"
                          CONTENT="facit"/>
               </TextLine>
               <TextLine ID="r2l76"
                         BASELINE="1758"
                         HEIGHT="57"
                         WIDTH="500"
                         VPOS="1701"
                         HPOS="722">
                  <String HEIGHT="57"
                          WIDTH="136"
                          VPOS="1701"
                          HPOS="707"
                          CONTENT="ipsum"/>
                  <SP HEIGHT="57" WIDTH="15" VPOS="1701" HPOS="843"/>
                  <String HEIGHT="57"
                          WIDTH="212"
                          VPOS="1701"
                          HPOS="798"
                          CONTENT="quiescere,"/>
                  <SP HEIGHT="57" WIDTH="15" VPOS="1701" HPOS="1010"/>
                  <String HEIGHT="57"
                          WIDTH="182"
                          VPOS="1701"
                          HPOS="964"
                          CONTENT="sequitur"/>
                  <SP HEIGHT="57" WIDTH="15" VPOS="1701" HPOS="1146"/>
                  <String HEIGHT="57" WIDTH="91" VPOS="1701" HPOS="1101" CONTENT="ex"/>
                  <SP HEIGHT="57" WIDTH="15" VPOS="1701" HPOS="1192"/>
                  <String HEIGHT="57"
                          WIDTH="91"
                          VPOS="1701"
                          HPOS="1131"
                          CONTENT="illo"/>
               </TextLine>
               <TextLine ID="r2l78"
                         BASELINE="1802"
                         HEIGHT="53"
                         WIDTH="498"
                         VPOS="1749"
                         HPOS="723">
                  <String HEIGHT="53"
                          WIDTH="145"
                          VPOS="1749"
                          HPOS="707"
                          CONTENT="modo,"/>
                  <SP HEIGHT="53" WIDTH="16" VPOS="1749" HPOS="852"/>
                  <String HEIGHT="53" WIDTH="80" VPOS="1749" HPOS="803" CONTENT="&amp;"/>
                  <SP HEIGHT="53" WIDTH="16" VPOS="1749" HPOS="884"/>
                  <String HEIGHT="53" WIDTH="96" VPOS="1749" HPOS="835" CONTENT="ex"/>
                  <SP HEIGHT="53" WIDTH="16" VPOS="1749" HPOS="932"/>
                  <String HEIGHT="53"
                          WIDTH="129"
                          VPOS="1749"
                          HPOS="884"
                          CONTENT="isto"/>
                  <SP HEIGHT="53" WIDTH="16" VPOS="1749" HPOS="1012"/>
                  <String HEIGHT="53"
                          WIDTH="177"
                          VPOS="1749"
                          HPOS="964"
                          CONTENT="insimul"/>
                  <SP HEIGHT="53" WIDTH="16" VPOS="1749" HPOS="1141"/>
                  <String HEIGHT="53" WIDTH="96" VPOS="1749" HPOS="1092" CONTENT="vt"/>
                  <SP HEIGHT="53" WIDTH="16" VPOS="1749" HPOS="1189"/>
                  <String HEIGHT="53"
                          WIDTH="96"
                          VPOS="1749"
                          HPOS="1125"
                          CONTENT="pri"
                          SUBS_TYPE="HypPart1"
                          SUBS_CONTENT="primum"/>
                  <HYP CONTENT="-"/>
               </TextLine>
               <TextLine ID="r2l81"
                         BASELINE="1843"
                         HEIGHT="50"
                         WIDTH="498"
                         VPOS="1793"
                         HPOS="720">
                  <String HEIGHT="50"
                          WIDTH="103"
                          VPOS="1793"
                          HPOS="705"
                          CONTENT="mum"
                          SUBS_TYPE="HypPart2"
                          SUBS_CONTENT="primum"/>
                  <SP HEIGHT="50" WIDTH="15" VPOS="1793" HPOS="808"/>
                  <String HEIGHT="50" WIDTH="88" VPOS="1793" HPOS="764" CONTENT="in"/>
                  <SP HEIGHT="50" WIDTH="15" VPOS="1793" HPOS="852"/>
                  <String HEIGHT="50"
                          WIDTH="161"
                          VPOS="1793"
                          HPOS="808"
                          CONTENT="omnibus"/>
                  <SP HEIGHT="50" WIDTH="15" VPOS="1793" HPOS="969"/>
                  <String HEIGHT="50"
                          WIDTH="132"
                          VPOS="1793"
                          HPOS="925"
                          CONTENT="motis"/>
                  <SP HEIGHT="50" WIDTH="15" VPOS="1793" HPOS="1057"/>
                  <String HEIGHT="50"
                          WIDTH="103"
                          VPOS="1793"
                          HPOS="1013"
                          CONTENT="sit"/>
                  <SP HEIGHT="50" WIDTH="15" VPOS="1793" HPOS="1115"/>
                  <String HEIGHT="50"
                          WIDTH="103"
                          VPOS="1793"
                          HPOS="1072"
                          CONTENT="non"/>
                  <SP HEIGHT="50" WIDTH="15" VPOS="1793" HPOS="1174"/>
                  <String HEIGHT="50"
                          WIDTH="103"
                          VPOS="1793"
                          HPOS="1115"
                          CONTENT="moti."/>
               </TextLine>
            </TextBlock>
         </PrintSpace>
      </Page>
   </Layout>
</alto>
