1416 2066
210 189 138 50 motus
302 189 123 50 ergo
378 189 92 50 ab
424 189 123 50 illo
501 189 107 50 non
562 189 107 50 est
608 189 123 50 conti-

227 229 119 37 nuus.
306 229 79 37 Et
346 229 79 37 d.
385 229 93 37 Sed
438 229 93 37 est
491 229 93 37 hic
544 229 159 37 quaestio
650 229 79 37 dif-

218 269 180 37 ficilis.
353 269 135 37 motor
443 269 150 37 quidem
549 269 120 37 pont
609 269 120 37 mouere

223 303 184 43 continue,
364 303 85 43 i.
407 303 113 43 motu
477 303 170 43 continuo
605 303 127 43 vero.
690 303 71 43 &

224 341 98 37 hoc
280 341 98 37 non
336 341 98 37 sic
393 341 169 37 procedit
519 341 84 37 in
561 341 127 37 statu
632 341 98 37 mouen

232 376 94 50 di,
285 376 121 50 sicut
366 376 161 50 procedit
486 376 147 50 corpus,
593 376 107 50 quod
660 376 94 50 mo¬

230 413 106 55 uet
291 413 167 55 aliquid
412 413 213 55 expellendo
579 413 122 55 vnum
640 413 91 55 post

229 453 129 50 aliud,
320 453 78 50 i.
359 453 181 50 expulhionc
501 453 104 50 post
566 453 129 50 aliam.
656 453 104 50 quod

232 493 108 37 enim
299 493 149 37 innatum
407 493 95 37 est
461 493 95 37 sic
515 493 149 37 mouere,
623 493 95 37 non
664 493 68 37 mo-

227 529 83 42 uet
274 529 141 42 continue
380 529 71 42 in
416 529 83 42 rei
463 529 153 42 veritate,
581 529 83 42 sed
616 529 118 42 secundum

226 567 162 38 sensum,
344 567 177 38 verumtam
477 567 206 38 successinc
624 567 103 38 mouet

224 605 85 37 Et
266 605 99 37 hoc
323 605 211 37 intendebat,
492 605 99 37 cum
548 605 141 37 dixit:
646 605 70 37 &
661 605 70 37 sic

231 648 178 34 continuatio
373 648 95 34 eius
433 648 83 34 est
480 648 166 34 successio.
610 648 71 34 i.
646 648 59 34 &
658 648 71 34 com-

224 678 158 54 tinuatio
342 678 119 54 eius,
422 678 105 54 quae
487 678 145 54 videtur
593 678 132 54 sensu,
672 678 66 54 est

225 717 169 38 suecessio
355 717 117 38 vera.
433 717 169 38 D.icoepit
562 717 143 38 soluere
653 717 78 38 hanc

215 762 154 33 quaestionem
338 762 123 33 scilicet
431 762 113 33 quoniam
513 762 154 33 impossibile
636 762 72 33 est
667 762 62 33 ali-

223 796 121 41 quem
298 796 181 41 motorem,
434 796 106 41 qui
495 796 151 41 mouet,
585 796 151 41 continue

227 833 157 41 mouere,
341 833 71 41 &
370 833 86 41 d.
413 833 86 41 Ad
455 833 114 41 quod
527 833 100 41 est
570 833 157 41 dicendum,

232 869 126 50 quoniam
323 869 126 50 necesse
415 869 92 50 est,
472 869 80 50 aut
518 869 92 50 quod
575 869 114 50 semper
643 869 92 50 expel-

226 909 106 49 lat,
292 909 92 49 aut
345 909 171 49 attrahat,
476 909 92 49 aut
529 909 106 49 agat
582 909 145 49 vtrunque.

231 942 101 44 idest
298 942 123 44 quoniam
388 942 123 44 necesse
477 942 90 44 est,
533 942 112 44 posito
612 942 90 44 quod
657 942 78 44 motor

232 982 94 49 sit
285 982 147 49 corpus,
392 982 67 49 &
419 982 107 49 quod
486 982 121 49 mouet
566 982 107 49 motu
620 982 107 49 conti-

228 1020 112 47 nuo,
298 1020 112 47 quod
368 1020 140 47 semper
466 1020 168 47 expellat
592 1020 112 47 vnum
648 1020 84 47 post

228 1054 119 50 aliud,
311 1054 83 50 aut
359 1054 95 50 quod
418 1054 119 50 semper
501 1054 154 50 attrahat,
620 1054 83 50 aut
656 1054 71 50 quod

230 1094 150 51 aliquand
343 1094 163 51 expellat,
468 1094 163 51 aliquando
581 1094 150 51 attraliat:

228 1132 70 39 &
256 1132 98 39 hoc
312 1132 126 39 etiam
396 1132 154 39 semper.
508 1132 112 39 Post
578 1132 140 39 dixit:
662 1132 70 39 aut

227 1165 96 56 agat
287 1165 120 56 aliud,
371 1165 84 56 cui
419 1165 156 56 succedit,
539 1165 84 56 &c.
587 1165 72 56 i.
623 1165 84 56 aut
659 1165 72 56 quod

227 1212 144 32 motor,
327 1212 130 32 cuius
414 1212 130 32 motus
500 1212 216 32 existimatur
659 1212 72 32 ei-

228 1245 82 45 se
269 1245 191 45 continuus,
419 1245 95 45 sit
474 1245 164 45 plusquam
597 1245 123 45 vnum,
665 1245 68 45 qui

227 1283 169 39 mouebit
349 1283 107 39 rem
411 1283 138 39 motam
503 1283 230 39 successiue,
672 1283 61 39 vt

227 1317 160 53 diximus
344 1317 87 53 de
388 1317 116 53 motu
460 1317 175 53 lapidis.
577 1317 160 53 expellen-

233 1357 70 48 tis
273 1357 80 48 enim
323 1357 80 48 modi
372 1357 80 48 isti
422 1357 80 48 sunt
472 1357 119 48 scilicet
561 1357 70 48 aut
601 1357 80 48 quid
641 1357 80 48 separe

230 1403 103 39 tur
289 1403 88 39 ab
333 1403 177 39 expulso,
466 1403 74 39 &
495 1403 177 39 remaneat
613 1403 118 39 expul-

233 1437 98 37 sum
289 1437 84 37 in
331 1437 126 37 motu,
415 1437 98 37 aut
471 1437 112 37 quod
542 1437 98 37 non
584 1437 154 37 separetur

220 1468 74 51 ab
257 1468 111 51 illo.
331 1468 99 51 Post
392 1468 74 51 d.
429 1468 86 51 aer
479 1468 99 51 enim
540 1468 99 51 quia
602 1468 86 51 est
639 1468 86 51 aptus

233 1509 78 48 vt
272 1509 183 48 diuidatur,
416 1509 91 48 &c.
468 1509 78 48 i.
507 1509 65 48 &
533 1509 131 48 motus,
625 1509 91 48 qui
664 1509 65 48 fit

227 1548 108 46 per
288 1548 246 46 expulsionem,
488 1548 92 46 in
534 1548 108 46 qua
580 1548 154 46 expulsum

231 1583 95 43 non
286 1583 176 43 separatur
421 1583 81 43 ab
461 1583 203 43 expellente,
624 1583 95 43 non
664 1583 68 43 est

233 1628 175 38 continuus.
371 1628 88 38 sit
421 1628 100 38 enim
484 1628 88 38 aut
534 1628 75 38 in
571 1628 113 38 aere,
646 1628 88 38 aut
684 1628 50 38 in

230 1661 130 49 aqua.
316 1661 116 49 sed,
388 1661 116 49 quia
461 1661 116 49 aer,
533 1661 72 49 &
562 1661 116 49 aqua
619 1661 116 49 multum

234 1700 103 46 sunt
298 1700 103 46 apti
363 1700 77 46 ad
401 1700 193 46 diuisionem,
556 1700 64 46 &
569 1700 154 46 passionem,

230 1738 127 50 ideo
309 1738 159 50 mouent
421 1738 111 50 per
484 1738 127 50 suum
563 1738 143 50 motum
643 1738 79 50 il-

230 1772 112 51 lud,
300 1772 112 51 quod
370 1772 84 51 in
412 1772 98 51 eis
468 1772 154 51 mouetur
581 1772 112 51 motu
637 1772 84 51 inae

231 1813 129 53 quali,
322 1813 90 53 sed
373 1813 207 53 diuersimode.
541 1813 155 53 aptitudo
657 1813 103 53 enim

749 189 90 52 in
794 189 105 52 eis
854 189 90 52 ad
898 189 224 52 diuisionem,
1078 189 75 52 &
1093 189 164 52 passionem

747 230 119 36 non
815 230 119 36 est
883 230 154 36 eodem
986 230 137 36 modo
1071 230 102 36 in
1105 230 154 36 omnibus

752 265 101 49 suis
815 265 163 49 partibus.
941 265 75 49 Et
979 265 138 49 videtur
1079 265 101 49 quod
1142 265 88 49 hic
1180 265 75 49 ser-

754 309 85 37 mo
796 309 169 37 communis
923 309 99 37 est
979 309 169 37 omnibus,
1106 309 113 37 quae
1176 309 85 37 in
1205 309 56 37 me

749 340 95 48 dio
804 340 177 48 mouentur,
940 340 109 48 siue
1008 340 177 48 expellens
1131 340 123 48 separe-

750 380 95 46 tur
805 380 81 46 ab
845 380 162 46 expulso,
967 380 108 46 siuc
1034 380 108 46 non.
1102 380 95 46 Et,
1156 380 95 46 cum
1196 380 68 46 de-

749 414 103 44 dit
808 414 162 44 causam,
926 414 103 44 qua
985 414 132 44 motus
1073 414 162 44 expulsi
1190 414 103 44 non

750 453 88 48 est
800 453 163 48 aequalis,
925 453 125 48 dixit:
1012 453 88 48 sed
1062 453 188 48 impossibile
1200 453 63 48 est

750 491 148 48 secundum
861 491 148 48 vtrumque
972 491 123 48 modum,
1058 491 86 48 &c.
1107 491 74 48 i.
1144 491 62 48 &
1156 491 99 48 corpus

747 525 155 45 mouere
855 525 155 45 corpus
964 525 124 45 motu
1041 525 155 45 equali
1150 525 93 45 in
1181 525 78 45 rei

748 573 166 44 veritate
873 573 208 44 impossibile
1039 573 111 44 est:
1108 573 111 44 siue
1163 573 97 44 motor

756 605 92 37 sit
808 605 105 37 vnus
874 605 79 37 ex
913 605 131 37 initio
1005 605 118 37 motus
1084 605 118 37 vsque
1163 605 79 37 ad
1189 605 66 37 fi-

752 643 110 39 nem,
821 643 110 39 siue
890 643 151 39 plures:
1000 643 83 39 vt
1041 643 151 39 accidit
1151 643 83 39 in
1179 643 83 39 motu

755 679 159 42 apidis.
870 679 115 42 Nam,
942 679 101 42 cum
1000 679 202 42 posuerimus
1144 679 115 42 virtu-

750 723 105 39 tem
810 723 165 39 motoris
930 723 314 39 intransmutabilem,
1184 723 75 39 si-

747 757 161 49 militer
864 757 175 49 virtutem
996 757 161 49 illius,
1113 757 117 49 quod
1171 757 88 49 moue

750 795 99 47 tur,
812 795 186 47 impossibile
960 795 87 47 est
1010 795 87 47 hoc
1060 795 99 47 poni
1122 795 74 47 in
1159 795 99 47 illo
1208 795 50 47 me

749 829 109 53 dio,
818 829 82 53 in
859 829 96 53 quo
913 829 96 53 sit
968 829 123 53 motus
1050 829 150 53 propter
1146 829 109 53 diuer-

748 869 164 51 sitatem
867 869 164 51 partium
987 869 89 51 in
1031 869 179 51 aptione,
1151 869 104 51 quare

749 909 137 45 necesse
848 909 87 45 est
898 909 100 45 quod
960 909 125 45 status
1047 909 137 45 motoris
1147 909 100 45 apud
1197 909 62 45 il-

753 944 99 42 lud,
814 944 99 42 quid
876 944 148 42 mouetur,
987 944 222 42 diuersificetur
1173 944 74 42 in
1197 944 62 42 mo-

751 980 99 50 tu.
807 980 113 50 Post
878 980 155 50 induxit
991 980 240 50 conclusionem,
1174 980 85 50 quam

753 1021 170 45 intendit.
884 1021 79 45 D.
923 1021 144 45 inducet
1028 1021 144 45 causam,
1133 1021 92 45 qua
1185 1021 92 45 mo¬

750 1058 106 40 tus
810 1058 166 40 illius,
931 1058 121 40 quod
1006 1058 151 40 mouet,
1112 1058 75 40 &
1142 1058 106 40 non
1188 1058 75 40 mo-

755 1092 124 46 uetur,
841 1092 86 46 sit
891 1092 161 46 aequalis,
1014 1092 62 46 &
1039 1092 86 46 est
1088 1092 161 46 contraria
1199 1092 62 46 il-

751 1132 88 50 li,
802 1132 63 50 &
827 1132 75 50 d.
864 1132 163 50 Continuus
990 1132 125 50 igitur
1077 1132 113 50 solus
1153 1132 88 50 est
1190 1132 63 50 qui

752 1167 163 43 mouetur
871 1167 74 43 a
901 1167 104 43 non
960 1167 134 43 moto.
1049 1167 178 43 D.dendit
1168 1167 89 43 cau-

746 1206 98 48 sam
802 1206 84 48 in
844 1206 112 48 hoc,
913 1206 70 48 &
941 1206 84 48 d.
983 1206 167 48 quoniam,
1109 1206 98 48 cum
1150 1206 112 48 semper

748 1245 99 45 sit
804 1245 127 45 eodem
889 1245 127 45 modo,
973 1245 99 45 &c.
1030 1245 85 45 i.
1072 1245 127 45 motus
1142 1245 113 45 autem,

749 1278 100 52 qui
806 1278 100 52 sit
863 1278 72 52 a
892 1278 158 52 motore,
1007 1278 100 52 qui
1064 1278 100 52 non
1107 1278 143 52 mouetur,

752 1318 104 49 est
812 1318 208 49 continuus,
975 1318 74 49 &
1005 1318 134 49 vnus,
1094 1318 119 49 quia
1153 1318 104 49 motor

747 1357 146 37 eodem
844 1357 130 37 modo
926 1357 98 37 se
974 1357 146 37 habet
1072 1357 98 37 ad
1121 1357 114 37 rem
1170 1357 81 37 mo-

751 1393 114 41 tam,
822 1393 100 41 cum
879 1393 100 41 sit
937 1393 200 41 immobilis,
1094 1393 71 41 &
1108 1393 143 41 intraus-

750 1432 196 43 mutabilis:
904 1432 126 43 motor
988 1432 126 43 vero,
1073 1432 98 43 qui
1115 1432 140 43 mouetur,

750 1477 103 42 non
809 1477 133 42 eodem
898 1477 118 42 modo
971 1477 88 42 se
1015 1477 147 42 habet,
1118 1477 118 42 quia
1177 1477 74 42 mo-

753 1517 132 45 uetur:
845 1517 66 45 &
872 1517 106 45 ideo
938 1517 93 45 non
991 1517 146 45 aequali
1097 1517 106 45 motu
1150 1517 106 45 mouet.

793 1563 247 55 Determinatis
993 1563 139 55 autem
1085 1563 123 55 his,
1147 1563 108 55 mani-

746 1605 141 52 festum
845 1605 99 52 est
901 1605 113 52 quod
972 1605 212 52 impossibile
1141 1605 99 52 est
1183 1605 71 52 pri

743 1652 132 38 mum
819 1652 208 38 mouens,
970 1652 95 38 &
1008 1652 227 38 immobile
1159 1652 95 38 ha-

746 1693 149 50 bere
839 1693 204 50 aliquam
969 1693 279 50 magnitudinem.

749 1732 95 55 Si
797 1732 126 55 enim
876 1732 253 55 magnitudinem
1081 1732 158 55 habet,
1176 1732 79 55 ne-

756 1780 130 39 cesse
842 1780 101 39 est
900 1780 101 39 aut
958 1780 159 39 finitam
1074 1780 130 39 ipsam
1146 1780 101 39 esse.

747 1813 112 46 aut
811 1813 224 46 infinitam.
987 1813 128 46 Quod
1068 1813 160 46 igitur
1164 1813 96 46 infi
