1416 2066
160 181 196 58 Amplius,
307 181 164 58 quando
421 181 98 58 ex
470 181 131 58 aere
552 181 131 58 aqua
618 181 65 58 fa

176 221 91 45 cta
228 221 104 45 est,
293 221 129 45 perunt
383 221 129 45 locus.
474 221 91 45 non
526 221 104 45 enim
590 221 78 45 in
616 221 52 45 eo

177 266 105 52 dem
237 266 120 52 loco
312 266 105 52 est
371 266 120 52 quod
446 266 149 52 factum
551 266 105 52 est
595 266 90 52 cor-

165 308 138 54 pus,
251 308 138 54 quae
337 308 172 54 igitur
440 308 207 54 corruptios

199 357 87 61 Et
243 357 145 61 etiam,
345 357 102 61 cum
403 357 87 61 ab
447 357 116 61 aere
519 357 116 61 fiat
577 357 102 61 aqua,

171 405 176 63 destruetur
309 405 125 63 locus.
397 405 88 63 non
447 405 100 63 enim
510 405 88 63 est
548 405 125 63 possibi-

173 453 81 65 le
214 453 81 65 vt
255 453 136 65 corpus
350 453 122 65 fiens
431 453 95 65 sit
485 453 81 65 in
526 453 108 65 illo
580 453 95 65 eodem

174 501 132 68 loco.
262 501 117 68 quid
335 501 146 68 igitur
438 501 176 68 corrupit
555 501 117 68 ipsum:

207 573 88 49 Iste
262 573 99 49 sermo
328 573 121 49 videtur
416 573 88 49 esse
472 573 187 49 contradictio,
615 573 66 49 pro-

176 609 115 52 pria
247 609 201 52 dicentibus
405 609 129 52 locum
491 609 115 52 esse
549 609 129 52 formam.

173 652 80 46 et
213 652 160 46 intentio
332 652 120 46 huius
412 652 160 46 sermonis
532 652 93 46 est
572 652 106 46 talis.

179 687 65 44 &
205 687 130 44 etiam,
296 687 91 44 cum
348 687 169 44 dixerimus
479 687 117 44 locum
557 687 104 44 esse
609 687 65 44 for

173 726 123 44 mam,
249 726 77 44 &
280 726 215 44 posuerimus
449 726 138 44 aquam
541 726 138 44 fieri
618 726 61 44 ab

170 766 125 51 aere,
253 766 180 51 contingit
392 766 83 51 vt
433 766 125 51 locus
503 766 166 51 corrumpar-

177 805 88 52 qui
228 805 88 52 est
278 805 114 52 forma
354 805 126 52 aeris.
443 805 88 52 non
493 805 101 52 enim
557 805 88 52 est
595 805 88 52 possi

177 846 106 44 bile
243 846 79 44 vt
283 846 106 44 aqua
349 846 119 44 facta
428 846 93 44 sit
481 846 79 44 in
520 846 106 44 loco
573 846 106 44 aeris,

177 880 138 48 quoniam
278 880 113 48 forma
354 880 101 48 eius
416 880 88 48 est
467 880 101 48 alia
530 880 63 48 a
555 880 113 48 forma
618 880 50 48 ac

170 920 106 51 ris:
236 920 66 51 &
263 920 93 51 iam
316 920 146 51 diximus
422 920 106 51 quod
489 920 120 51 forma
569 920 93 51 est
609 920 66 51 lo-

172 964 110 38 eus:
241 964 179 38 contingit
379 964 138 38 igitur
475 964 193 38 dicentibus
612 964 69 38 hoc

175 1005 100 45 cum
232 1005 128 45 aliis
317 1005 256 45 impossibilibus
531 1005 114 45 dare
588 1005 85 45 cau-

180 1038 111 52 sam,
249 1038 124 52 prper
332 1038 111 52 quam
401 1038 124 52 debet
484 1038 124 52 locus
554 1038 124 52 corrum-

172 1084 83 42 pi
214 1084 83 42 in
255 1084 111 42 motu
324 1084 152 42 locali,
435 1084 124 42 sicut
518 1084 124 42 forma
587 1084 83 42 cor-

176 1117 140 49 rumpitur
282 1117 70 49 in
317 1117 187 49 generatione,
469 1117 140 49 scilicet
574 1117 82 49 cum
609 1117 70 49 aqua

178 1157 158 50 succedit
296 1157 118 50 aeri,
375 1157 66 50 &
401 1157 92 50 non
454 1157 171 50 generatur
585 1157 79 50 ex
611 1157 66 50 eo,

173 1190 70 56 &
201 1190 154 56 maxime,
313 1190 84 56 si
355 1190 126 56 locus
439 1190 140 56 fuerit
523 1190 154 56 aequalis.

179 1230 64 44 &
205 1230 141 44 accidit
307 1230 102 44 hoc,
371 1230 77 44 vt
410 1230 179 44 translatio
551 1230 90 44 sit
589 1230 77 44 cor-

170 1269 153 45 ruptio,
281 1269 69 45 &
309 1269 167 45 propria.
434 1269 83 45 Et
476 1269 97 45 pot
531 1269 111 45 esse
587 1269 83 45 con-

176 1308 178 41 tradictio
313 1308 192 41 dicentibus
464 1308 123 41 locum
546 1308 109 41 esse
601 1308 68 41 ma-

167 1347 148 42 teriam.
274 1347 67 42 &
301 1347 94 42 sic
355 1347 162 42 intentio
477 1347 108 42 erit
544 1347 135 42 talis.
639 1347 67 42 &

179 1386 86 52 etam
233 1386 96 52 notum
297 1386 86 52 est,
350 1386 128 52 quoniam,
447 1386 107 52 quando
521 1386 64 52 ex
553 1386 86 52 aere
596 1386 75 52 demon

179 1427 123 51 strato
265 1427 98 51 fiet
326 1427 111 51 aqua,
400 1427 98 51 quod
462 1427 111 51 locus
536 1427 111 51 aeris
597 1427 74 51 pri-

175 1468 110 49 mus
238 1468 235 49 corrumpitur
426 1468 110 49 per
488 1468 125 49 suam
551 1468 125 49 trans-

167 1507 210 47 mutationem
332 1507 90 47 ad
377 1507 135 47 locum
466 1507 150 47 aquae,
556 1507 120 47 factum

175 1542 120 50 primum
259 1542 144 50 scilicet
367 1542 84 50 per
415 1542 96 50 suam
475 1542 192 50 diuersitatem
631 1542 72 50 in

178 1581 185 47 quantitate.
326 1581 185 47 impossibile
474 1581 99 47 enim
536 1581 87 47 est
585 1581 74 47 vt
610 1581 62 47 cor

177 1620 92 51 pus
230 1620 132 51 factum
322 1620 92 51 sit
375 1620 79 51 in
414 1620 106 51 illo
480 1620 119 51 eodem
559 1620 119 51 loco,
625 1620 53 51 in

187 1667 87 44 quo
236 1667 100 44 fuit
299 1667 137 44 corpus,
399 1667 75 44 ex
436 1667 87 44 quo
486 1667 100 44 fit:
548 1667 100 44 nisi
598 1667 75 44 ali-

176 1699 89 47 quis
232 1699 100 47 dicat
298 1699 89 47 quod
354 1699 100 47 locus
421 1699 78 47 est
465 1699 67 47 ei
499 1699 134 47 secundum
588 1699 89 47 speem,

182 1741 78 45 non
226 1741 133 45 secundum
326 1741 133 45 numerum.
426 1741 67 45 &,
460 1741 78 45 cum
504 1741 78 45 ita
549 1741 89 45 sit,
604 1741 56 45 &
615 1741 56 45 lo-

170 1779 94 47 cus
223 1779 94 47 est
277 1779 147 47 materia
384 1779 174 47 continget
505 1779 174 47 dicentibus,

169 1821 87 52 vt
213 1821 160 52 materia
329 1821 218 52 corrumpatur
504 1821 116 52 apud
562 1821 116 52 corru-

175 1856 146 58 ptionem
281 1856 132 58 formae
373 1856 132 58 aeris,
466 1856 66 58 &
493 1856 172 58 gnationem
612 1856 66 58 for

695 172 86 58 mae
744 172 123 58 aquae,
830 172 98 58 quid
891 172 123 58 igitur
977 172 159 58 corrumpit
1087 172 123 58 ipsum:?l

699 213 60 53 &
723 213 144 53 materia,
831 213 168 53 declaratum
963 213 84 53 est
1011 213 96 53 quod
1071 213 108 53 neque
1131 213 60 53 est

699 253 215 53 generabilis,
873 253 121 53 neque
940 253 215 53 corruptibilis.

731 309 86 53 Ex
774 309 143 53 quibus
874 309 143 53 igitur
974 309 214 53 necessarium
1131 309 71 53 est

689 349 112 52 esse
759 349 154 52 aliquid
871 349 140 52 locum,
969 349 70 52 &
997 349 140 52 rursus
1095 349 84 52 ex
1123 349 70 52 qui

694 390 110 44 bus
757 390 203 44 dubitabit
913 390 156 44 vtique
1023 390 172 44 aliquis
1132 390 63 44 de

697 436 204 39 substantia
858 436 146 39 ipsius
959 436 146 39 dictum
1061 436 116 39 est.
1120 436 87 39 Post

690 477 123 45 haec
767 477 138 45 autem
859 477 231 45 accipiendum
1043 477 123 45 est,
1105 477 92 45 quot

693 515 134 48 modis
783 515 134 48 aliud
872 515 90 48 in
917 515 119 48 alio
977 515 90 48 est.

726 556 113 62 lam
791 556 162 62 igitur
904 556 243 62 numerauimus
1082 556 113 62 illa,

690 604 92 63 ex
736 604 153 63 quibus
843 604 168 63 apparet
965 604 123 63 quod
1042 604 138 63 locus
1118 604 77 63 de-

691 653 95 67 bet
746 653 109 67 esse
814 653 163 67 aliquid,
936 653 82 67 et
977 653 123 67 illa,
1059 653 82 67 ex
1086 653 109 67 quibus

688 700 206 62 dubitatur
847 700 95 62 in
894 700 238 62 substantia,
1084 700 79 62 &
1100 700 95 62 esse

695 753 132 57 eius.
784 753 88 57 Et
828 753 162 57 oportet
945 753 118 57 post
1019 753 162 57 narrare
1122 753 88 57 ali-

688 797 128 68 quid
768 797 128 68 esse
848 797 96 68 in
896 797 128 68 alio
976 797 192 68 secundum
1104 797 96 68 quot

688 847 144 51 modos
768 847 160 51 dicitur,

725 893 102 54 Cum
784 893 190 54 compleuit
930 893 175 54 seimones
1046 893 146 54 famosos,

695 933 78 54 ex
734 933 130 54 quibus
825 933 143 54 apparet
929 933 117 54 locum
1008 933 104 54 esse
1060 933 130 54 aliquid,

700 975 68 43 &
728 975 176 43 sermones,
863 975 95 43 qui
917 975 149 43 faciunt
1025 975 162 43 dubitare
1147 975 81 43 in

698 1013 103 44 suo
757 1013 132 44 esse,
845 1013 132 44 fecit
933 1013 264 44 rememorationem
1138 1013 59 44 de

695 1051 115 54 hoc,
766 1051 72 54 &
795 1051 172 54 narrauis
924 1051 143 54 illud,
1024 1051 72 54 a
1053 1051 100 54 quo
1096 1051 100 54 debet

694 1093 147 50 incipere
804 1093 74 50 de
841 1093 110 50 loco,
915 1093 61 50 &
939 1093 86 50 est
988 1093 147 50 secundum
1099 1093 98 50 quot
1148 1093 49 50 mo

698 1132 72 51 dos
739 1132 114 51 dicitur
822 1132 114 51 aliquid
904 1132 83 51 esse
956 1132 62 51 in
987 1132 93 51 alio:
1049 1132 114 51 quoniam
1122 1132 72 51 istis

694 1173 133 45 modis
783 1173 237 45 determinatis
975 1173 192 45 apparebit
1123 1173 104 45 mo

699 1212 81 47 dus,
750 1212 122 47 secundum
841 1212 81 47 quem
892 1212 112 47 dicitur
973 1212 112 47 aliquid
1055 1212 81 47 esse
1106 1212 61 47 in
1126 1212 71 47 loco,

698 1249 66 41 &
724 1249 211 41 dissoluentur
896 1249 132 41 plures
988 1249 145 41 quodnes
1080 1249 119 41 acciden

695 1286 90 44 tes
746 1286 77 44 in
785 1286 103 44 hoc.
849 1286 77 44 Et
887 1286 115 44 dixit
964 1286 77 44 in
1003 1286 192 44 substantia,
1157 1286 64 44 &

692 1323 89 45 esse
748 1323 100 45 eius.
814 1323 123 45 quoniam
903 1323 134 45 dubitare
1004 1323 67 45 in
1037 1323 89 45 esse
1093 1323 89 45 eius
1137 1323 56 45 ac-

692 1365 121 50 cidit
772 1365 108 50 apud
840 1365 269 50 consyderationem,
1068 1365 67 50 &
1095 1365 81 50 de
1122 1365 81 50 sub-

693 1403 132 59 stantia,
792 1403 55 59 &
814 1403 143 59 quiditate
924 1403 99 59 eius.
989 1403 77 59 per
1033 1403 88 59 illa
1088 1403 88 59 enim
1132 1403 66 59 quae

695 1443 219 50 existimantur
873 1443 123 50 primo
955 1443 150 50 aspectu
1064 1443 109 50 esse
1119 1443 82 50 sub-

697 1480 118 50 stantia
783 1480 96 50 loci,
847 1480 86 50 quia
901 1480 107 50 quando
976 1480 171 50 perserutatur
1115 1480 64 50 de
1137 1480 64 50 eis,

703 1518 169 48 videntur
830 1518 99 48 non
886 1518 113 48 esse
957 1518 198 48 substantia
1098 1518 99 48 eius,

690 1558 210 48 existimatur
858 1558 126 48 locus
942 1558 98 48 non
997 1558 112 48 esse
1053 1558 140 48 aliquid,

701 1605 99 53 Quot
762 1605 111 53 modis
837 1605 136 53 dicatur
935 1605 136 53 aliquid
1034 1605 99 53 esse
1096 1605 74 53 in
1121 1605 74 53 ali-

800 1651 173 47 quo.
908 1651 173 47 Cap.
995 1651 86 47 3.

760 1685 127 63 VNo
832 1685 181 63 igitur
959 1685 163 63 modo,
1068 1685 109 63 vt
1104 1685 91 63 di-

803 1729 153 51 gitus
905 1729 102 51 in
956 1729 153 51 manu,
1058 1729 85 51 &
1075 1729 119 51 omni-

803 1773 93 53 no
849 1773 124 53 pars
926 1773 93 53 in
973 1773 139 53 toto.
1066 1773 124 53 Alio
1128 1773 77 53 ve-

690 1814 108 44 ro,
751 1814 138 44 totum
843 1814 92 44 in
890 1814 200 44 partibus.
1043 1814 108 44 non
1105 1814 123 44 enim

689 1854 115 52 est
754 1854 180 52 praeter
885 1854 164 52 partes
1000 1854 164 52 totum,
1098 1854 98 52 Alio
