1416 2066
155 173 89 69 vt
200 173 118 69 siat
274 173 89 69 in
318 173 222 69 animalibus,
495 173 118 69 quid
555 173 118 69 igitur

169 224 156 65 prohibet
286 224 78 65 vt
325 224 91 65 hoc
377 224 91 65 sit
429 224 78 65 in
468 224 104 65 toto
533 224 117 65 etiam
598 224 78 65 squo

165 268 130 62 niam,
251 268 86 62 si
294 268 101 62 hoc
352 268 101 62 est
409 268 86 62 in
453 268 115 62 mudo
525 268 144 62 paruo,
611 268 72 62 est

168 317 140 61 etiam
261 317 93 61 in
307 317 155 61 magno.
416 317 93 61 &,
462 317 93 61 si
509 317 109 61 est
571 317 93 61 in
602 317 78 61 mun

174 363 89 55 do,
225 363 101 55 erit
288 363 114 55 etiam
364 363 76 55 in
402 363 165 55 infinito:
529 363 76 55 si
567 363 89 55 sit
605 363 76 55 pos-

169 420 166 46 sibile,
289 420 90 46 vt
335 420 196 46 infinitum
485 420 196 46 moueatur,
621 420 60 46 et

165 457 204 65 quiescat
318 457 204 65 secundum
453 457 136 65 totum.

208 517 120 51 Idest,
292 517 60 51 &
316 517 108 51 etiam
388 517 132 51 videmus
485 517 144 51 quaedam,
593 517 96 51 quae
641 517 48 51 mo

175 556 122 38 uentur,
264 556 122 38 postque
352 556 78 38 non
397 556 155 38 mouebantur
519 556 100 38 neque
574 556 111 38 secundum

174 593 109 49 totum,
250 593 98 49 neque
315 593 130 49 secundum
413 593 120 49 partem:
500 593 76 49 sed
544 593 130 49 secundum
631 593 54 49 to-

172 631 105 48 tum,
237 631 66 48 &
264 631 131 48 partes
355 631 183 48 quiescunt,
500 631 131 48 deinde
578 631 105 48 mouen-

174 669 100 37 tur.
236 669 100 37 D.d.
299 669 63 37 &
324 669 113 37 esset
399 669 200 37 necessarium,
561 669 88 37 &c.
611 669 75 37 i.
649 669 63 37 &

176 704 108 43 esset
248 704 192 43 necessarium,
404 704 72 43 si
439 704 84 43 sit
487 704 84 43 hic
535 704 108 43 motor
595 704 84 43 aeter

158 742 107 44 nus,
225 742 67 44 &
252 742 121 44 motus
332 742 174 44 aeternus,
466 742 81 44 vt
507 742 94 44 non
560 742 121 44 esset
627 742 54 44 mo

178 788 92 38 tus
231 788 132 38 nouus.
323 788 119 38 motus
402 788 106 38 enim
468 788 119 38 nouus
547 788 92 38 det
587 788 92 38 habe-

178 819 81 40 re
218 819 148 40 motorem
326 819 135 40 nouum.
420 819 121 40 immo,
501 819 67 40 &
527 819 94 40 est
568 819 121 40 necessa

179 856 87 50 rium
233 856 65 50 vt
266 856 98 50 omne,
331 856 87 50 quod
386 856 130 50 sentitur
483 856 152 50 quiescere,
592 856 87 50 quies-

184 891 103 47 ceret
252 891 126 47 semper:
344 891 57 47 &
367 891 103 47 omne,
435 891 92 47 quod
492 891 137 47 sentitur
584 891 103 47 moueri,

179 932 169 38 moueretur
309 932 143 38 semper.
413 932 91 38 Et,
464 932 91 38 cum
516 932 143 38 induxit
607 932 78 38 hanc

184 967 146 49 quodnem,
294 967 134 49 induxit
391 967 110 49 etiam
465 967 110 49 aliam
526 967 146 49 manifestio

181 1013 83 45 tem
228 1013 118 45 prima:
311 1013 59 45 &
335 1013 83 45 est
382 1013 94 45 hoc,
441 1013 94 45 quod
500 1013 130 45 apparet
594 1013 71 45 in
618 1013 59 45 ha-

179 1041 141 42 bentibus
285 1041 129 42 animas:
379 1041 94 42 quio
438 1041 94 42 enim
497 1041 71 42 in
532 1041 82 42 eis
579 1041 82 42 est
614 1041 71 42 dif-

182 1080 186 42 ficilioris
328 1080 239 42 dissolutionis.
527 1080 66 42 &
553 1080 80 42 d.
593 1080 80 42 Et
620 1080 66 42 hoc

170 1119 140 50 magis
264 1119 171 50 apparet
388 1119 93 50 in
435 1119 218 50 habentibus
591 1119 93 50 ani-

176 1156 81 39 mas.
226 1156 60 39 i.
257 1156 50 39 &
277 1156 71 39 hoc
317 1156 121 39 scilicet
408 1156 81 39 esse
458 1156 131 39 possibile
559 1156 60 39 vt
589 1156 91 39 motus
640 1156 40 39 si

178 1195 83 39 at,
226 1195 130 39 postque
320 1195 95 39 erat
380 1195 95 39 sine
439 1195 95 39 motu
498 1195 178 39 precedenti,
629 1195 59 39 est

176 1228 181 54 manifestius
321 1228 72 54 in
357 1228 169 54 habentibus
489 1228 133 54 animas,
586 1228 96 54 quae
634 1228 48 54 in

185 1269 203 37 arentibus.
344 1269 159 37 Videmus
459 1269 116 37 enim
532 1269 159 37 semina,
648 1269 72 37 &

170 1305 162 44 animalia
292 1305 176 44 quiescere
428 1305 108 44 sine
495 1305 135 44 aliquo
577 1305 108 44 inotu,

186 1348 141 47 postque
289 1348 193 47 mouebantur,
443 1348 90 47 non
494 1348 77 47 ex
533 1348 128 47 motore
610 1348 64 47 ex-

177 1389 165 41 trinseco,
304 1389 89 41 sed
355 1389 76 41 ex
393 1389 76 41 se
431 1389 89 41 per
482 1389 178 41 principium
609 1389 76 41 exis

176 1420 63 49 in
207 1420 83 49 eis,
259 1420 83 49 ita,
311 1420 83 49 quod
363 1420 156 49 existimatur
488 1420 83 49 quod
540 1420 73 49 per
582 1420 73 49 hoc
613 1420 73 49 prin-

183 1454 118 53 cipium,
269 1454 86 53 quid
323 1454 75 53 est
365 1454 64 53 in
398 1454 86 53 eis,
451 1454 118 53 possunt
537 1454 107 53 moueri
601 1454 86 53 onique

182 1494 69 49 &
210 1494 179 49 quiescere
348 1494 110 49 sine
417 1494 138 49 aliquo
500 1494 179 49 extrinseco-

181 1533 82 36 Et,
228 1533 82 36 cum
275 1533 105 36 dixit
345 1533 93 36 quod
403 1533 152 36 dubitatio
520 1533 70 36 de
555 1533 82 36 hoc
601 1533 70 36 in
625 1533 58 36 re-

182 1563 84 45 bus
230 1563 143 45 animatis
337 1563 84 45 est
385 1563 191 45 manifestior,
541 1563 84 45 qui
588 1563 72 45 in
612 1563 60 45 reb

179 1605 199 38 inanimatis,
338 1605 119 38 dedit
417 1605 132 38 causam
510 1605 79 38 in
550 1605 106 38 hoc,
616 1605 66 38 &
629 1605 53 38 d.

177 1644 76 38 hoc
221 1644 87 38 enim
275 1644 76 38 non
319 1644 131 38 videtar,
417 1644 76 38 &c.
460 1644 65 38 i.
493 1644 54 38 &
515 1644 131 38 habentia
602 1644 87 38 animas

180 1682 111 40 sunt
250 1682 222 40 manifestiora
430 1682 83 40 in
472 1682 111 40 hoc,
541 1682 111 40 quia
597 1682 83 40 vide

180 1721 102 41 mus
238 1721 87 41 ea
281 1721 174 41 incipere
412 1721 145 41 moueri
513 1721 116 41 sine
571 1721 116 41 aliquo

182 1765 178 29 extrinseco
322 1765 153 29 mouente,
437 1765 102 29 illa
500 1765 114 29 autem
576 1765 89 29 non
614 1765 64 29 mo-

183 1797 118 53 uentur,
269 1797 86 53 nisi
322 1797 107 53 quando
397 1797 118 53 mouerit
483 1797 64 53 ea
515 1797 118 53 aliquid
590 1797 96 53 extruim

697 181 111 45 secum.
775 181 122 45 videmus
864 181 89 45 enim
920 181 89 45 quod
975 181 111 45 motus,
1053 181 78 45 qui
1098 181 100 45 fiunt
1164 181 67 45 in

698 220 109 54 rebus
770 220 169 54 carentibus
903 220 121 54 anima,
988 220 97 54 quod
1048 220 97 54 sunt
1108 220 97 54 post
1157 220 48 54 mo

697 256 103 51 tus:
761 256 77 51 in
800 256 141 51 motibus
903 256 128 51 autem,
993 256 90 51 qui
1044 256 116 51 fiunt
1121 256 77 51 in
1147 256 64 51 ha-

706 296 143 47 pentibus
813 296 131 47 animas,
909 296 83 47 non
957 296 131 47 videmus
1052 296 95 47 quod
1112 296 95 47 ante
1159 296 48 47 ip

694 334 98 49 sos
750 334 98 49 est
806 334 126 49 motus
890 334 224 49 extrinsecus.
1073 334 84 49 Et
1101 334 98 49 appa-

697 370 85 40 ret
745 370 73 40 ex
782 370 97 40 hoc,
842 370 97 40 quod
903 370 97 40 quod
964 370 73 40 in
1000 370 170 40 carentibus
1121 370 85 40 anima

697 412 91 46 non
749 412 170 46 ordinatur
880 412 78 46 ex
919 412 104 46 hoc,
984 412 104 46 quod
1049 412 117 46 motus
1115 412 91 46 eorum

696 445 96 49 sit
751 445 68 49 a
778 445 137 49 motore
874 445 164 49 aeterno,
997 445 96 49 sed
1052 445 109 49 quia
1120 445 82 49 in
1148 445 68 49 qui

698 481 124 44 busdam
785 481 174 44 sentiuntur
921 481 112 44 motus
996 481 112 44 noui,
1070 481 124 44 absque
1145 481 62 44 eo,

702 525 92 39 quod
759 525 69 39 in
793 525 80 39 eis
839 525 149 39 sentiatur
953 525 103 39 motus
1022 525 103 39 entri
1091 525 114 39 secus.
1159 525 46 39 Et

707 558 129 44 vniversale
808 558 83 44 quod,
864 558 55 44 si
891 558 65 44 hoc
928 558 65 44 est
965 558 74 44 vnum
1011 558 92 44 eorum,
1076 558 74 44 quid
1113 558 92 44 intendit

694 592 85 51 per
742 592 97 51 hunc
803 592 158 51 sermonem,
924 592 97 51 quod
985 592 85 51 hoc
1033 592 97 51 non:
1094 592 97 51 est,
1142 592 73 51 nisi

704 637 66 31 de
737 637 121 31 motibus
825 637 77 31 per
869 637 121 31 naturam
957 637 132 31 scilicet
1057 637 88 31 duae
1101 637 110 31 mouentur

701 667 74 47 per
744 667 74 47 se,
786 667 74 47 per
829 667 181 47 sclinationem,
978 667 85 47 quae
1031 667 74 47 est
1074 667 64 47 in
1106 667 85 47 eis.
1159 667 74 47 Sed

698 713 144 40 apparet
803 713 79 40 ex
842 713 118 40 primo
921 713 144 40 sermone
1026 713 105 40 quod
1091 713 92 40 est
1130 713 79 40 qua-

698 747 109 46 stio
766 747 136 46 pdicta
862 747 82 46 ex
903 747 109 46 hoc,
971 747 109 46 quod
1039 747 123 46 motus
1107 747 95 46 eorum

697 780 122 38 fuerit
782 780 61 38 a
807 780 122 38 motore
892 780 146 38 aeterno.
1002 780 134 38 necesse
1099 780 85 38 est
1136 780 73 38 enim

697 821 132 45 ponere
789 821 145 45 motorem
895 821 159 45 aeternum
1014 821 119 45 esse.
1093 821 66 45 &
1120 821 79 45 in
1146 821 66 45 hoc

706 853 170 50 conueniunt
839 853 121 50 omnes.
924 853 85 50 sed
973 853 158 50 differunt
1082 853 121 50 consyde-

700 900 150 30 rantes
805 900 90 30 in
850 900 120 30 hoc,
925 900 135 30 vtrum
1016 900 150 30 primus
1106 900 105 30 motor

703 935 111 45 possit
781 935 111 45 mouere
859 935 156 45 quandoque,
981 935 56 45 &
1003 935 145 45 quandoque
1115 935 89 45 non,
1159 935 56 45 aut

705 965 80 49 est
750 965 183 49 impossibile,
899 965 80 49 sed
945 965 80 49 est
991 965 126 49 necesse
1082 965 69 49 vt
1105 965 103 49 semper-

697 1005 147 41 moueat.
804 1005 80 41 Et
844 1005 120 41 forte
924 1005 134 41 Arist.
1018 1005 161 41 intendit
1125 1005 80 41 duos

704 1044 129 47 modos
790 1044 172 47 quodnis.
919 1044 72 47 &
948 1044 201 47 propalauit
1091 1044 115 47 primum

705 1081 114 42 modum,
784 1081 57 42 &
807 1081 114 42 innuit
887 1081 137 42 secundum
989 1081 80 42 per
1035 1081 91 42 hoc,
1092 1081 91 42 quod
1149 1081 68 42 d.
1171 1081 46 42 Et

700 1120 99 53 hoc
756 1120 155 53 apparet
869 1120 141 53 magis,
968 1120 99 53 &c.
1025 1120 155 53 apparet
1123 1120 85 53 enim

703 1157 76 50 ex
741 1157 89 50 hoc
792 1157 140 50 sermone
894 1157 102 50 quod
957 1157 102 50 quod
1021 1157 178 50 contingens
1160 1157 76 50 in

704 1193 93 42 hoc
757 1193 93 42 est
810 1193 147 42 eiusdem
917 1193 147 42 generis
1024 1193 80 42 in
1051 1193 160 42 habentibus

705 1231 131 42 animas,
800 1231 60 42 &
824 1231 179 42 carentibus.
967 1231 83 42 sed
1015 1231 83 42 est
1050 1231 155 42 manifestior

705 1269 61 53 in
735 1269 142 53 habentibus
847 1269 122 53 scilicet
938 1269 81 53 quod
988 1269 132 53 incipiunt
1090 1269 101 53 moueri
1150 1269 51 53 si-

700 1309 77 44 ne
739 1309 129 44 aliquo
829 1309 116 44 motu,
906 1309 90 44 qui
958 1309 103 44 fiat
1022 1309 77 44 in
1061 1309 103 44 eis,
1113 1309 90 44 neque

702 1345 70 41 in
737 1345 104 41 toto,
807 1345 104 41 neque
876 1345 70 41 in
911 1345 116 41 perte.
993 1345 93 41 D.d.
1051 1345 81 41 hoc
1097 1345 93 41 enim
1155 1345 81 41 non

704 1382 138 49 videtsaer
810 1382 74 49 &c.
853 1382 64 49 i.
885 1382 53 49 &
906 1382 74 49 hoc
948 1382 95 49 magis
1012 1382 117 49 apparet
1097 1382 64 49 in
1118 1382 85 49 haben-

702 1420 104 50 tibus
772 1420 127 50 animas:
865 1420 93 50 quia
922 1420 81 50 non
969 1420 127 50 videmus
1061 1420 104 50 motum
1131 1420 69 50 in
1154 1420 58 50 eis

704 1457 72 41 ex
740 1457 167 41 extrinseco
871 1457 167 41 manifeste,
1003 1457 108 41 sicut
1075 1457 131 41 videtur
1158 1457 48 41 in

699 1499 184 47 carentibus
843 1499 131 47 anima.
935 1499 79 47 Et
975 1499 92 47 hoc
1027 1499 144 47 apparet
1119 1499 92 47 magis

695 1533 75 50 in
733 1533 176 50 carentibus
871 1533 126 50 anima,
959 1533 101 50 quia
1022 1533 101 50 ista
1085 1533 88 50 aut
1123 1533 88 50 mouen

699 1572 94 39 tur
752 1572 175 39 violente,
887 1572 94 39 aut
940 1572 215 39 naturaliter:
1115 1572 67 39 &
1128 1572 81 39 mani

703 1607 113 42 festum
782 1607 79 42 est
827 1607 90 42 quod
883 1607 102 42 motor
951 1607 68 42 in
985 1607 90 42 eis,
1042 1607 90 42 quae
1087 1607 124 42 mouentur,

712 1644 149 39 violente,
826 1644 80 39 est
872 1644 171 39 extrisecus:
1009 1644 57 39 &
1032 1644 80 39 non
1077 1644 126 39 accidit
1157 1644 46 39 in

702 1679 91 51 istis,
766 1679 73 51 quod
812 1679 110 51 scilicet
894 1679 55 51 ex
921 1679 73 51 modo
967 1679 64 51 hoc
1004 1679 110 51 scilicet
1086 1679 55 51 ex
1114 1679 64 51 quo
1141 1679 64 51 acci-

703 1719 67 43 dit
742 1719 58 43 in
771 1719 135 43 habentibus
876 1719 106 43 animas.
953 1719 58 43 In
982 1719 67 43 eis
1020 1719 96 43 autem,
1088 1719 77 43 quae
1126 1719 77 43 mouen-

703 1764 81 31 tur
750 1764 185 31 naturaliter,
900 1764 127 31 accidit
992 1764 104 31 quod,
1061 1764 69 31 si
1084 1764 127 31 idicentia

693 1797 149 38 istorum
802 1797 81 38 ad
842 1797 149 38 motorem
950 1797 189 38 extrisecum
1099 1797 95 38 est
1139 1797 68 38 ma
