1416 2066
163 180 124 54 portio
250 180 149 54 excessus
361 180 199 54 subtilitatis
523 180 112 54 aeris
585 180 87 54 super

168 221 184 54 subtilitatem
318 221 115 54 aquae.
399 221 58 54 &
422 221 92 54 ideo
479 221 115 54 dixit:
560 221 92 54 erit
606 221 69 54 igit

177 264 169 52 proportio
307 264 195 52 velocitatis
464 264 78 52 ad
490 264 182 52 velocitatem,

174 301 87 54 &c.
223 301 74 54 i.
260 301 149 54 sequitur
372 301 124 54 igitur
458 301 74 54 ex
496 301 111 54 istis
558 301 111 54 proponi

183 347 110 46 pus,
252 347 83 46 vt
293 347 179 46 proportio
431 347 207 46 velocitatis
583 347 96 46 motus

174 380 98 45 Ain
230 380 84 45 B,
272 380 84 45 ad
314 380 126 45 motum
398 380 112 45 eius
467 380 84 45 in
509 380 126 45 D,sit
579 380 98 45 sicut

171 424 172 48 proportio
303 424 159 48 excessus
422 424 211 48 subtilitatis
580 424 93 48 aeris

179 459 103 51 super
247 459 183 51 subtilitatem
396 459 114 51 aquae.
476 459 92 51 D.d.
533 459 80 51 ita
579 459 103 51 quod,
636 459 46 51 si

175 500 120 51 fuerit
259 500 131 51 duplum,
354 500 84 51 &c.
402 500 72 51 i.
438 500 96 51 ita,
498 500 96 51 quod
546 500 131 51 sequitur,

174 539 81 40 si
215 539 190 40 posuerimus
364 539 108 40 quod
432 539 95 40 aer
486 539 95 40 est
540 539 136 40 duplum
622 539 54 40 ad

172 580 123 39 aquam
254 580 82 39 in
295 580 218 39 subtilitate,
472 580 82 39 vt
513 580 95 39 res
567 580 109 39 mota
622 580 54 39 in

173 614 122 45 aqua
249 614 229 45 pertranseat
433 614 168 45 spatium
539 614 138 45 aequale

174 662 136 43 spatio,
272 662 99 43 quid
334 662 173 43 pertransit
469 662 74 43 in
506 662 99 43 aere
568 662 74 43 in
593 662 86 43 tempo

174 701 86 47 re
217 701 129 47 duplo
303 701 86 47 ad
346 701 158 47 tempus,
461 701 86 47 in
504 701 101 47 quo
548 701 129 47 pertran

182 734 81 53 sit
228 734 104 53 ipsum
297 734 69 53 in
331 734 104 53 aere.
400 734 115 53 tempus
481 734 127 53 igitur,
573 734 92 53 quid
619 734 58 53 est

182 773 75 53 C,
220 773 63 53 &
245 773 88 53 est
295 773 125 53 illud,
383 773 75 53 in
420 773 88 53 quo
471 773 175 53 pertransit
596 773 75 53 spa-

180 813 111 45 tium
249 813 97 45 res
305 813 111 45 mota
374 813 83 45 in
416 813 152 45 corpore
513 813 166 45 spissiori,

169 851 104 48 est
228 851 148 48 duplum
332 851 89 48 ad
377 851 148 48 tempus
480 851 89 48 H,
525 851 89 48 in
569 851 104 48 quo
614 851 59 48 mo

178 900 108 43 uetur
250 900 84 43 per
298 900 132 43 spatium
394 900 132 43 aequale
490 900 96 43 illi
550 900 72 43 in
574 900 96 43 corpo-

180 930 68 52 re
214 930 171 52 subtiliori,
350 930 91 52 quid
407 930 80 52 est
453 930 148 52 D.tardius
567 930 91 52 enim
612 930 57 52 sem

174 973 87 49 per
223 973 175 49 pertransit
361 973 100 49 idem
423 973 137 49 spatium
523 973 75 49 in
548 973 125 49 longiori

177 1009 142 54 tempore.
283 1009 59 54 &
307 1009 106 54 licet
378 1009 83 54 non
425 1009 153 54 expressit
543 1009 106 54 hanc,
602 1009 71 54 pro-

175 1045 159 55 portionem,
300 1045 148 55 itellecta
413 1045 102 55 tamen
482 1045 80 55 est
527 1045 68 55 ex
561 1045 91 55 ipso
607 1045 68 55 ser-

179 1093 136 46 mone.
270 1093 121 46 D.d.
346 1093 76 46 &
376 1093 152 46 quanto
482 1093 136 46 magis
558 1093 121 46 fuerit

174 1126 137 44 illud,
270 1126 164 44 mediante
393 1126 109 44 quo,
461 1126 96 44 &c.
516 1126 68 44 &
543 1126 96 44 hoc
584 1126 96 44 etiam

181 1164 185 52 manifestum
326 1164 93 52 est
379 1164 93 52 per
432 1164 93 52 se.
485 1164 93 52 Et,
538 1164 93 52 cum
577 1164 106 52 posuit

180 1204 92 46 has
233 1204 237 46 propositiones,
430 1204 171 46 coniunxit
562 1204 79 46 et
589 1204 92 46 aliam

181 1245 256 37 propositionem,
394 1245 71 37 &
423 1245 142 37 dixit:
522 1245 142 37 Vacuum
608 1245 71 37 ve-

176 1292 86 30 ro
219 1292 100 30 &c.
276 1292 86 30 i.
319 1292 143 30 vacuum
419 1292 114 30 vero
490 1292 143 30 nullam
576 1292 100 30 habet

173 1324 235 39 comparationem
366 1324 83 39 in
408 1324 207 39 subtilitate
573 1324 83 39 ad
601 1324 69 39 sub

162 1362 182 40 tilitatem
302 1362 182 40 corporis,
442 1362 168 40 mediante
568 1362 98 40 quo
610 1362 70 40 fit

177 1403 129 39 motus.
267 1403 77 39 &,
306 1403 90 39 cum
358 1403 129 39 dixit,
448 1403 129 39 nullam
538 1403 116 39 habet
603 1403 77 39 com.

171 1441 180 50 parationem
312 1441 77 50 ad
351 1441 141 50 corpus,
454 1441 154 50 intendit
569 1441 103 50 quod
621 1441 51 50 va

169 1479 107 54 cuum
235 1479 133 54 nullam
329 1479 120 54 habet
409 1479 240 54 comparationem,
595 1479 80 54 quae

176 1526 139 35 corpus
273 1526 139 35 medium
371 1526 153 35 excedit
482 1526 153 35 vacuum.
594 1526 83 35 v.
621 1526 56 35 g.

176 1558 71 44 in
212 1558 190 44 subtilitate.
367 1558 71 44 in
402 1558 107 44 vacuo
474 1558 95 44 enim
533 1558 83 44 non
581 1558 83 44 est
616 1558 60 44 sub

177 1600 143 42 tilitas,
285 1600 84 42 qua
332 1600 131 42 dicatur
428 1600 96 42 esse
488 1600 155 42 subtilius
595 1600 84 42 igne,

177 1644 109 48 v.g.
245 1644 95 48 aut
300 1644 123 48 aere.
382 1644 109 48 D.d.
450 1644 204 48 quemadmodum
613 1644 95 48 non

175 1676 125 46 habet
259 1676 250 46 comparationem,
467 1676 97 46 &c.
523 1676 83 46 i.
565 1676 70 46 &
579 1676 97 46 inter

176 1716 146 49 vacuum,
282 1716 66 49 &
309 1716 133 49 corpus
402 1716 133 49 medium
495 1716 93 49 non
548 1716 106 49 est,
601 1716 80 49 pro-

172 1753 131 51 Tortio,
268 1753 84 51 cum
315 1753 72 51 in
351 1753 120 51 vactio
435 1753 84 51 non
483 1753 84 51 est
519 1753 155 51 subtilitas,

174 1796 58 46 6
198 1796 81 46 est
244 1796 116 46 illud,
325 1796 139 46 secundum
429 1796 93 46 quid
487 1796 174 46 comparantur
614 1796 58 46 me-

173 1834 90 49 cia
225 1834 168 49 adinuicem
354 1834 78 49 in
393 1834 207 49 subtilitate,
561 1834 65 49 &
574 1834 103 49 spissi

169 1873 158 41 iudine:
283 1873 215 41 quemadmodum
455 1873 100 41 non
512 1873 100 41 est
555 1873 115 41 compa

694 181 123 44 ratio,
780 181 111 44 neque
854 181 160 44 proportio
977 181 74 44 in
1014 181 86 44 eo,
1063 181 99 44 quid
1125 181 99 44 noni
1174 181 37 44 l

697 228 82 38 est
744 228 106 38 vnum,
815 228 70 38 ad
850 228 117 38 illud,
932 228 94 38 quid
991 228 82 38 est
1037 228 141 38 numerus.
1131 228 59 38 nu-

693 263 104 50 meri
758 263 104 50 enim
823 263 196 50 comparantur
980 263 183 50 adinuicem,
1111 263 78 50 quia

699 307 119 32 conrcant
788 307 60 32 in
818 307 79 32 vno.
868 307 50 32 &
888 307 169 32 vniversaliter
1026 307 89 32 omnia
1086 307 79 32 duo,
1135 307 79 32 quae

699 341 77 38 non
743 341 164 38 communicant
874 341 66 38 in
907 341 98 38 eadem
972 341 120 38 natura,
1060 341 77 38 non
1093 341 98 38 hiabunt

696 381 224 51 comparationem
881 381 185 51 adinuicem,
1026 381 66 51 &
1052 381 92 51 hoc
1092 381 92 51 inten

697 420 137 50 lebat,
793 420 96 50 cum
848 420 137 50 dixit:
943 420 82 50 Si
984 420 137 50 igitur
1066 420 123 50 quatuor

693 460 161 37 excedunt
813 460 121 37 tria,
894 460 94 37 &c.
948 460 81 37 i.
988 460 67 37 &
1015 460 134 37 numeri
1095 460 94 37 exce-

697 498 98 48 dunt
758 498 74 48 se
795 498 159 48 adinuicem
917 498 86 48 per
966 498 159 48 vnitates,
1089 498 74 48 in
1113 498 74 48 qui-

699 532 76 46 bus
743 532 173 46 communicant,
883 532 98 46 illud
949 532 108 46 autem,
1024 532 65 46 in
1057 532 76 46 quo
1100 532 76 46 non
1133 532 54 46 est

690 578 124 40 vnum,
773 578 138 40 nullam
870 578 124 40 habet
953 578 235 40 comparationem
1133 578 55 40 ac

685 620 175 41 numerum.
816 620 73 41 &
846 620 189 41 similiter
991 620 146 41 illud,
1093 620 87 41 in
1122 620 73 41 quo

693 661 90 38 non
745 661 90 38 est
796 661 194 38 subtilitas,
952 661 129 38 nullam
1042 661 116 38 habet
1107 661 90 38 compa

689 692 168 38 rationem
815 692 84 38 ad
857 692 154 38 corpora
969 692 168 38 habentia
1081 692 112 38 subti-

692 733 142 51 litatem.
799 733 130 51 diuersa
894 733 95 51 enim
953 733 142 51 secundum
1060 733 119 51 magis,
1143 733 59 51 &
1155 733 47 51 mi

698 773 87 37 nus
747 773 173 37 necessario
883 773 186 37 communicant
1032 773 74 37 in
1069 773 111 37 eadem
1131 773 62 37 na-

697 813 106 49 tura.
768 813 94 49 D.d.
827 813 83 49 non
874 813 94 49 vnum
933 813 106 49 vero,
1004 813 83 49 &c.
1051 813 83 49 i,.
1099 813 94 49 quod
1146 813 59 49 au-

693 853 93 48 tem
746 853 133 48 fuerit
839 853 80 48 ex
879 853 160 48 entibus,
999 853 80 48 in
1038 853 93 48 quo
1092 853 93 48 non
1145 853 80 48 in

693 900 157 38 uenitur
807 900 129 38 vnum,
893 900 100 38 non
950 900 129 38 habet
1021 900 172 38 proportio-

694 930 90 48 nem
746 930 77 48 ad
784 930 128 48 illud,
874 930 77 48 in
912 930 90 48 quo
964 930 90 48 est
1015 930 116 48 vnum,
1092 930 90 48 qua
1131 930 64 48 ca-

702 968 90 42 lat
753 968 115 42 inter
830 968 103 42 illa
894 968 167 42 excessus.
1023 968 103 42 D.d.
1074 968 128 42 excedens

703 1008 88 54 enim
758 1008 77 54 &c.
802 1008 66 54 i.
835 1008 99 54 illud
901 1008 88 54 enim
955 1008 88 54 quid
1010 1008 121 54 dicitur
1087 1008 110 54 excedere

699 1046 146 45 aliquid,
809 1046 171 45 necessario
943 1046 159 45 diuiditur
1065 1046 122 45 illud,
1138 1046 61 45 per

697 1086 90 51 quod
753 1086 136 51 excedit,
855 1086 57 51 &
878 1086 68 51 in
911 1086 79 51 id,
957 1086 79 51 per
1002 1086 90 51 quod
1058 1086 136 51 excedit.
1149 1086 45 51 v.

694 1136 88 43 g.
738 1136 117 43 Quia
812 1136 161 43 quatuor
929 1136 176 43 excedunt
1061 1136 117 43 duo,
1120 1136 73 43 ne-

702 1164 114 50 cesse
778 1164 89 50 est
829 1164 76 50 vt
867 1164 178 50 diuidantur
1007 1164 76 50 in
1045 1164 101 50 duo,
1096 1164 101 50 quibus

688 1204 205 51 exceduntur,
853 1204 68 51 &
880 1204 82 51 in
921 1204 110 51 duo,
990 1204 110 51 quae
1044 1204 151 51 excedunt.

699 1245 87 52 cum
748 1245 125 52 igitur
836 1245 125 52 fuerit
923 1245 150 52 aliquid,
1035 1245 100 52 quod
1097 1245 87 52 non
1135 1245 62 52 di-

694 1285 135 47 uiditur
792 1285 74 47 in
829 1285 147 47 aliquid,
939 1285 61 47 &
964 1285 123 47 fuerit
1050 1285 123 47 aliud,
1123 1285 74 47 quid

701 1321 170 55 diuiditur
832 1321 78 55 in
871 1321 131 55 ipsum,
963 1321 92 55 non
1015 1321 144 55 dicetur
1120 1321 105 55 quod

694 1360 126 42 illud,
782 1360 101 42 quid
845 1360 163 42 diuiditur
971 1360 75 42 in
1009 1360 126 42 illud,
1084 1360 113 42 excedit

698 1399 107 52 illud,
773 1399 86 52 quid
827 1399 75 52 non
870 1399 150 52 diuiditur.
987 1399 64 52 v.
1020 1399 64 52 g.
1052 1399 118 52 quoniam
1127 1399 64 52 qua-

696 1439 94 52 tuor
755 1439 83 52 non
802 1439 130 52 dicitur
897 1439 142 52 excedere
1003 1439 142 52 aliquid,
1109 1439 71 52 in
1133 1439 59 52 quo

699 1478 84 44 non
747 1478 84 44 est
795 1478 108 44 vnum,
866 1478 143 44 quoniam,
974 1478 72 44 si
1010 1478 167 44 excederet,
1129 1478 72 44 tunc

694 1516 150 46 quatuor
804 1516 219 46 diuiderentur
981 1516 82 46 in
1022 1516 178 46 excessum,
1159 1516 68 46 &

701 1557 76 52 in
739 1557 126 52 illud,
828 1557 76 52 in
866 1557 88 52 quo
916 1557 88 52 non
967 1557 88 52 est
1017 1557 114 52 vnum.
1093 1557 101 52 quod
1144 1557 63 52 est

695 1597 238 52 impossibile.
889 1597 74 52 &
918 1597 104 52 hoc
978 1597 208 52 intendebat
1127 1597 74 52 cum

697 1637 131 49 dixit.
789 1637 105 49 ergo
854 1637 144 49 necesse
959 1637 92 49 est
1011 1637 79 49 vt
1051 1637 144 49 quatuor
1143 1637 52 49 di

695 1677 144 48 uidantur,
805 1677 77 48 &c.
850 1677 66 48 i.
883 1677 122 48 quoniam
971 1677 122 48 necesse
1059 1677 77 48 est
1104 1677 66 48 vt
1126 1677 66 48 qua-

699 1716 96 51 tuor
759 1716 168 51 diuidantur
891 1716 72 51 in
927 1716 120 51 illud,
1010 1716 84 51 per
1058 1716 96 51 quid
1106 1716 84 51 exce-

697 1754 98 49 dunt
758 1754 123 49 illud,
844 1754 74 49 in
881 1754 86 49 quo
930 1754 86 49 est
979 1754 110 49 vnum,
1052 1754 61 49 &
1077 1754 74 49 in
1101 1754 98 49 illud,

693 1797 83 37 in
735 1797 96 37 quo
790 1797 96 37 non
845 1797 96 37 est
900 1797 124 37 vnum.
982 1797 96 37 Et,
1037 1797 110 37 quia
1092 1797 110 37 propor

697 1833 103 42 tio,
761 1833 103 42 quam
825 1833 154 42 intendit
941 1833 179 42 declarare,
1082 1833 90 42 est
1120 1833 77 42 com-

693 1878 125 37 munis
776 1878 166 37 numeris,
901 1878 69 37 &
929 1878 139 37 aliis,
1026 1878 69 37 &
1054 1878 125 37 dedit
1123 1878 83 37 exem
