1416 2066
191 180 104 63 Et
243 180 157 63 recte
347 180 157 63 etiam
452 180 226 63 contingit
609 180 104 63 quod

202 229 220 66 infinitum
371 229 203 66 secundum
506 229 203 66 additionem

213 277 157 61 videtur
327 277 114 61 esse
398 277 214 61 impossibile
555 277 157 61 pertransi

207 325 109 61 re
261 325 163 61 omnem
370 325 236 61 mensuram,
534 325 181 61 secundum

204 372 135 65 autem
294 372 210 65 diuisionem
459 372 210 65 possibile.
610 372 105 65 mate-

208 420 107 57 ria
269 420 123 57 enim
346 420 214 57 continetur
514 420 153 57 intra,
621 420 77 57 &
636 420 77 57 est

207 469 90 62 res
259 469 168 62 infinita,
388 469 168 62 continens
517 469 90 62 aut
568 469 90 62 est
607 469 103 62 forma.

248 517 99 46 Cum
304 517 198 46 declarauit
460 517 113 46 quod
530 517 155 46 mensura
643 517 99 46 non

201 558 161 44 crescit
318 558 88 44 in
362 558 205 44 infinitum,
523 558 73 44 &
538 558 175 44 diminuitur

207 601 68 49 in
241 601 159 49 infinitum,
366 601 57 49 &
388 601 91 49 quod
445 601 102 49 causa
513 601 68 49 in
547 601 91 49 hoc,
604 601 91 49 quod
661 601 68 49 in

206 636 160 46 finitum
322 636 102 46 non
380 636 102 46 est
438 636 87 46 in
481 636 116 46 actu
554 636 102 46 est
597 636 116 46 forma,

205 676 65 37 &
231 676 78 37 in
270 676 105 37 hoc,
336 676 105 37 quod
401 676 170 37 infinitum
532 676 92 37 est
584 676 78 37 in
610 676 92 37 poten

211 716 86 47 tia
260 716 86 47 est
309 716 147 47 materia,
419 716 135 47 icoepit
517 716 172 47 declararel
640 716 74 47 com-

207 757 202 37 uenientiam,
368 757 121 37 eius,
449 757 108 37 quod
516 757 188 37 declarauit
651 757 67 37 cum

208 796 99 37 ista
269 796 123 37 causa,
356 796 62 37 &
380 796 123 37 dixit:
467 796 74 37 Et
503 796 111 37 recte
577 796 123 37 etiam,
651 796 62 37 &c.

205 829 76 45 i.
243 829 76 45 &,
281 829 89 45 cum
332 829 140 45 finitas
434 829 165 45 acciderit
561 829 89 45 rei
611 829 76 45 ex
637 829 76 45 for-

203 869 91 45 ma,
255 869 65 45 &
281 869 169 45 infinitas
411 869 78 45 ex
450 869 169 45 inateria,
579 869 117 45 recte
644 869 65 45 com

200 916 138 48 tingit
297 916 110 48 quod
366 916 179 48 magnitudo
503 916 96 48 non
558 916 138 48 possit
641 916 69 48 per

200 955 174 32 transire
330 955 130 32 omnem
417 955 174 32 mensuram
547 955 87 32 in
576 955 130 32 additio

200 988 79 47 ne,
245 988 135 47 quoniam,
346 988 67 47 si
380 988 79 47 hoc
425 988 112 47 esset,
503 988 90 47 tunc
560 988 101 47 esset
616 988 101 47 possibi

200 1024 87 42 le
243 1024 144 42 formam
344 1024 173 42 inuenire
474 1024 202 42 infinitam.
632 1024 72 42 &
661 1024 87 42 in

203 1063 138 56 telligo
303 1063 88 56 per
353 1063 100 56 hoc,
415 1063 100 56 quod
478 1063 113 56 dico,
553 1063 138 56 quoniam
640 1063 75 56 fora

206 1108 97 38 est
262 1108 125 38 causa
345 1108 250 38 terminationis,
554 1108 70 38 &
568 1108 139 38 continen

207 1141 116 53 tiae,
284 1141 193 53 impossibile
439 1141 90 53 est
491 1141 77 53 vt
529 1141 77 53 ex
568 1141 77 53 ea
594 1141 116 53 accidat

201 1188 106 30 non
262 1188 228 30 terminatio,
444 1188 76 30 &
474 1188 106 30 non
520 1188 197 30 continentia

203 1221 80 37 rei
248 1221 126 37 habenti
340 1221 126 37 formam.
431 1221 57 37 &
454 1221 149 37 similiter
568 1221 103 37 etiam
626 1221 91 37 contin

201 1261 94 48 git
254 1261 120 48 recte
334 1261 80 48 vt
375 1261 174 48 diminutio
508 1261 94 48 sit
562 1261 80 48 in
589 1261 120 48 infini-

198 1297 125 41 tum.
277 1297 141 41 causa
371 1297 125 41 enim
449 1297 251 41 diminutionis
637 1297 78 41 est

200 1336 163 51 materia,
323 1336 109 51 quae
391 1336 95 51 est
445 1336 191 51 terminata,
595 1336 95 51 non
636 1336 68 51 tel

195 1376 157 42 minans.
309 1376 71 42 &
337 1376 100 42 hoc
394 1376 214 42 intendebat,
565 1376 114 42 cui.
622 1376 86 42 idi-

202 1418 107 41 xit:
269 1418 147 41 materia
376 1418 121 41 enim,
456 1418 94 41 &c.
510 1418 80 41 i.
550 1418 80 41 &,
590 1418 107 41 quia
644 1418 67 41 ma-

200 1453 119 45 teria
279 1453 93 45 est
332 1453 172 45 terminata
465 1453 79 45 ab
504 1453 119 45 alio,
584 1453 93 45 non
624 1453 79 45 ter-

197 1493 140 49 minata
295 1493 84 49 in
337 1493 98 49 se,
393 1493 112 49 ideo
463 1493 98 49 non
519 1493 98 49 est
561 1493 154 49 impossibi

192 1533 74 45 le
229 1533 74 45 vt
266 1533 173 45 infinitas,
402 1533 99 45 quae
464 1533 87 45 est
514 1533 74 45 in
551 1533 161 45 potentia,
662 1533 50 45 ac

196 1573 126 48 cidat
280 1573 84 48 ex
322 1573 126 48 illa,
405 1573 98 48 non
461 1573 84 48 ex
503 1573 139 48 forma,
600 1573 98 48 qui
642 1573 70 48 est

195 1613 182 37 terminans.
338 1613 78 37 ex
377 1613 104 37 illa
442 1613 117 37 enim,
519 1613 78 37 si
558 1613 117 37 esset
623 1613 78 37 infi

190 1660 135 45 nitum,
285 1660 108 45 tunc
353 1660 176 45 possibile
488 1660 122 45 esset
570 1660 135 45 corpus
651 1660 54 45 in

196 1699 81 38 actu
246 1699 81 38 esse
297 1699 142 38 infinitum.
408 1699 51 38 &
429 1699 172 38 vniversaliter
570 1699 111 38 apparet
641 1699 61 38 quod

191 1730 187 49 infinitum
335 1730 101 49 est
392 1730 202 49 contrarium
536 1730 173 49 terminato.

224 1781 318 40 Rationabiliter
490 1781 159 40 autem
596 1781 88 40 &
614 1781 88 40 hoc

176 1820 111 45 in
231 1820 184 45 Numero
360 1820 184 45 quidem
489 1820 147 45 esse
563 1820 147 45 versus

181 1868 207 38 minimum,
336 1868 224 38 terminum,
508 1868 172 38 versus
612 1868 86 38 au

722 189 129 37 tem
795 189 166 37 plura
906 189 185 37 semper
1036 189 166 37 omnem
1128 189 111 37 exce

724 228 141 54 dere
813 228 300 54 multitudinem.
1060 228 106 54 in
1095 228 141 54 Magni-

733 269 211 45 tudinibus
895 269 130 45 vero
977 269 244 45 econtrario.
1156 269 81 45 ver

723 313 125 42 sus
794 313 142 42 enim
883 313 160 42 minus
990 313 160 42 omnem
1079 313 160 42 excede-

727 354 96 41 re
775 354 272 41 magnitudinem,
999 354 112 41 sed
1063 354 160 41 versus
1159 354 80 41 ma-

726 393 127 54 ius,
806 393 112 54 non
869 393 127 54 esse
949 393 255 54 magnitudinem
1140 393 96 54 infi

730 436 140 46 nitam.
828 436 126 46 causa
912 436 126 46 autem
996 436 112 46 est,
1065 436 154 46 quoniam
1163 436 84 46 vnum

734 476 105 54 est
794 476 256 54 indiuisibile,
1005 476 210 54 quodcunque
1155 476 90 54 vnum

726 517 132 53 sit.
808 517 99 53 vt
858 517 149 53 homo,
957 517 132 53 vnus
1039 517 149 53 homo,
1138 517 83 53 &
1155 517 83 53 non

730 572 149 38 multi.
834 572 164 38 numerus
954 572 134 38 autem
1043 572 104 38 est
1103 572 104 38 vna
1148 572 89 38 plu-

723 613 113 41 ra,
787 613 80 41 &
819 613 161 41 quanta
932 613 193 41 quaedam,
1077 613 145 41 quare
1158 613 80 41 ne-

732 644 127 51 cesse
817 644 99 51 est
873 644 127 51 stare
958 644 85 51 ad
1001 644 226 51 idiuisibile.
1170 644 71 51 duo

731 684 170 46 namque,
854 684 77 46 &
885 684 124 46 tria
963 684 248 46 denominatiua
1148 684 93 46 sunt

721 725 182 45 nomina:
854 725 215 45 similiter
1019 725 149 45 autem
1118 725 83 45 &
1135 725 99 45 alio

725 772 134 39 rum
802 772 250 39 numerorum
974 772 269 39 vnusquisque.

728 814 155 44 versus
837 814 140 44 autem
930 814 124 44 plus
1008 814 155 44 semper
1117 814 109 44 est
1179 814 93 44 in

725 852 207 59 telligere:
888 852 192 59 infinitae
1036 852 118 59 enim
1110 852 118 59 sunt
1169 852 74 59 bi-

732 899 245 47 partitiones
928 899 278 47 magnitudinis,
1140 899 98 47 qua-

722 939 95 51 re
770 939 191 51 potentia
913 939 159 51 quidem
1024 939 127 51 est,
1104 939 127 51 actu
1167 939 80 51 au-

729 980 113 46 tem
793 980 113 46 non
858 980 129 46 est:
939 980 113 46 sed
1003 980 161 46 semper
1100 980 145 46 excedit

721 1029 229 38 acceptum
893 1029 153 38 onem
969 1029 268 38 determinatam

721 1064 286 51 multitudinem.
957 1064 101 51 at
1007 1064 118 51 non
1058 1064 185 51 separabi-

731 1109 101 48 lis
788 1109 101 48 est
846 1109 159 48 numerus
961 1109 101 48 hic
1004 1109 231 48 bipartitionis,

724 1156 123 38 neque
806 1156 123 38 manet
888 1156 191 38 infinitas,
1039 1156 96 38 sed
1094 1156 109 38 fit,
1148 1156 96 38 sicut

732 1190 86 45 &
766 1190 188 45 tempus,
903 1190 86 45 &
937 1190 188 45 numerus
1057 1190 188 45 temporis.

777 1268 97 62 Et
825 1268 146 62 recte
922 1268 146 62 etiam
1020 1268 178 62 Numerus
1149 1268 81 62 i
1165 1268 81 62 pro

725 1317 141 53 cessu
819 1317 94 53 ad
867 1317 220 53 paucitatem
1039 1317 141 53 habet
1118 1317 126 53 finem,

722 1364 78 62 &
754 1364 94 62 in
801 1364 188 62 processu
942 1364 94 62 ad
989 1364 235 62 multitudine
1162 1364 78 62 sem

720 1422 126 49 per
792 1422 161 49 addit
899 1422 143 49 omni
989 1422 197 49 numero.
1132 1422 90 49 &
1150 1422 90 49 Men

726 1460 95 63 sura
786 1460 83 63 est
833 1460 167 63 econtrario
964 1460 143 63 scilicet
1071 1460 119 63 quonia
1155 1460 71 63 in
1178 1460 60 63 par

723 1508 187 62 uitatem
859 1508 238 62 pertransit
1045 1508 153 62 omnem
1130 1508 119 62 mensu

724 1557 140 62 ram,
811 1557 105 62 in
863 1557 262 62 magnitudine
1073 1557 157 62 autem
1160 1557 87 62 im-

723 1604 197 63 possibile
874 1604 106 63 est
935 1604 181 63 mensuram
1071 1604 121 63 esse
1131 1604 121 63 infini

730 1653 120 62 tam.
805 1653 75 62 &
835 1653 134 62 causa
924 1653 90 62 in
969 1653 105 62 hoc
1029 1653 120 62 est,
1104 1653 120 62 quia
1163 1653 90 62 unum

723 1701 108 62 est
784 1701 261 62 indiuisibile,
999 1701 215 62 quodcunque
1153 1701 92 62 vnum

733 1749 113 61 sit.
804 1749 85 61 v.
846 1749 85 61 g.
889 1749 128 61 homo,
974 1749 99 61 qui
1031 1749 99 61 est
1087 1749 113 61 vnus
1144 1749 85 61 hono

720 1797 113 66 non
784 1797 178 66 plures.
914 1797 81 66 &
946 1797 178 66 numerus
1075 1797 113 66 est
1124 1797 129 66 plures

726 1859 207 52 vnitates,
885 1859 80 52 &
917 1859 255 52 quantitates.
1108 1859 143 52 oportet
