1416 2066
162 176 98 50 tiones
231 176 118 50 scilicet
320 176 108 50 quoniam
399 176 89 50 illa,
458 176 79 50 quae
507 176 148 50 significant
615 176 79 50 nonia,

173 220 102 51 sunt
237 220 141 51 notiora
339 220 102 51 eis,
403 220 102 51 quae
467 220 141 51 signant
556 220 141 51 desiones.

175 261 111 48 D.d.
244 261 194 48 significat
397 261 111 48 enim
466 261 152 48 aliquid
563 261 125 48 vniuer-

178 292 82 55 sum,
229 292 72 55 &c.
270 292 61 55 i.
301 292 51 55 &
321 292 82 55 caus
372 292 72 55 ina
413 292 82 55 hoc,
465 292 82 55 quod
516 292 92 55 illa,
577 292 82 55 quae
618 292 72 55 signi

170 333 135 45 ficant
264 333 135 45 nonia,
358 333 108 45 sunt
426 333 148 45 notiora
520 333 175 45 defionibus,

175 373 100 44 est,
237 373 137 44 quoniam
337 373 112 44 nomen
412 373 87 44 est
462 373 137 44 aliquid
549 373 150 44 vniuersum,

178 409 68 41 &
206 409 95 41 est
260 409 109 41 spes
328 409 163 41 noniata:
450 409 68 41 &
477 409 122 41 illud
545 409 150 41 vniuersum

175 450 92 40 non
228 450 92 40 est
280 450 198 40 distinctum:
439 450 79 40 vt
479 450 92 40 hoc
531 450 119 40 nomen
598 450 92 40 circu

176 484 100 52 lus,
239 484 100 52 quid
302 484 176 52 significat
440 484 163 52 vniuersum
553 484 138 52 indistin-

177 525 113 48 ctum,
253 525 163 48 definitio
379 525 101 48 vero
441 525 113 48 eius,
517 525 101 48 quae
580 525 88 48 est
618 525 75 48 figu

180 562 78 49 ra
219 562 130 49 plana,
310 562 117 49 intra
388 562 104 49 quam
452 562 91 49 est
504 562 156 49 punctus,
621 562 65 49 a
634 562 65 49 qua

178 600 113 43 omnes
253 600 125 43 lineae
340 600 150 43 exeuntes
453 600 75 43 ad
478 600 213 43 circunferentiam

175 636 112 39 sunt
245 636 181 39 aequales,
384 636 98 39 est
440 636 181 39 vniuersum
566 636 126 39 distin-

176 677 125 45 ctum,
259 677 69 45 &
287 677 221 45 determinatum
467 677 97 45 per
522 677 180 45 elementa,
647 677 55 45 ex

179 716 108 44 quibus
255 716 173 44 constituitur
395 716 130 44 circulus
493 716 130 44 scilicet
590 716 108 44 genus,
666 716 54 44 &

181 753 135 41 deria.
275 753 67 41 &
302 753 94 41 hoc
356 753 202 41 intendebat,
517 753 94 41 cum
571 753 121 41 dixit
638 753 54 41 di

187 790 178 51 stinguitur
327 790 89 51 per
378 790 216 51 particularia.
555 790 114 51 vocat
619 790 76 51 enim

184 828 166 50 elementa
309 828 125 50 spes,
392 828 69 50 &
420 828 222 50 particularia
586 828 111 50 causas

175 864 197 51 indiuidui
327 864 197 51 vniuersi.
478 864 91 51 Et
524 864 137 51 dicit
600 864 91 51 quo-

188 901 123 55 quomodo.
280 901 113 55 quoniam
362 901 92 55 illa,
423 901 82 55 quae
475 901 164 55 significamst
598 901 102 55 scilicet

190 941 122 46 nomina
275 941 171 46 specierum,
409 941 195 46 assimilantur
556 941 146 46 vniversali

182 980 185 51 inquantum
324 980 170 51 continet
452 980 156 51 causas,
565 980 85 51 ex
593 980 114 51 quibus

181 1018 215 42 constituitur
355 1018 121 42 spes,
436 1018 67 42 &
463 1018 175 42 differunt
597 1018 81 42 ab
624 1018 67 42 eo,

182 1055 57 54 in
210 1055 57 54 eo
238 1055 75 54 quod
285 1055 132 54 vniversale
389 1055 113 54 continet
474 1055 85 54 spes.
531 1055 142 54 vniversalte
634 1055 57 54 ergo

189 1098 98 48 est
245 1098 154 48 aliquod
357 1098 182 48 vniuersum
498 1098 196 48 specierum:
652 1098 70 48 &

185 1132 120 53 illud,
269 1132 96 53 quod
329 1132 180 53 significant
473 1132 120 53 nonia,
557 1132 84 53 est
593 1132 108 53 aliquid

192 1170 198 48 vniuersum,
347 1170 156 48 diuisum
461 1170 127 48 autem
545 1170 85 48 in
574 1170 127 48 causas,

190 1208 83 43 ex
232 1208 138 43 quibus
328 1208 220 43 constituitur
507 1208 165 43 species.
617 1208 69 43 vni

195 1249 132 41 uersum
287 1249 106 41 vero
354 1249 79 41 in
393 1249 93 41 rei
446 1249 159 41 veritate
566 1249 93 41 est
605 1249 93 41 indi-

194 1289 165 46 iiduum,
314 1289 225 46 compositum,
480 1289 225 46 demonstratum:

193 1324 55 52 &
215 1324 144 52 similiter
326 1324 111 52 partes
403 1324 66 52 in
436 1324 77 52 rei
481 1324 144 52 veritate,
591 1324 89 52 quae
636 1324 66 52 sunt

194 1367 125 48 partes
282 1367 175 48 iudiuidui:
420 1367 63 48 &
445 1367 100 48 sunt
507 1367 125 48 illae,
595 1367 75 48 de
620 1367 75 48 qui-

182 1399 84 50 bus
230 1399 108 50 dixit
302 1399 96 50 quod
363 1399 96 50 sunt
423 1399 145 50 notiores
531 1399 72 50 in
567 1399 108 50 sensu
628 1399 72 50 quam

181 1437 147 44 causae.
287 1437 67 44 &
314 1437 80 44 ex
354 1437 107 44 hoc,
421 1437 107 44 quod
488 1437 120 44 istud
554 1437 147 44 vniuersum

185 1477 92 49 est
237 1477 131 49 notius
329 1477 105 49 apud
395 1477 131 49 sensum
486 1477 144 49 causis,
591 1477 92 49 est
630 1477 66 49 cau

189 1514 63 53 sa
220 1514 63 53 in
251 1514 84 53 hoc,
303 1514 84 53 quod
356 1514 157 53 vniversalia
481 1514 146 53 intellecta
596 1514 84 53 sunt
638 1514 52 53 no-

187 1556 97 39 tiora
252 1556 86 39 apud
305 1556 183 39 intellecundum
456 1556 86 39 quae
510 1556 86 39 suae
563 1556 107 39 partes
628 1556 75 39 intel

187 1593 125 40 lectae:
277 1593 91 40 siue
334 1593 102 40 illae
402 1593 113 40 partes
482 1593 91 40 sint
538 1593 102 40 spes,
606 1593 79 40 aut
640 1593 57 40 cau

192 1631 85 48 sae:
245 1631 53 48 &
267 1631 138 48 similiter
373 1631 74 48 est
415 1631 95 48 causa
478 1631 64 48 in
510 1631 85 48 hoc,
563 1631 85 48 quod
616 1631 74 48 res
648 1631 53 48 po-

186 1668 180 39 steriores
325 1668 83 39 in
366 1668 111 39 esse
435 1668 111 39 sunt
504 1668 166 39 notiores
615 1668 83 39 apud

189 1707 78 52 nos
233 1707 89 52 quam
289 1707 122 52 causae.
378 1707 67 52 Et
412 1707 122 52 quaeret
501 1707 122 52 aliquis
590 1707 89 52 quod
634 1707 67 52 hoc,

183 1744 90 42 quod
239 1744 113 42 dixit,
318 1744 90 42 quod
375 1744 102 42 illa,
442 1744 90 42 quae
499 1744 90 42 sunt
555 1744 102 42 primo
612 1744 90 42 euiden

185 1785 122 49 tiora
267 1785 109 49 apud
335 1785 109 49 nos,
403 1785 95 49 &c.
457 1785 68 49 &
484 1785 109 49 hoc,
552 1785 109 49 quod
607 1785 95 49 dixit

177 1821 132 53 post,
265 1821 73 53 &
294 1821 161 53 accidit
411 1821 102 53 hoc
470 1821 117 53 idem
543 1821 88 53 in
572 1821 132 53 nonibus

718 172 98 58 apud
779 172 208 58 definitiones,
950 172 86 58 non
999 172 98 58 sunt
1060 172 110 58 idem:
1121 172 110 58 quoniam

721 222 181 46 impossibile
866 222 85 46 est
914 222 109 46 ipsum
987 222 181 46 intelligere
1132 222 85 46 per
1169 222 60 46 res

715 260 152 38 mistas
821 260 213 38 compositas
989 260 198 38 indiuidua
1126 260 107 38 demon

720 296 144 51 strata:
824 296 91 51 cum
877 296 78 51 ex
916 296 117 51 istis
994 296 91 51 non
1046 296 183 51 procedatur
1177 296 52 51 ad

722 336 172 40 elementa,
854 336 66 40 &
880 336 172 40 principia
1013 336 198 40 intellecta:
1158 336 66 40 non

715 372 94 50 enim
774 372 94 50 sunt
833 372 118 50 partes
915 372 177 50 ?ssvniitri:
1056 372 82 50 sed
1092 372 141 50 proceditur

714 409 79 41 ad
753 409 118 41 illud
832 409 79 41 ex
871 409 131 41 specie
963 409 170 41 composita
1094 409 92 41 non
1146 409 79 41 ex
1173 409 52 41 in

722 444 155 55 diuiduo.
839 444 104 55 ergo
903 444 104 55 ista
968 444 91 55 est
1020 444 181 55 dispositio
1149 444 78 55 spe-

721 485 110 50 ciei
790 485 110 50 apud
859 485 110 50 suas
928 485 152 50 causas,
1039 485 69 50 &
1066 485 124 50 dispo
1135 485 97 50 eius,

725 527 102 47 quod
789 527 190 47 significant
941 527 114 47 nonia
1017 527 102 47 apud
1081 527 127 47 illud,
1157 527 76 47 quid

718 565 183 37 significant
864 565 208 37 definitiones,
1035 565 134 37 quomodo
1121 565 110 37 igitur,

709 603 168 47 posuit
827 603 118 47 hic
894 603 151 47 alium
995 603 168 47 modum?
1112 603 101 47 Ad
1146 603 84 47 hoc

718 645 126 41 autem
802 645 154 41 dicamus
914 645 112 41 quod
985 645 84 41 in
1027 645 126 41 primo
1097 645 126 41 sermone

721 674 117 40 fecit
799 674 222 40 comparationem
982 674 117 40 inter
1060 674 117 40 spes,
1139 674 65 40 &
1152 674 78 40 suas

719 712 113 50 causas
798 712 135 50 secundum
899 712 113 50 fidem,
978 712 56 50 &
1001 712 101 50 dixit
1068 712 90 50 quod
1125 712 90 50 spes
1170 712 56 50 com

723 749 156 50 positae
836 749 113 50 apud
907 749 99 50 nos
964 749 113 50 sunt
1035 749 170 50 notiores
1148 749 85 50 suis

727 789 126 51 causis,
818 789 57 51 &
841 789 92 51 quod
899 789 69 51 ex
933 789 103 51 istis
1002 789 161 51 speciebus,
1116 789 115 51 procedi-

717 828 102 52 mus
776 828 87 52 ad
819 828 218 52 cognitionem
994 828 174 52 causarum
1110 828 116 52 median

726 865 116 41 tibus
803 865 205 41 accidentibus
970 865 205 41 existentibus
1137 865 77 41 in
1163 865 64 41 eis

722 901 79 53 in
761 901 92 53 hoc
814 901 118 53 autem
892 901 144 53 sermone
997 901 118 53 fecit
1063 901 170 53 comparatio-

724 940 81 51 nem
771 940 104 51 inter
840 940 116 51 spees,
921 940 58 51 &
944 940 116 51 causas
1025 940 92 51 suas
1083 940 139 51 secundum
1175 940 58 51 ima

722 983 206 53 ginationem,
887 983 69 53 &
914 983 124 53 dixit
997 983 110 53 quod
1065 983 137 53 illud,
1148 983 82 53 quod

722 1017 192 53 ngnificant
873 1017 137 53 nonia,
969 1017 110 53 sunt
1037 1017 151 53 notiora
1147 1017 110 53 apud

721 1057 100 41 nos,
783 1057 87 41 qua
833 1057 125 41 illud,
920 1057 100 41 quod
982 1057 187 41 significant
1119 1057 112 41 defini-

719 1096 159 49 tiones.
834 1096 115 49 Sunt
906 1096 144 49 igitur
1007 1096 115 49 tres
1079 1096 115 49 modi
1137 1096 86 49 com-

725 1135 149 53 positionis
842 1135 127 53 scilicet
938 1135 149 53 compositio
1054 1135 117 53 speciei
1139 1135 64 53 ex
1160 1135 64 53 suis

722 1173 142 55 causis:
825 1173 64 55 &
851 1173 181 55 compositio
993 1173 142 55 generis
1096 1173 77 55 ex
1122 1173 103 55 specie

723 1212 108 39 bus:
790 1212 68 39 &
817 1212 149 39 vtraque
925 1212 149 39 istarum
1020 1212 203 39 compositionum

727 1258 84 40 est
775 1258 120 40 notiot
859 1258 96 40 apud
918 1258 179 40 intellectum
1062 1258 96 40 quae
1121 1258 96 40 suae
1169 1258 60 40 par

717 1293 110 45 tes:
786 1293 138 45 tertia
883 1293 96 45 aut
938 1293 193 45 compositio
1089 1293 96 45 est
1131 1293 96 45 compo

726 1325 106 43 sitio
797 1325 153 43 indiuidui
915 1325 71 43 ex
950 1325 94 43 suis
1010 1325 142 43 partibus
1104 1325 118 43 scilicet

723 1365 102 48 squae
791 1365 90 48 sunt
847 1365 136 48 secundum
949 1365 102 48 suius
1017 1365 170 48 qualitatem:
1152 1365 57 48 &
1163 1365 57 48 ist

720 1412 197 31 compositio
875 1412 99 31 est
931 1412 141 31 notior
1030 1412 113 31 apud
1086 1412 113 31 sensum

721 1444 104 38 suae
786 1444 143 38 partes:
890 1444 65 38 &
916 1444 78 38 eo
955 1444 104 38 quod
1019 1444 104 38 ista
1071 1444 156 38 compositio

727 1478 69 44 e
755 1478 138 44 notior
852 1478 111 44 apud
921 1478 152 44 sensum,
1031 1478 111 44 ideo
1101 1478 111 44 illi
1156 1478 69 44 duo

721 1520 121 45 modi
797 1520 258 45 compositionis
1009 1520 121 45 sunt
1069 1520 152 45 notiores

720 1556 99 38 apud
782 1556 223 38 intellecundum.
967 1556 74 38 Et
1004 1556 99 38 ideo
1066 1556 87 38 non
1116 1556 87 38 est
1153 1556 74 38 remo

722 1593 88 49 tum
773 1593 113 49 ipsum
848 1593 188 49 intelligere
998 1593 88 49 per
1048 1593 100 49 hoc,
1110 1593 100 49 quid
1160 1593 63 49 di-

728 1633 91 50 cit
780 1633 65 50 &
806 1633 117 50 illa,
883 1633 104 50 quae
948 1633 104 50 sunt
1013 1633 104 50 apud
1078 1633 91 50 nos
1116 1633 104 50 manife

721 1669 100 45 sta,
783 1669 100 45 sunt
845 1669 112 45 mista
920 1669 162 45 composita
1045 1669 150 45 secundum
1145 1669 75 45 duos

723 1709 118 49 modos
802 1709 224 49 compositionis
986 1709 158 49 scilicet
1091 1709 132 49 componem

717 1748 190 38 indiuidui,
867 1748 68 38 &
894 1748 163 38 componem
1016 1748 163 38 species:
1124 1748 95 38 indi-

725 1786 131 40 uiduum
816 1786 104 40 enim
882 1786 196 40 compositum,
1038 1786 117 40 licet
1117 1786 91 40 non
1156 1786 65 40 sit

724 1823 203 51 principium
883 1823 87 51 in
927 1823 174 51 doctriua
1043 1823 189 51 demtratiua,
