1416 2066
169 173 267 46 determinatum:
389 173 78 46 &
420 173 141 46 forma
514 173 110 46 est
562 173 126 46 deter-

181 221 128 46 minans
271 221 205 46 dimensiones,
437 221 64 46 &
463 221 154 46 materiam
565 221 128 46 scilicet

185 261 121 39 quae
260 261 105 39 dat
321 261 105 39 eis
381 261 196 39 terminum,
531 261 75 39 &
546 261 136 39 vltimum

193 297 81 53 v.
233 297 67 53 g
260 297 202 53 superficies
422 297 202 53 continentes
570 297 121 53 corpus.

187 333 63 45 &
213 333 88 45 sic
263 333 188 45 existimatur
413 333 100 45 quod
476 333 188 45 dimensiones
614 333 75 45 sunt

179 375 159 45 materia,
298 375 106 45 quia
364 375 185 45 conueniunt
510 375 79 45 in
550 375 106 45 hoc,
603 375 79 45 quod

185 413 249 38 determinantur
391 413 73 38 a
420 413 147 38 forma,
523 413 73 38 &
552 413 88 38 in
596 413 88 38 se
625 413 59 38 no

184 453 101 52 sunt
247 453 214 52 determinatae.
423 453 101 52 D.d.
486 453 151 52 quoniam,
599 453 88 52 cum
637 453 50 52 tu

181 492 143 46 auferes
285 492 65 46 a
311 492 156 46 materia,
428 492 117 46 &cae.
505 492 78 46 id
544 492 104 46 est,
609 492 65 46 &
622 492 65 46 est

188 531 147 39 necesse
295 531 80 39 vt
335 531 187 39 materiasit
482 531 161 39 dimensio
603 531 80 39 in
629 531 54 39 po

184 567 136 43 tentia.
283 567 148 43 quoniam,
394 567 87 43 cum
443 567 173 43 abstuleris
579 567 62 43 a
591 567 87 43 mate-

179 615 98 36 ria
235 615 167 36 vltimum,
360 615 70 36 &
388 615 167 36 figuram,
514 615 125 36 nihil
583 615 98 36 tema-

186 653 117 38 nebit
264 653 78 38 in
303 653 91 38 ea,
355 653 104 38 nisi
420 653 156 38 dimensio
537 653 91 38 non
576 653 104 38 deter-

183 685 129 52 minata,
277 685 141 52 scilicet
383 685 94 52 quae
442 685 82 52 est
489 685 118 52 corpus
571 685 71 52 in
595 685 94 52 poten-

183 724 98 46 tia.
244 724 74 46 &,
281 724 86 46 cum
330 724 123 46 saltem
416 724 208 46 deterntinatur
587 724 86 46 per
624 724 61 46 vl-

193 765 87 40 ima,
248 765 131 40 scilicet
346 765 76 40 per
389 765 174 40 superficies,
531 765 76 40 fit
574 765 109 40 corpus
639 765 44 40 in

186 811 116 32 actu.
263 811 77 32 Et
302 811 116 32 debes
379 811 116 32 scire
456 811 103 32 quod
521 811 116 32 vidit
585 811 103 32 Arist.

181 841 111 51 quod
250 841 166 51 dimensio
375 841 97 51 non
430 841 180 51 separatur
568 841 69 51 a
582 841 97 51 mate-

187 878 85 54 ria
235 878 207 54 imaginatione,
406 878 109 54 nedum
478 878 73 54 in
515 878 109 54 esse.
576 878 109 54 quoniam

180 925 146 47 quando
283 925 73 47 a
312 925 161 47 materia
429 925 205 47 auferuntur
576 925 102 47 super

185 958 144 44 ficies,
290 958 118 44 nihil
369 958 144 44 remanet
474 958 79 44 in
513 958 92 44 ea,
566 958 105 44 nisi
618 958 66 44 di-

187 997 155 47 mensio:
299 997 98 47 sed
356 997 112 47 ista
426 997 169 47 dimensio
552 997 84 47 in
595 997 84 47 ea
623 997 70 47 est

184 1037 93 45 in
230 1037 202 45 potentia:
385 1037 93 45 &,
432 1037 109 45 cum
478 1037 217 45 determinatur

187 1076 90 63 per
239 1076 206 63 superficies,
406 1076 90 63 fit
458 1076 155 63 dimensio
574 1076 77 63 in
600 1076 90 63 actu,

179 1125 123 43 ilicet
265 1125 135 43 corpus,
363 1125 62 43 &
388 1125 86 43 cum
437 1125 172 43 auferuntur
560 1125 123 43 superfi-

181 1156 124 53 cies,
264 1156 96 53 sit
319 1156 165 53 dimensio
443 1156 83 53 in
484 1156 179 53 potentia:
608 1156 83 53 ergo

182 1195 191 50 proprium
325 1195 111 50 est
389 1195 191 50 materiae
532 1195 95 50 vt
564 1195 127 50 habeat

184 1235 231 52 dimensionem
368 1235 92 52 in
415 1235 200 52 potentia.
569 1235 77 52 &
584 1235 108 52 locus

183 1285 149 34 antequam
295 1285 75 34 in
332 1285 75 34 eo
369 1285 137 34 existat
469 1285 149 34 locatum,
569 1285 125 34 secundum

184 1316 131 38 Arist.
276 1316 66 38 &
302 1316 79 38 in
341 1316 92 38 rei
394 1316 158 38 veritate
512 1316 92 38 est
552 1316 131 38 dimensio

173 1350 75 52 in
210 1350 162 52 potentia.
334 1350 62 52 &
359 1350 112 52 prper
434 1350 99 52 hanc
483 1350 199 52 similitudinem,

175 1392 88 42 ex
219 1392 190 42 istimauit
366 1392 132 42 Plato
454 1392 132 42 locum
542 1392 117 42 esse
600 1392 88 42 mate

178 1432 141 42 riam.
272 1432 110 42 Et,
335 1432 110 42 cum
398 1432 204 42 numerauit
538 1432 157 42 similitu

184 1471 130 55 dines,
275 1471 104 55 quae
340 1471 143 55 faciunt
445 1471 143 55 opinari
549 1471 117 55 locum
614 1471 78 55 esse

185 1509 181 44 materiam,
324 1509 139 44 dixit:
422 1509 84 44 Et
464 1509 112 44 ideo
534 1509 125 44 dixit
603 1509 84 44 Pla-

186 1550 92 41 to,
238 1550 92 41 &c.
291 1550 79 41 i.
330 1550 66 41 &
357 1550 118 41 prper
435 1550 105 41 hanc
488 1550 197 41 similitudinem

185 1590 127 43 inter
270 1590 141 43 locum,
368 1590 71 43 &
397 1590 169 43 materiam
510 1590 183 43 existimauit

187 1629 123 47 Plato
270 1629 123 47 locum
352 1629 110 47 esse
420 1629 178 47 materiam,
558 1629 82 47 vt
585 1629 96 47 inue-

186 1668 113 53 nitur
262 1668 75 53 in
300 1668 138 53 Timaeo.
400 1668 113 53 dicit
475 1668 101 53 enim
538 1668 126 53 illud,
614 1668 75 53 quod

180 1712 159 47 recipit
295 1712 217 47 mutationem,
469 1712 72 47 &
483 1712 203 47 successionem

174 1748 202 39 formarum,
330 1748 125 39 quod
408 1748 109 39 est
470 1748 187 39 materia,
595 1748 93 39 idem

180 1787 98 39 est
236 1787 98 39 cum
292 1787 125 39 loco,
375 1787 98 39 &c.
431 1787 70 39 &
459 1787 84 39 in
501 1787 98 39 hoc
557 1787 98 39 non
598 1787 84 39 dif-

185 1824 100 43 fert
247 1824 75 43 in
284 1824 100 43 suis
346 1824 125 43 libris
434 1824 62 43 a
458 1824 87 43 se,
508 1824 87 43 sed
558 1824 112 43 sermo
620 1824 75 43 eius

183 1862 194 60 diuersatur
336 1862 83 60 in
378 1862 208 60 definitione
530 1862 153 60 recipien

710 169 106 61 tis.
776 169 79 61 Et
816 169 159 61 narrauit
935 169 106 61 hoc,
1001 169 79 61 ne
1041 169 146 61 aliquis
1134 169 79 61 exi-

708 221 139 52 stimet
805 221 111 52 quod
875 221 194 52 diuersitas
1028 221 167 52 sermonis
1139 221 83 52 eius

711 260 80 47 in
751 260 200 47 definitione
911 260 200 47 recipientis
1071 260 93 47 est
1111 260 107 47 opinio

708 300 119 50 diuersa
794 300 65 50 in
827 300 75 50 hoc
870 300 129 50 scilicet
967 300 86 50 quod
1021 300 140 50 recipiens
1129 300 75 50 est
1161 300 54 50 lo-

713 337 99 50 cus
769 337 113 50 apud
840 337 141 50 ipsum.
938 337 85 50 Et
981 337 141 50 dixit:
1079 337 99 50 sed
1121 337 99 50 dispo

702 375 131 43 suit,
790 375 87 43 &c
834 375 87 43 i.
877 375 131 43 sermo
965 375 117 43 eius
1038 375 102 43 non
1081 375 146 43 diuersus

711 420 89 47 est
762 420 76 47 in
800 420 101 47 hoc,
863 420 101 47 quod
927 420 127 47 illud,
1015 420 101 47 quod
1079 420 139 47 recipit
1167 420 51 47 mu

707 453 208 38 tationem,
867 453 80 38 &
899 453 256 38 successionem
1091 453 128 38 forma-

707 493 94 45 rum
760 493 94 45 est
814 493 134 45 locus,
907 493 94 45 sed
961 493 187 45 diuersatur
1108 493 80 45 in
1135 493 80 45 hoc,

704 540 110 44 quia
773 540 83 44 in
814 540 138 44 Timaeo
911 540 152 44 definit
1021 540 165 44 recipies
1131 540 83 44 alio

701 570 120 53 modo
776 570 90 53 ab
821 570 105 53 eo,
881 570 105 53 quo
941 570 165 53 definit
1062 570 135 53 ipsum
1152 570 90 53 in

704 611 98 47 suo
760 611 140 47 libro,
858 611 98 47 qui
914 611 154 47 dicitur
1011 611 182 47 sinetitulo.

711 650 86 44 Et
754 650 202 44 similitudo
912 650 130 44 inter
999 650 144 44 locum,
1100 650 72 44 &
1114 650 101 44 mate-

705 689 102 41 riam
769 689 102 41 est,
833 689 140 41 quoniam
935 689 140 41 materia
1037 689 89 41 est
1075 689 140 41 subiectum

709 726 219 38 successionis
887 726 191 38 forinarum,
1037 726 68 38 &
1065 726 123 38 locus
1133 726 82 38 su

703 765 168 51 biectum
825 765 244 51 successionis
1023 765 198 51 corporum.
1160 765 46 51 &

704 805 98 54 ideo
765 805 184 54 existimatur
912 805 98 54 quod
973 805 110 54 locus
1047 805 86 54 est
1084 805 123 54 materia,

742 851 180 51 Dicunt
868 851 144 51 enim
958 851 162 51 omnes
1049 851 162 51 aliquid

706 893 129 57 esse
786 893 161 57 locum,
899 893 129 57 quid
980 893 145 57 autem
1076 893 129 57 est,
1141 893 80 57 hic

703 940 135 38 solus
793 940 195 38 aggressus
943 940 105 38 est
1003 940 165 38 dicere.
1108 940 105 38 Meri-

706 981 101 49 to
757 981 151 49 autem
858 981 101 49 ex
908 981 118 49 his
959 981 252 49 consyderanti-

708 1017 120 61 bus,
783 1017 195 61 videbitur
933 1017 150 61 vtique
1039 1017 120 61 esse
1099 1017 120 61 diffi-

705 1061 126 53 cile
784 1061 220 53 cognoscere
957 1061 126 53 quid
1035 1061 110 53 est
1082 1061 126 53 locus,

701 1106 213 48 siquidem
861 1106 160 48 horum
968 1106 213 48 vtrumuis
1110 1106 107 48 est,

705 1145 131 42 siue
787 1145 197 42 materia,
934 1145 131 42 siue
1016 1145 164 42 forma,
1115 1145 98 42 haec

706 1189 136 45 enim
791 1189 85 45 &
825 1189 238 45 altissimam
1011 1189 170 45 habent
1113 1189 102 45 spe-

708 1228 244 47 culationem
899 1228 87 47 &
934 1228 192 47 seorsum
1074 1228 87 47 a
1091 1228 122 47 sein-

707 1258 141 64 uicem
801 1258 110 64 non
864 1258 156 64 facile
973 1258 110 64 est
1036 1258 125 64 ipsa
1098 1258 110 64 cogno

687 1316 147 47 sceres.

750 1364 142 62 Omnes
845 1364 127 62 enim
924 1364 158 62 dicunt
1035 1364 142 62 locum
1114 1364 95 62 esse

701 1418 176 64 aliquid,
833 1418 117 64 quid
907 1418 132 64 autem
995 1418 103 64 sit
1054 1418 117 64 iste
1112 1418 103 64 solus

719 1467 99 56 vir
776 1467 142 56 voluit
875 1467 170 56 narrare.
1002 1467 85 56 Et
1045 1467 156 56 rectuio
1144 1467 71 56 est

712 1516 80 62 vt
752 1516 120 62 recte
831 1516 93 62 qui
885 1516 173 62 cosyderat
1018 1516 80 62 ex
1057 1516 133 62 istis,
1137 1516 80 62 exi-

708 1564 134 62 stimet
801 1564 188 62 difficile,
949 1564 80 62 vt
989 1564 121 62 sciat
1070 1564 121 62 locus
1137 1564 80 62 quid

701 1612 114 62 sit,
772 1612 85 62 si
815 1612 142 62 fuerit
914 1612 157 62 alterum
1028 1612 171 62 istorum,
1142 1612 71 62 aut

702 1661 153 61 forma,
809 1661 107 61 aut
870 1661 183 61 materia.
1007 1661 168 61 quoniam
1114 1661 107 61 cosy-

701 1709 147 69 derare
804 1709 88 69 de
848 1709 118 69 ipso
922 1709 162 69 inducit
1040 1709 88 69 ad
1069 1709 147 69 consyde-

707 1764 190 63 rationem
849 1764 221 63 vltimorum,
1023 1764 95 63 et
1071 1764 126 63 quia
1134 1764 79 63 co-

701 1811 152 57 gnitio
807 1811 167 57 istorum
928 1811 167 57 duorum,
1049 1811 152 57 alteru
1140 1811 76 57 ab-

708 1860 153 63 solutum
820 1860 70 63 a
847 1860 167 63 reliquo,
973 1860 98 63 non
1029 1860 98 63 est
1071 1860 139 63 facilis.
