1416 2066
186 164 98 46 mo,
242 164 98 46 qui
298 164 98 46 est
354 164 182 46 posterior
495 164 154 46 bipede,
607 164 70 46 &
621 164 84 46 ani-

200 205 124 49 mali,
283 205 193 49 accipiatur
435 205 83 49 in
476 205 207 49 definitione
628 205 83 49 bipe

198 245 100 49 dis,
260 245 62 49 &
285 245 162 49 animalis,
410 245 87 49 aut
459 245 100 49 homo
522 245 125 49 albus,
609 245 87 49 qui
647 245 62 49 est

203 292 175 38 posterior
337 292 108 38 albe
405 292 121 38 dine,
486 292 67 38 &
513 292 135 38 homie,
594 292 121 38 accipia

197 321 92 41 tur
249 321 78 41 in
288 321 196 41 definitione
445 321 131 41 homns,
537 321 65 41 &
550 321 157 41 albedinis,

200 358 141 52 quoniam,
306 358 70 52 si
341 358 82 52 ita
388 358 117 52 esset,
470 358 94 52 tunc
529 358 141 52 causatum
623 358 70 52 prae

198 398 157 45 cederet
312 398 157 45 causam.
427 398 100 45 Et,
484 398 100 45 cum
541 398 143 45 posuit
627 398 86 45 hanc

206 445 221 43 propositionem
388 445 156 43 dicentem
504 445 104 43 quod
569 445 143 43 animal,
673 445 65 43 &

201 482 99 44 bipes,
271 482 50 44 &
290 482 169 44 vniversaliter
429 482 79 44 lla,
479 482 79 44 quae
528 482 149 44 accipiuntur
647 482 60 44 in
667 482 40 44 de

196 517 230 37 finitionibus
382 517 144 37 rerum,
483 517 101 37 non
526 517 187 37 definiuntur

201 552 90 50 per
253 552 116 50 illas
330 552 103 50 res,
395 552 155 50 incoepit
511 552 129 50 facere
588 552 116 50 mentio-

194 593 106 41 nem
254 593 91 41 de
300 593 288 41 propositionibus
527 593 182 41 praedecla-

202 636 97 46 ratis
267 636 130 46 scilicet
364 636 86 46 quod
418 636 151 46 accidentia
537 636 65 46 su
570 636 65 46 nt
602 636 108 46 duobus
667 636 43 46 mo

206 668 95 47 dis.
265 668 83 47 est
313 668 95 47 enim
372 668 142 47 accidens
479 668 178 47 separabile,
621 668 59 47 &
633 668 71 47 inse

201 709 174 46 parabile.
334 709 67 46 &
361 709 80 46 in
401 709 174 46 definitic
534 709 120 46 nibus
601 709 107 46 insepa

202 750 154 44 rabilium
318 750 167 44 accipitur
446 750 128 44 illud,
536 750 77 44 de
575 750 90 44 quo
613 750 90 44 pran-

198 789 197 47 dicantur.
349 789 76 47 &
380 789 197 47 congredat
531 789 106 47 eas
592 789 106 47 cum
637 789 76 47 hac

200 814 245 57 propositione,
401 814 72 57 &
430 814 173 57 declarat
545 814 159 57 inducendo

198 862 87 44 ad
241 862 232 44 inconueniens
430 862 145 44 illud,
531 862 116 44 quod
589 862 116 44 inten-

205 901 90 46 debat
265 901 140 46 declarare,
375 901 120 46 scilicet
464 901 80 46 quod
514 901 110 46 animal,
594 901 50 46 &
614 901 90 46 bipes
664 901 50 46 non

203 948 175 42 praedicantur
345 948 66 42 de
378 948 110 42 homine
455 948 131 42 secundum
554 948 88 42 quod
608 948 88 42 sunt
652 948 44 42 ac

206 977 157 41 cidentia.
327 977 73 41 Et
363 977 121 41 dixit:
448 977 85 41 Et,
496 977 73 41 si
533 977 97 41 illa
593 977 97 41 sunt
642 977 61 41 ta-

200 1017 111 42 lia,
269 1017 97 42 &c.
325 1017 83 42 i.
366 1017 69 42 &
394 1017 97 42 cum
450 1017 125 42 istae
519 1017 194 42 propositones

208 1056 166 51 sintipositae
343 1056 125 51 scilicet
436 1056 83 51 quod
489 1056 83 51 homo
541 1056 73 51 non
582 1056 135 51 accipitur
676 1056 31 51 i

204 1094 193 53 definitione
359 1094 155 53 bipedis,
475 1094 64 53 &
501 1094 103 53 quod
552 1094 155 53 accidentia

202 1133 99 50 sunt
264 1133 124 50 duobus
351 1133 112 50 modis
425 1133 149 50 scilicet
537 1133 112 50 modo,
612 1133 87 50 quo
649 1133 62 50 non

203 1173 203 49 separantur
363 1173 73 49 a
392 1173 189 49 subiecto,
538 1173 73 49 &
567 1173 87 49 in
596 1173 116 49 quorum

205 1212 193 38 definitione
359 1212 167 38 accipitur
488 1212 180 38 subiectum,
629 1212 64 38 &
642 1212 64 38 mo-

200 1252 86 39 do,
249 1252 86 39 quo
298 1252 161 39 quandoque
422 1252 173 39 separantur
558 1252 62 39 a
570 1252 136 39 subiecto,

203 1285 204 45 manifestum
364 1285 102 45 est
422 1285 131 45 quod,
510 1285 102 45 cum
553 1285 146 45 posuerim

188 1326 100 49 quod
250 1326 137 49 animal,
349 1326 62 49 &
374 1326 112 49 bipes
449 1326 100 49 sint
511 1326 174 49 accidentia
635 1326 75 49 homi

197 1372 104 42 ni,
257 1372 74 42 &
286 1372 252 42 coniunxerimus
494 1372 104 42 eis
554 1372 104 42 has
598 1372 104 42 propo

207 1404 135 38 sitiones
308 1404 135 38 scilicet
409 1404 90 38 quod
465 1404 168 38 accidentium
600 1404 101 38 aliud
656 1404 56 38 est

205 1443 209 52 separabile,
372 1443 70 52 &
400 1443 125 52 aliud
483 1443 237 52 inseparabile,
664 1443 42 52 &

206 1481 101 49 quod
269 1481 75 49 in
307 1481 188 49 definitione
458 1481 214 49 inseparabilis
621 1481 88 49 acci-

207 1518 117 51 pitur
285 1518 182 51 subiectum,
428 1518 78 51 in
468 1518 91 51 quo
520 1518 104 51 est,
572 1518 143 51 sequetur,

204 1560 96 47 ex
252 1560 112 47 hoc
316 1560 176 47 alterum
444 1560 160 47 duorum
539 1560 176 47 impossibi

207 1597 105 50 lium.
277 1597 105 50 quia,
347 1597 70 50 si
382 1597 117 50 bipes,
464 1597 58 50 &
487 1597 117 50 animal
569 1597 128 50 fuerint
651 1597 58 50 ac-

204 1634 181 40 cidentium
343 1634 236 40 separabilium,
537 1634 167 40 sequitur
648 1634 56 40 ho

203 1669 101 53 minem
270 1669 90 53 esse
327 1669 146 53 quandoque
439 1669 79 53 non
484 1669 124 53 animal,
574 1669 56 53 &
585 1669 124 53 quandoque

207 1709 95 52 non
262 1709 163 52 bipedem,
384 1709 82 52 si
425 1709 109 52 vero
479 1709 231 52 inseparabilium,

204 1748 162 38 sequitur
325 1748 81 38 vt
366 1748 108 38 homo
433 1748 189 38 accipiatur
582 1748 81 38 in
609 1748 95 38 defi-

201 1796 140 38 nitione
303 1796 165 38 animalis,
430 1796 64 38 &
456 1796 153 38 bipedis:
570 1796 64 38 &
583 1796 127 38 vtrunque

206 1824 78 43 est
250 1824 167 43 impossibile
384 1824 167 43 impossibile
518 1824 89 43 enim
574 1824 78 43 est
619 1824 67 43 vt
641 1824 67 43 homo

728 164 110 45 sit,
797 164 69 45 &
825 164 138 45 careat
922 164 124 45 vita.
1004 164 69 45 &
1032 164 207 45 impossibile
1184 164 69 45 est

731 206 105 44 etam
797 206 79 44 vt
836 206 105 44 homo
902 206 184 44 accipiatur
1047 206 79 44 in
1073 206 171 44 definitione

728 244 162 39 bipedis,
850 244 95 39 sed
904 244 95 39 est
958 244 95 39 est
1012 244 176 39 conuerso.
1147 244 81 39 &,
1174 244 68 39 cum

730 285 115 51 istud
807 285 192 51 impossibile
961 285 167 51 sequitur,
1089 285 77 51 si
1115 285 128 51 posueri-

725 332 95 31 mus
780 332 109 31 quod
848 332 136 31 bipes,
943 332 68 31 &
971 332 136 31 animal
1066 332 109 31 sint
1120 332 123 31 acciden

726 359 147 44 tialin
829 359 162 44 homine.
947 359 118 44 ergo
1020 359 206 44 manifestum
1167 359 74 44 est

732 401 101 52 quod
796 401 88 52 non
846 401 101 52 sunt
909 401 177 52 accidentia
1048 401 76 52 in
1086 401 88 52 eo.
1137 401 101 52 D.d.
1187 401 51 52 Et

732 437 59 51 si
762 437 98 51 bipes,
830 437 49 51 &
850 437 108 51 animal,
928 437 69 51 &c.
967 437 59 51 i.
997 437 59 51 si
1026 437 98 51 bipes,
1095 437 49 51 &
1114 437 108 51 animal,
1183 437 49 51 qua

726 476 202 38 accipiuntur
887 476 81 38 in
927 476 202 38 definitione
1089 476 135 38 entis,
1170 476 67 38 ac-

729 517 137 37 cidunt
825 517 137 37 alicui
921 517 164 37 subiecto
1044 517 137 37 alteri
1139 517 82 37 ab
1167 517 68 37 ho-

727 553 98 49 mine,
792 553 65 49 ex
825 553 87 49 eis,
880 553 87 49 quae
934 553 163 49 pEedicantur
1065 553 65 49 de
1097 553 120 49 homine,
1174 553 65 49 quem

731 592 174 52 posuimus
862 592 160 52 similem
978 592 116 52 enti
1051 592 116 52 apud
1124 592 116 52 eos,
1196 592 73 52 &

723 629 115 45 ista
794 629 215 45 accipiuntur
966 629 86 45 in
1010 629 215 45 definitione
1167 629 72 45 ho-

729 669 125 45 minis,
816 669 174 45 manifestum
953 669 87 45 est
1002 669 137 45 quoniam
1102 669 75 45 ex
1139 669 87 45 hoc
1177 669 62 45 se-

727 714 126 47 quitur
816 714 76 47 vt
854 714 126 47 honio,
942 714 88 47 qui
992 714 88 47 est
1043 714 139 47 similis
1144 714 101 47 enti
1194 714 38 47 i

727 756 180 38 positione,
869 756 90 38 sit
920 756 167 38 accidens:
1049 756 64 38 &
1075 756 90 38 sic
1126 756 103 38 vnum
1178 756 64 38 ens

725 786 111 53 apud
794 786 97 53 eos
850 786 111 53 erit
919 786 180 53 accidens,
1057 786 97 53 non
1099 786 138 53 substan-

726 823 113 50 tia,
796 823 113 50 quod
867 823 99 50 est
923 823 141 50 contra
1022 823 169 50 positum.
1148 823 85 50 Et
1177 823 56 50 ab

732 861 196 45 preuiatio
883 861 151 45 summae
989 861 151 45 istius
1079 861 151 45 sermonis

728 908 82 39 est.
779 908 112 39 quoniam
861 908 92 39 illa,
922 908 82 39 quae
973 908 153 39 accipiuntur
1095 908 61 39 in
1116 908 112 39 definitio

726 941 82 46 ne
767 941 136 46 entis,
863 941 95 46 aut
917 941 123 46 erunt
999 941 82 46 de
1040 941 136 46 natura
1122 941 109 46 entis,

721 981 92 37 aut
773 981 118 37 erunt
852 981 197 37 accidentia:
1009 981 79 37 si
1049 981 118 37 autem
1114 981 118 37 acciden

727 1021 105 37 tia,
792 1021 92 37 aut
845 1021 170 37 subiectum
975 1021 118 37 eorum
1054 1021 105 37 erit
1119 1021 105 37 ens,
1172 1021 65 37 aut

729 1056 107 53 aliud
801 1056 190 53 praedicabile
955 1056 71 53 de
991 1056 107 53 illo.
1062 1056 71 53 si
1098 1056 119 53 igitur
1170 1056 71 53 sub-

722 1099 139 32 iectum
819 1099 125 32 eorum
903 1099 111 32 erit
972 1099 111 32 ens,
1042 1099 97 32 non
1097 1099 125 32 erunt
1167 1099 69 32 ac-

726 1135 140 52 cidentia
832 1135 70 52 in
867 1135 82 52 eo.
913 1135 129 52 quoniam
1007 1135 164 52 accidentia
1136 1135 82 52 aut
1171 1135 70 52 sunt

724 1171 216 53 separabilia,
900 1171 95 53 aut
954 1171 243 53 inseparabilia:
1143 1171 95 53 sepa-

730 1213 140 38 rabilia
832 1213 114 38 autem
908 1213 140 38 possunt
1010 1213 102 38 esse
1074 1213 114 38 extra
1137 1213 102 38 illud,

725 1249 75 52 in
763 1249 88 52 quo
813 1249 113 52 sunt:
888 1249 88 52 sed
938 1249 75 52 ab
976 1249 125 52 illis,
1064 1249 100 52 quae
1114 1249 125 52 accipium

727 1288 93 42 tur
780 1288 80 42 in
820 1288 253 42 definitionibus,
1032 1288 199 42 impossibile
1179 1288 66 42 est

736 1330 73 40 vt
772 1330 146 40 definita
882 1330 182 40 separentur:
1027 1330 194 40 iseparabilia
1173 1330 61 40 ant

731 1364 195 39 definiuntur
887 1364 91 39 per
939 1364 182 39 subiectum,
1081 1364 91 39 sed
1133 1364 91 39 non
1172 1364 65 39 sub

727 1402 149 53 iectum
831 1402 104 53 per
891 1402 134 53 illa.
981 1402 119 53 Vnde
1040 1402 194 53 impossibile

727 1440 79 42 est
772 1440 68 42 vt
806 1440 101 42 illa,
873 1440 90 42 quae
929 1440 169 42 accipiuntur
1064 1440 68 42 in
1087 1440 146 42 definitione

725 1485 133 47 entis,
818 1485 106 47 sint
884 1485 186 47 accidentia
1031 1485 80 47 in
1070 1485 93 47 eo.
1124 1485 66 47 &
1137 1485 93 47 impos

731 1519 128 43 sibile
821 1519 90 43 est
872 1519 77 43 vt
911 1519 103 43 sint
975 1519 179 43 accidentia
1116 1519 77 43 in
1141 1519 90 43 alio-

730 1557 106 46 nam,
796 1557 79 46 si
836 1557 146 46 fuerint
942 1557 185 46 accidentia
1087 1557 79 46 in
1127 1557 119 46 alio,
1193 1557 40 46 &

733 1597 104 37 sint
798 1597 143 37 accepta
902 1597 78 37 in
941 1597 195 37 definitione
1096 1597 130 37 entis,
1174 1597 65 37 com

726 1637 136 47 tinget
822 1637 82 47 vt
862 1637 95 47 ens
917 1637 95 47 sit
971 1637 82 47 de
1012 1637 136 47 natura
1107 1637 136 47 eorum:
1202 1637 68 47 &

728 1672 89 50 sic
779 1672 102 50 vnum
843 1672 89 50 ens
894 1672 102 50 apud
958 1672 89 50 eos
1009 1672 102 50 erit
1073 1672 166 50 accidens.
1201 1672 64 50 &

731 1708 87 54 hoc
780 1708 87 54 est
830 1708 124 54 contra
917 1708 124 54 illud,
1003 1708 99 54 quod
1065 1708 136 54 dicunt:
1152 1708 87 54 etiam

734 1748 77 40 si
773 1748 155 40 dixerint
889 1748 116 40 ipsum
966 1748 103 40 esse
1031 1748 168 40 accidens,
1147 1748 90 40 sequ-

726 1785 84 41 tur
774 1785 180 41 impossibile
918 1785 156 41 pedictum.
1039 1785 72 41 Et
1075 1785 84 41 cum
1111 1785 132 41 destructi

732 1824 82 51 sunt
783 1824 92 51 omnes
845 1824 92 51 modi,
906 1824 123 51 secundum
999 1824 82 51 quos
1050 1824 134 51 possibile
1153 1824 72 51 est
1184 1824 51 51 di
