1416 2066
153 173 114 53 Nos
218 173 147 53 autem
316 173 245 53 respondemus
512 173 147 53 quod,
594 173 82 53 cum

153 217 178 47 Antiqui
282 217 275 47 intellexerint
508 217 113 47 hoc
557 217 113 47 nomen

163 254 132 44 vnum,
252 254 74 44 &
281 254 118 44 ens,
354 254 118 44 idem
428 254 147 44 semper
516 254 162 44 significa

160 300 101 42 re,
217 300 116 42 ideo
290 300 159 42 fuerunt
406 300 174 42 perplexi
536 300 130 42 circa
609 300 72 42 hoc

165 332 177 38 dubium,
293 332 112 38 hoc
358 332 112 38 est
422 332 112 38 quo
486 332 145 38 pacto
567 332 112 38 eadem

159 379 106 43 res
220 379 182 43 pluribus
356 379 243 43 cognominetur
538 379 137 43 denomi-

167 411 204 47 nationibus,
331 411 95 47 ita
385 411 82 47 vt
426 411 150 47 exempli
535 411 136 47 gratia
617 411 54 47 di

162 445 111 38 cant
232 445 167 38 Socratem
357 445 111 38 esse
427 445 84 38 in
468 445 84 38 se
510 445 125 38 vnum,
594 445 70 38 &
607 445 70 38 lon

171 483 101 54 gum,
234 483 63 54 &
260 483 126 54 album,
348 483 114 54 atque
424 483 189 54 scriptorem.
575 483 76 54 Ad
600 483 76 54 quod

169 520 163 48 nonnulli
291 520 122 48 eorum
373 520 163 48 indebant
495 520 122 48 quod,
576 520 95 48 cum
617 520 54 48 de

167 560 115 50 eadem
244 560 217 50 repraedicatur
423 560 141 50 aliquid
525 560 115 50 horum
589 560 77 50 pre-

168 598 209 36 dicatorum,
332 598 164 36 oporter
451 598 149 36 demere
556 598 104 36 hoc
600 598 75 36 ver

164 631 108 43 bum
225 631 123 43 est.
302 631 77 43 &
333 631 108 43 hac
394 631 215 43 conditione
548 631 123 43 propo-

168 671 101 50 nem
225 671 159 50 tollunt
341 671 231 50 indicatiuam,
513 671 159 50 dubiumque

164 708 129 38 adhuc
250 708 143 38 restat
350 708 86 38 in
393 708 100 38 suo
450 708 157 38 robore.
564 708 100 38 Sed
607 708 72 38 Pla

169 745 78 41 to
208 745 156 41 rundebat
325 745 78 41 ad
364 745 91 41 id,
416 745 130 41 debere
507 745 156 41 iterare,
611 745 65 41 seu

172 795 155 40 geminare
289 795 91 40 eam
340 795 181 40 dictionem,
483 795 104 40 quae
535 795 142 40 praedica-

166 822 101 50 tum
223 822 216 50 significa:,
396 822 72 50 &
424 822 101 50 non
482 822 158 50 dicatur
583 822 86 50 homo

168 861 78 37 est
212 861 111 37 albus,
290 861 67 37 vt
324 861 123 37 dicitur
413 861 89 37 homo
469 861 78 37 ens
513 861 89 37 est,
569 861 78 37 sed
602 861 67 37 homo

167 899 95 43 est
222 899 191 43 dealbatus.
372 899 82 43 Et
412 899 95 43 hoc
467 899 123 43 totum
549 899 95 43 est
589 899 82 43 quae

166 935 108 49 dam
227 935 138 49 fuga:
319 935 123 49 quia
396 935 108 49 hoc
458 935 138 49 nomen
550 935 138 49 vnum,
627 935 46 49 &

175 972 104 53 ens,
240 972 117 53 plura
318 972 208 53 fignificant,
486 972 91 53 cum
538 972 104 53 ipsi
590 972 91 53 tamen

166 1012 129 46 putent
256 1012 116 46 vnum,
334 1012 64 46 &
360 1012 103 46 idem
424 1012 206 46 significare.
579 1012 90 46 Dici-

167 1048 107 44 mus
228 1048 138 44 autem
320 1048 107 44 nos
381 1048 183 44 Socratem
518 1048 122 44 esse
579 1048 92 44 vnum

164 1085 189 46 subiccto,
310 1085 131 46 plura
397 1085 174 46 ratione,
528 1085 73 46 &
542 1085 131 46 denomi-

169 1126 170 49 natione,
296 1126 99 49 seu
353 1126 198 49 attributo:
509 1126 142 49 hocque
594 1126 71 49 no-

161 1165 116 46 men
228 1165 149 46 Vnum,
327 1165 83 46 &
361 1165 149 46 plura
460 1165 100 46 de
493 1165 183 46 pluribus,

172 1202 165 40 varijsque
299 1202 114 40 dici,
375 1202 76 40 vt
413 1202 76 40 de
451 1202 165 40 potentia,
578 1202 63 40 &
591 1202 76 40 actu

168 1238 96 45 est
223 1238 110 45 enim
292 1238 151 45 aliquid
402 1238 110 45 actu
470 1238 124 45 vnum,
539 1238 137 45 potentia

173 1285 107 44 vero
239 1285 133 44 plura,
333 1285 67 44 &
359 1285 187 44 econuerso.
506 1285 147 44 fuerunt
599 1285 67 44 au-

168 1317 101 50 tem
225 1317 144 50 coacti
326 1317 159 50 Antiqui
441 1317 144 50 dicere
542 1317 101 50 ens
586 1317 86 50 esse

176 1362 114 43 vnum
247 1362 128 43 actu,
332 1362 185 43 propterea
475 1362 114 43 quia
532 1362 142 43 negabant

172 1393 112 49 vnum
242 1393 112 49 esse
312 1393 140 49 plura:
410 1393 98 49 cum
465 1393 112 49 ipsi
535 1393 98 49 per
577 1393 98 49 vnum,

175 1429 63 53 &
201 1429 126 53 plura,
289 1429 88 53 duo
339 1429 189 53 intelligant
490 1429 151 53 opposita
591 1429 75 53 tan-

174 1468 111 38 tum.
243 1468 111 38 erat
313 1468 139 38 nanque
410 1468 139 38 falsum
507 1468 111 38 apud
576 1468 97 38 eos
618 1468 55 38 di

168 1516 119 38 cere
242 1516 104 38 rem
302 1516 119 38 esse
376 1516 133 38 vnam,
465 1516 74 38 &
494 1516 163 38 plures,
598 1516 74 38 cum

173 1544 83 43 ex
215 1544 97 43 hoc
270 1544 97 43 non
326 1544 194 43 perciperet
478 1544 97 43 res
520 1544 152 43 diuersas,

298 1627 148 48 Caput
380 1627 164 48 Quartum.

153 1695 227 52 INsyleleis
331 1695 146 52 autem
428 1695 162 52 eorum,
541 1695 130 52 quos
606 1695 65 52 ad

183 1735 175 43 Ihuiusmodi
320 1735 200 43 conclusionem
483 1735 175 43 inferendam
608 1735 63 43 at-

170 1773 186 43 tulerunt,
313 1773 201 43 perspicuum
470 1773 100 43 est
513 1773 158 43 delictum,

170 1813 59 45 &
194 1813 152 45 falsitas.
311 1813 129 45 Melissi
405 1813 94 45 enim
463 1813 70 45 is
498 1813 82 45 est
545 1813 129 45 syllus.
627 1813 47 45 si

687 181 102 46 ens
746 181 102 46 est
804 181 176 46 genitum.
936 181 117 46 ergo
1009 181 132 46 habet
1082 181 132 46 princi-

699 217 129 41 pium.
785 217 101 41 mox
842 217 173 41 destruit
972 217 216 41 antecedens,
1130 217 72 41 sed

693 256 112 50 non
757 256 112 50 est
821 256 193 50 genitum.
966 256 129 50 ergo
1046 256 112 50 non
1095 256 112 50 habet

696 292 233 51 principium.
883 292 187 51 deinceps
1023 292 187 51 sequitur
1148 292 62 51 ex

696 329 94 46 hoc
749 329 121 46 ipsum
830 329 108 46 esse
898 329 189 46 infinitum,
1046 329 121 46 atque
1114 329 94 46 vnum,

691 368 75 41 &
721 368 196 41 immobile,
872 368 105 41 cum
932 368 105 41 non
992 368 151 41 habeat
1083 368 120 41 locum,

693 404 91 52 in
738 404 106 52 quo
799 404 197 52 moueatur.
950 404 136 52 Hmodi
1041 404 136 52 autem
1116 404 91 52 syl-

694 444 159 52 logismi
809 444 101 52 tum
867 444 159 52 figura,
982 444 101 52 tum
1026 444 173 52 praemissae

691 482 162 40 delictum
812 482 175 40 obtinent.
947 482 135 40 peccat
1041 482 108 40 enim
1095 482 108 40 infigu

695 517 77 53 ta
734 517 115 53 ipse,
810 517 90 53 cum
862 517 90 53 sit
913 517 205 53 hypotheticus
1066 517 141 53 communiuu

690 557 152 52 ctiuus,
800 557 83 52 in
842 557 96 52 quo
897 557 207 52 reassumitur
1048 557 152 52 oppositum

694 595 247 40 antecedentis,
897 595 73 40 &
926 595 174 40 infertui
1042 595 160 40 consequen

695 636 101 38 tis
752 636 201 38 oppositum:
910 636 129 38 cuius
997 636 201 38 corruptela
1140 636 58 38 iu

691 671 113 37 lib.
761 671 155 37 Priorum
874 671 99 37 iam
931 671 183 37 declarata
1072 671 113 37 est.
1128 671 71 37 Ra-

692 710 131 48 tione
779 710 145 48 quoque
880 710 232 48 praemissarum
1069 710 116 48 eius
1127 710 73 48 pra

695 749 141 37 litas
789 749 172 37 neminem
914 749 156 37 latet,
1023 749 109 37 cum
1070 749 125 37 nomine

694 784 176 51 principii
830 784 136 51 vtatur
925 784 136 51 tanque
1020 784 163 51 vniuoco,
1128 784 68 51 cum

690 829 138 37 tamen
782 829 199 37 trifariam
935 829 214 37 assumatur,
1088 829 107 37 Primo

693 867 139 45 quidem
791 867 125 45 modo,
874 867 98 45 ceu
930 867 195 45 principium
1083 867 84 45 in
1111 867 84 45 ten-

695 900 126 47 pore,
779 900 168 47 Secundo,
905 900 84 47 vt
947 900 196 47 principium
1101 900 84 47 in
1129 900 70 47 ma-

692 936 189 42 vnitudine,
841 936 81 42 vt
882 936 95 42 est
936 936 135 42 lineae
1017 936 176 42 principium,

695 980 113 44 Tertio
774 980 91 44 vero
831 980 136 44 secundum
933 980 125 44 causam.
1024 980 68 44 Si
1058 980 113 44 igitur
1126 980 68 44 tem-

698 1020 109 44 oris
766 1020 191 44 principium
916 1020 218 44 intellligat,
1093 1020 109 44 tunc
1148 1020 54 44 ve

693 1051 72 50 re
729 1051 168 50 consequens
861 1051 72 50 ex
897 1051 96 50 eius
957 1051 156 50 promissis
1065 1051 132 50 procedit,

690 1090 252 40 syllogismusque
900 1090 196 40 concludit:
1054 1090 98 40 nam
1096 1090 98 40 tempo

692 1125 109 53 rale
761 1125 191 53 principium
911 1125 95 53 est
965 1125 109 53 ipsi
1033 1125 136 53 genito
1115 1125 82 53 pro-

693 1165 145 46 prium:
795 1165 175 46 iccireo,
926 1165 102 46 cum
984 1165 189 46 reassumit
1115 1165 73 46 op-

694 1205 151 36 positum
804 1205 220 36 antecedentis
983 1205 179 36 oppositum
1121 1205 96 36 in

693 1238 101 45 fert
757 1238 215 45 consequentis.
934 1238 76 45 at
972 1238 89 45 id,
1023 1238 101 45 quod
1073 1238 127 45 proposue

689 1276 104 39 rat,
754 1276 91 39 non
806 1276 182 39 concludit,
950 1276 169 39 videlicet
1080 1276 91 39 ens
1119 1276 78 39 esse

688 1317 201 52 magnitudine
848 1317 188 52 infinitum,
996 1317 94 52 sed
1050 1317 121 52 tpere
1117 1317 80 52 pite

689 1357 107 38 rito
755 1357 107 38 esse
822 1357 174 38 infinitum
956 1357 147 38 infert:
1062 1357 93 38 hoc
1103 1357 93 38 autem

687 1390 94 50 non
740 1390 108 50 erat
808 1390 108 50 eius
875 1390 175 50 intentum.
1010 1390 81 50 Si
1051 1390 108 50 vero
1105 1390 94 50 prin-

683 1436 152 47 cipium
789 1436 229 47 magnitudine
972 1436 229 47 intelligat,
1140 1436 61 47 vt

691 1468 106 39 eius
757 1468 173 39 conclusio
890 1468 160 39 indicare
1010 1468 160 39 videtur,
1116 1468 80 39 tunc

687 1506 119 48 Teius
766 1506 226 48 propositiones
952 1506 133 48 falsae
1032 1506 159 48 coniunctio

688 1544 98 51 nis
744 1544 139 51 erunt,
841 1544 167 51 falseque
967 1544 84 51 in
995 1544 181 51 reassumendo

688 1581 93 45 sunt
746 1581 93 45 enim
804 1581 116 45 falsae
885 1581 197 45 conunctionis:
1047 1581 127 45 quoniam
1128 1581 58 45 non

687 1628 112 45 omne
757 1628 196 45 generabile
911 1628 126 45 habet
996 1628 196 45 principium
1136 1628 56 45 in

689 1662 214 48 magnitudine.
862 1662 93 48 hoc
916 1662 120 48 tamen
996 1662 107 48 bene
1062 1662 93 48 est
1103 1662 93 48 verum

692 1697 84 40 de
734 1697 196 40 generabili
888 1697 84 40 in
930 1697 168 40 tempore:
1056 1697 98 40 sed
1112 1697 112 40 quod

696 1735 133 53 secundum
796 1735 100 53 omnes
862 1735 89 53 eius
918 1735 111 53 partes
995 1735 67 53 in
1029 1735 133 53 instanti
1117 1735 78 53 gene-

688 1779 122 45 ratur,
773 1779 85 45 nec
822 1779 122 45 prius,
907 1779 85 45 nec
956 1779 159 45 posterius
1066 1779 122 45 magnitu-

687 1803 102 55 dine
751 1803 153 55 obtinet:
866 1803 140 55 iccirco
968 1803 115 55 neque
1044 1803 115 55 vllam
1108 1803 89 55 habet
