1416 2066
194 165 184 38 intellectum
341 165 98 38 tuum
402 165 74 38 in
439 165 123 38 istis.
525 165 74 38 tu
562 165 110 38 autem
623 165 86 38 boni-

195 202 86 32 tate
249 202 118 32 ingenii
335 202 86 32 tui,
389 202 54 32 &
411 202 129 32 solertia
507 202 118 32 poteris
594 202 108 32 facile
658 202 54 32 ve-

197 233 130 33 titatem
280 233 118 33 intueri.

209 261 238 45 Vigesimaquarta
407 261 172 45 contradi.
540 261 93 45 est
593 261 79 45 in
619 261 93 45 eodem

194 301 83 29 com.
246 301 73 29 36.
287 301 83 29 Quia
339 301 73 29 ibi
380 301 93 29 dicit
443 301 83 29 quod
495 301 135 29 subiectum
598 301 73 29 est
640 301 62 29 in
661 301 42 29 po

196 330 109 33 tentia
272 330 87 33 pura
327 330 131 33 vtrunque
425 330 142 33 extremum.
534 330 98 33 Huius
600 330 98 33 tamen
654 330 55 33 op-

194 361 109 41 positum
273 361 99 41 dicere
343 361 109 41 videtur
422 361 89 41 intra
482 361 60 41 in
512 361 79 41 com.
561 361 69 41 Sx.
601 361 60 41 i.
621 361 89 41 physic.

192 393 72 41 Ad
228 393 84 41 hoc
276 393 84 41 est
323 393 143 41 dicendum
431 393 191 41 distinguendo
586 393 72 41 de
610 393 95 41 dupli-

188 425 70 34 ci
223 425 70 34 in
258 425 220 34 subiectorprimo,
443 425 58 34 &
467 425 139 34 secundo:
571 425 104 34 sicut
629 425 81 34 ipse-

196 456 79 35 met
241 456 157 35 distinguit
364 456 67 35 in
398 456 79 35 com
443 456 90 35 illo
499 456 79 35 Sx.
544 456 67 35 Et
578 456 135 35 loquendo
668 456 45 35 de

191 487 104 41 primo
260 487 150 41 subiecto,
375 487 92 41 quod
432 487 115 41 verius
513 487 161 41 appellatur
628 487 81 41 prima

196 519 114 35 materia
279 519 83 35 quae
330 519 145 35 subiectum,
444 519 62 35 vt
476 519 104 35 statim
548 519 104 35 dicam,
621 519 83 35 tale
662 519 52 35 est

192 552 73 34 in
228 552 146 34 potentia
338 552 97 34 pura
398 552 146 34 vtrunque
508 552 158 34 extremum.
629 552 61 34 &
641 552 73 34 tale

195 585 144 33 subiectum
306 585 100 33 Coni.
373 585 144 33 distinxit
484 585 111 33 contra
561 585 111 33 medium
639 585 67 33 in
661 585 56 33 hoc

195 616 96 34 com.
255 616 84 34 36.
303 616 84 34 Sed
351 616 144 34 loquendo
459 616 72 34 de
494 616 132 34 secundo
578 616 132 34 subiecto,

203 647 83 40 quod
254 647 83 40 vere
306 647 134 40 subiectum
409 647 124 40 dicitur,
502 647 83 40 tale
554 647 72 40 non
595 647 72 40 est
636 647 62 40 in
657 647 62 40 pura

195 681 133 40 potentia
295 681 133 40 vtrunque
394 681 155 40 extrenium:
516 681 89 40 quia
572 681 89 40 tale
627 681 78 40 est
672 681 67 40 in

192 716 113 36 actu,
268 716 88 36 aut
318 716 100 36 modo
381 716 113 36 nedio
456 716 113 36 inter
531 716 113 36 actum
607 716 63 36 &
619 716 88 36 poten

197 744 107 34 tiam.
269 744 107 34 Dixit
340 744 107 34 autem
411 744 179 34 notabiliter
554 744 119 34 primum
626 744 83 34 subie

198 777 98 33 ctum,
263 777 87 33 quod
318 777 76 33 est
361 777 65 33 in
394 777 87 33 pura
448 777 130 33 potentia
546 777 130 33 vtrumque
633 777 76 33 extre

200 809 83 34 mum
247 809 130 34 rectius
342 809 95 34 dici
401 809 142 34 matetiam
507 809 95 34 quae
566 809 154 34 subiectum
685 809 59 34 &

199 839 88 42 per
250 839 163 42 oppositum
375 839 151 42 secundum
489 839 163 42 subiectum
602 839 113 42 rectius

199 867 140 39 appessari
307 867 140 39 subiectum
415 867 86 39 quae
469 867 140 39 materiam.
577 867 65 39 Et
609 867 86 39 ista
652 867 65 39 fuit

200 906 163 33 sententia
326 906 176 33 Philosophi
464 906 75 33 ad
502 906 176 33 principium
627 906 88 33 primo

200 936 115 35 meteo.
280 936 69 35 vt
314 936 80 35 ibi
360 936 126 35 deducit
452 936 92 35 Alex
509 936 103 35 super
578 936 92 35 illo
623 936 92 35 verbo,

200 968 112 36 quare
274 968 186 36 accidentium
423 968 112 36 circa
497 968 112 36 ipsum
572 968 112 36 ignem
634 968 74 36 qui-

199 1005 82 29 dem
246 1005 59 29 &
270 1005 129 29 terram,
363 1005 59 29 &
387 1005 129 29 cognata
481 1005 94 29 his,
539 1005 70 29 vt
574 1005 70 29 in
598 1005 117 29 materiae

195 1031 117 36 snecie,
280 1031 117 36 oportet
365 1031 106 36 putare
439 1031 106 36 eorum,
513 1031 85 36 quae
566 1031 106 36 fiunt.
630 1031 74 36 subie

203 1062 102 32 ctum.
271 1062 91 32 enim
327 1062 57 32 &
350 1062 125 32 patiens
440 1062 158 32 appellamus
565 1062 79 32 hoc
610 1062 102 32 modo.
667 1062 45 32 Et

199 1093 87 40 ista
254 1093 98 40 etiam
319 1093 76 40 est
362 1093 142 40 sententia
471 1093 163 40 lucidissimi
591 1093 120 40 Themistil

199 1127 66 41 in
232 1127 154 41 paraphrasi
353 1127 110 41 super.
430 1127 66 41 i.
463 1127 110 41 physi.
540 1127 66 41 in
562 1127 143 41 digressione

199 1160 89 36 quam
254 1160 100 36 facit
321 1160 67 36 de
354 1160 133 36 potentia
454 1160 144 36 materiae,
565 1160 55 36 &
587 1160 89 36 eius
631 1160 78 36 priua

199 1197 115 34 tione.
279 1197 81 34 Nom
325 1197 81 34 est
371 1197 138 34 materiae
475 1197 81 34 cum
521 1197 138 34 potentia
624 1197 58 34 &
636 1197 81 34 priua

203 1228 91 30 tione
264 1228 81 30 est,
314 1228 111 30 dicitur
395 1228 81 30 enim
445 1228 111 30 materia
526 1228 91 30 earum
587 1228 101 30 rerum,
657 1228 81 30 quae

202 1252 116 38 nondum
283 1252 104 38 ortae
353 1252 81 38 aut
399 1252 116 38 factae
480 1252 104 38 sunt.
549 1252 104 38 Vnde,
619 1252 69 38 si
642 1252 69 38 con-

200 1285 160 38 syderemus
323 1285 160 38 materiam,
446 1285 74 38 vt
482 1285 86 38 est
532 1285 135 38 priuata
618 1285 98 38 forma,

203 1317 66 37 hc
236 1317 120 37 materia
323 1317 98 37 recte
389 1317 120 37 dicitur
476 1317 77 37 sed
520 1317 77 37 cum
564 1317 142 37 accipitur
662 1317 55 37 pro

196 1349 151 37 subiecto,
313 1349 70 37 vt
348 1349 81 37 sic
394 1349 81 37 cum
441 1349 163 37 priuatione
568 1349 81 37 non
615 1349 93 37 est.
661 1349 47 37 vn

199 1380 76 38 de
237 1380 153 38 materia,
352 1380 76 38 ex
390 1380 89 38 qua
441 1380 165 38 generatur
568 1380 114 38 homo,
632 1380 76 38 ante

204 1420 98 36 quam
265 1420 135 36 hominis
364 1420 123 36 formam
450 1420 148 36 recipiat
560 1420 111 36 mater
634 1420 74 36 ia
659 1420 49 36 re

202 1443 79 35 cte
247 1443 170 35 nuncupatur.
383 1443 79 35 sed
428 1443 79 35 vbi
474 1443 102 35 forma
542 1443 125 35 hominis
633 1443 79 35 est
667 1443 45 35 al

195 1474 109 40 fecta,
271 1474 76 40 non
315 1474 120 40 amplius
402 1474 65 40 vt
435 1474 76 40 sic
479 1474 120 40 materia
566 1474 131 40 dicitur,
664 1474 76 40 sed

193 1510 185 36 subiectum:
338 1510 105 36 Vnde
404 1510 198 36 authoritate
562 1510 119 36 Boeti
628 1510 79 36 mate

199 1541 85 36 ria
247 1541 194 36 qualitatibus
405 1541 158 36 informata
527 1541 85 36 non
575 1541 134 36 amplius
660 1541 49 36 ma

199 1571 97 39 teria
264 1571 130 39 remanet.
362 1571 76 39 nam
405 1571 130 39 secundum
502 1571 65 39 se
535 1571 130 39 informis
632 1571 87 39 est,
687 1571 54 39 &

200 1605 151 37 speciebus
316 1605 127 37 omnibus
409 1605 116 37 caret:
490 1605 81 37 sed
536 1605 151 37 adhibitis
641 1605 69 37 qua-

203 1637 139 37 litatibus
310 1637 117 37 materia
395 1637 85 37 abit
449 1637 64 37 in
480 1637 149 37 subiectis.
598 1637 64 37 Et
619 1637 96 37 propter

200 1666 76 35 hoc
243 1666 97 35 dixit
308 1666 97 35 etiam
373 1666 97 35 Auer.
438 1666 130 35 imitando
535 1666 97 35 istam
589 1666 130 35 sententiam

197 1700 63 41 in.
233 1700 54 41 2.
260 1700 63 41 ca.
296 1700 54 41 de
323 1700 90 41 subst.
386 1700 90 41 orbis:
449 1700 45 41 &
467 1700 63 41 in.
503 1700 54 41 si
530 1700 81 41 meta.
584 1700 72 41 com.
629 1700 63 41 12.
656 1700 54 41 quod

205 1733 109 37 coelum
281 1733 120 37 rectius
368 1733 120 37 dicitur
456 1733 142 37 subiectum
565 1733 87 37 quae
608 1733 109 37 materia.

203 1765 89 41 quia
259 1765 123 41 videbat
348 1765 67 41 in
382 1765 101 41 coelo
449 1765 78 41 non
493 1765 89 41 esse
549 1765 145 41 materiam,
650 1765 67 41 quae

194 1795 82 39 sit
241 1795 71 39 in
277 1795 141 39 potentia
383 1795 94 39 pura
441 1795 141 39 vtrunque
547 1795 153 39 extremum:
653 1795 59 39 si-

196 1831 77 35 cut
240 1831 99 35 sonat
306 1831 99 35 ratio
371 1831 142 35 materiae.
481 1831 77 35 nec
525 1831 77 35 est
569 1831 77 35 ibi
601 1831 110 35 priuatio

192 1862 120 36 formae
276 1862 216 36 substantialis,
456 1862 72 36 ad
491 1862 96 36 quam
551 1862 84 36 sit
599 1862 72 36 in
623 1862 84 36 poten

189 1897 103 38 tia:
254 1897 103 38 quae
318 1897 155 38 priuatio
435 1897 181 38 importatur
577 1897 90 38 per
616 1897 90 38 nomer

198 1923 146 39 materiae
307 1923 73 39 ex
344 1923 158 39 sententia
466 1923 170 39 Themistil,
599 1923 85 39 sed
636 1923 73 39 quia

726 165 119 50 semper
809 165 83 50 est
857 165 95 50 actu
917 165 83 50 sub
964 165 83 50 sua
1012 165 119 50 forma,
1095 165 95 50 ideo
1143 165 107 50 rectius

733 202 116 37 dicitur
817 202 147 37 subiectum,
932 202 84 37 quae
985 202 126 37 materia.
1079 202 116 37 Accedit
1163 202 63 37 ad
1184 202 63 37 hoc,

731 233 90 42 quia
787 233 124 42 materia
877 233 101 42 etiam
944 233 79 42 est
989 233 67 42 ex
1023 233 79 42 quo
1068 233 79 42 fit
1113 233 135 42 aliquid,
1203 233 45 42 vt

723 267 176 34 inexistente.
866 267 66 34 2.
899 267 110 34 physi.
976 267 77 34 37.
1020 267 77 34 Sed
1064 267 88 34 quia
1119 267 99 34 forma
1174 267 77 34 coeli

731 297 77 33 non
775 297 133 33 educitur
875 297 66 33 de
908 297 133 33 potentia
1008 297 100 33 eius,
1074 297 77 33 cum
1118 297 77 33 sit
1151 297 100 33 abstra-

728 332 88 30 cta,
783 332 88 30 hinc
838 332 99 30 etiam
904 332 110 30 dictum
981 332 88 30 est,
1036 332 55 30 &
1058 332 99 30 bene,
1124 332 110 30 coelum
1190 332 55 30 re-

723 360 103 34 ctius
791 360 160 34 subiectum,
917 360 91 34 quae
974 360 137 34 materiam
1065 360 80 34 dici-

761 389 203 37 Vigesimaquinta
930 389 169 37 contradict.
1065 389 79 37 est
1110 389 68 37 in
1144 389 90 37 com.
1189 389 56 37 36.

736 426 89 32 Quia
792 426 78 32 ibi
836 426 112 32 ponens
914 426 179 32 differentiam
1059 426 100 32 inter
1115 426 123 32 subiectum

733 456 55 34 &
755 456 109 34 medium
831 456 98 34 dicit
897 456 87 34 quod
951 456 109 34 medium
1028 456 76 34 est
1071 456 131 34 vtrumque
1159 456 87 34 extre-

728 487 95 44 mum,
787 487 83 44 non
835 487 95 44 pura
894 487 154 44 potentia.
1013 487 107 44 Huius
1084 487 107 44 tamen
1143 487 107 44 opposi-

730 521 72 36 tum
771 521 133 36 reperitur
873 521 62 36 in
904 521 103 36 dictis
976 521 92 36 eius.
1038 521 72 36 10.
1079 521 82 36 met.
1130 521 82 36 com.
1181 521 62 36 7.
1202 521 51 36 vbi

729 552 126 34 loquens
820 552 69 34 de
854 552 149 34 coloribus
969 552 126 34 mediis,
1060 552 114 34 inquit
1141 552 92 34 quod
1198 552 80 34 non

737 581 97 37 debet
802 581 118 37 aliquis
888 581 107 37 dicere
963 581 86 37 quod
1017 581 86 37 alii
1070 581 118 37 colores
1146 581 107 37 componun

730 620 74 36 tur
773 620 64 36 ex
805 620 85 36 albo
857 620 53 36 &
879 620 106 36 nigro:
953 620 116 36 quoniam
1037 620 106 36 nigrum
1111 620 74 36 est
1143 620 106 36 priuntio

733 647 101 35 albi,
800 647 101 35 sicut
868 647 158 35 obscuritas
992 647 79 35 est
1037 647 135 35 priuatio
1138 647 113 35 lucis.
1206 647 45 35 Ad

736 680 88 39 hoc
787 680 188 39 consueuimus
937 680 126 39 dicere
1025 680 138 39 limitan
1126 680 75 39 io
1151 680 100 39 propo-

739 710 125 43 sitionem
832 710 94 43 istam
895 710 94 43 Auer,
957 710 83 43 quae
1009 710 104 43 dicit:
1082 710 83 43 quod
1134 710 94 43 media
1187 710 63 43 com-

736 741 137 42 ponuntur
838 741 69 42 ex
873 741 149 42 extremis,
987 741 183 42 distinguendo
1136 741 69 42 de
1159 741 91 42 dupli-

734 781 68 29 ci
768 781 113 29 medio:
847 781 102 29 sicut
915 781 124 29 ipsemet
1005 781 170 29 distinguit.
1141 781 68 29 2.
1164 781 90 29 coeli-

739 806 91 44 com.
796 806 80 44 36.
841 806 125 44 Quoddam
932 806 91 44 enim
989 806 80 44 est
1035 806 114 44 medium
1114 806 80 44 per
1149 806 102 44 compara

740 840 104 34 tionem
812 840 94 34 sicut
875 840 114 34 dicimns
958 840 83 34 quod
1010 840 73 34 aer
1051 840 73 34 est
1093 840 104 34 medium
1166 840 73 34 per
1197 840 52 34 com

737 869 151 37 parationem
856 869 97 37 inter
921 869 97 37 grane
986 869 162 37 simpiecitu,
1115 869 54 37 &
1137 869 97 37 inter
1191 869 65 37 leue

734 901 191 37 simpliciter.
889 901 84 37 nam
937 901 143 37 respectu
1044 901 107 37 ignis
1116 901 119 37 grauis
1187 901 72 37 est.

729 933 133 37 respectu
829 933 100 37 aquae
895 933 55 37 &
917 933 111 37 terrae
995 933 77 37 est
1039 933 111 37 lenis.
1116 933 122 37 propter
1194 933 55 37 hoc

734 965 109 37 tamen
806 965 85 37 non
855 965 133 37 dicimus
951 965 109 37 aerem
1024 965 97 37 esse
1084 965 169 37 compositum
1205 965 48 37 ex

735 996 108 42 graui
807 996 60 42 &
831 996 108 42 leui.
903 996 60 42 &
927 996 96 42 ideo
987 996 72 42 de
1023 996 132 42 talibus
1119 996 84 42 med
1167 996 72 42 is
1191 996 60 42 lo-

735 1036 134 33 quendo,
833 1036 134 33 extrema
930 1036 86 33 non
979 1036 98 33 sunt
1040 1036 73 33 in
1077 1036 98 33 actu
1126 1036 122 33 permixto

736 1061 161 37 positione
860 1061 74 37 in
897 1061 149 37 essentia
1008 1061 161 37 mediorum,
1132 1061 87 37 sed
1169 1061 87 37 solum

736 1095 132 39 quantum
832 1095 72 39 ad
868 1095 216 39 denominationem
1049 1095 96 39 sunt
1109 1095 72 39 in
1145 1095 84 39 eo,
1181 1095 72 39 quia

731 1127 112 31 talia
805 1127 112 31 media
880 1127 75 31 in
917 1127 199 31 comparatione
1079 1127 112 31 vnius
1141 1127 112 31 extremi

730 1156 124 38 sumunt
817 1156 224 38 denominationem
1003 1156 162 38 alterius.
1128 1156 112 38 Aliud
1190 1156 62 38 est

733 1197 123 28 medium
819 1197 86 28 per
868 1197 123 28 realem
954 1197 209 28 compositionem
1126 1197 74 28 ex
1151 1197 98 28 extie-

732 1228 97 30 mis.
792 1228 60 30 &
816 1228 72 30 de
853 1228 133 30 talibus
949 1228 193 30 verificantur
1106 1228 109 30 dicta
1167 1228 85 30 Auer.

736 1252 74 38 hic,
782 1252 56 38 &.
810 1252 65 38 v3.
847 1252 84 38 eliy.
903 1252 74 38 com.
950 1252 56 38 6.
977 1252 65 38 19.
1015 1252 56 38 &.
1042 1252 65 38 12.
1080 1252 56 38 &.
1108 1252 65 38 10.
1145 1252 84 38 meta.
1191 1252 56 38 com.

732 1291 92 31 13.
784 1291 92 31 vbi
837 1291 144 31 adducit
941 1291 157 31 rationem
1046 1291 209 31 demonstratiuam

727 1316 98 33 super
793 1316 87 33 hoc,
847 1316 87 33 quod
902 1316 109 33 niedia
978 1316 98 33 inter
1044 1316 142 33 contraria
1153 1316 87 33 sunt
1196 1316 55 33 com

734 1349 106 36 posita
808 1349 63 36 ex
840 1349 137 36 extremis.
946 1349 106 36 aliter
1020 1349 85 36 enim
1072 1349 74 36 non
1115 1349 95 36 esset
1168 1349 85 36 motus.

738 1379 58 31 &
762 1379 81 31 sic
808 1379 69 31 in
842 1379 150 31 coloribus
957 1379 115 31 mediis
1038 1379 92 31 sunt
1096 1379 127 31 colores
1176 1379 81 31 extre

732 1411 63 32 mi
763 1411 157 32 formaliter,
889 1411 63 32 in
920 1411 84 32 esse
972 1411 94 32 tamen
1035 1411 136 32 refracto.
1140 1411 52 32 &
1161 1411 84 32 ista
1203 1411 52 32 est

730 1443 171 48 indubitata
864 1443 158 48 sententia
986 1443 98 48 Com.
1047 1443 73 48 in
1083 1443 98 48 hoc.
1132 1443 122 48 quicquid

734 1477 103 41 dicat
802 1477 126 41 Burleus
894 1477 69 41 in
928 1477 92 41 hoc,
986 1477 57 41 &
1008 1477 115 41 quidam
1089 1477 149 41 iuniores,
1192 1477 57 41 qui

733 1514 116 32 nouas
810 1514 180 32 phantasias
952 1514 154 32 imponunt
1068 1514 116 32 Auer.
1145 1514 77 32 Et
1171 1514 77 32 tunc

737 1540 75 38 ad
774 1540 200 38 authoritatem
937 1540 113 38 Auer.
1012 1540 75 38 in
1049 1540 163 38 oppositum
1162 1540 88 38 dico,

737 1574 88 35 quod
792 1574 110 35 noluit
869 1574 110 35 dicere
946 1574 88 35 quod
1001 1574 121 35 colore.
1088 1574 99 35 medii
1154 1574 77 35 non
1187 1574 66 35 com-

730 1602 149 40 ponantur
841 1602 74 40 ex
878 1602 99 40 albo
940 1602 62 40 &
965 1602 112 40 nigro
1039 1602 161 40 absolute,
1163 1602 87 40 sic
1200 1602 50 40 it

732 1635 95 34 male
791 1635 165 34 intellexit
921 1635 130 34 Iurles,
1016 1635 59 34 &
1039 1635 142 34 sequaces
1146 1635 83 34 Sed
1193 1635 83 34 non

740 1669 165 31 componuntur
872 1669 121 31 tanquam
960 1669 66 31 ex
993 1669 110 31 duobus
1070 1669 154 31 principiis
1180 1669 66 31 eque

730 1699 161 39 perfectis
854 1699 211 39 mensurantibus
1027 1699 99 39 suum
1089 1699 112 39 esse.
1163 1699 74 39 Et
1188 1699 62 39 hoc

738 1733 120 30 voluit
822 1733 120 30 dicere
906 1733 84 30 ibi
954 1733 192 30 Philosophus.
1109 1733 60 30 &
1133 1733 96 30 Com.
1181 1733 72 30 quia

727 1763 81 40 ibi
774 1763 116 40 volunt
855 1763 151 40 ostendere
972 1763 93 40 quod
1030 1763 70 40 in
1065 1763 93 40 omni
1123 1763 116 40 genere
1193 1763 58 40 est

728 1794 164 32 deuenire
851 1794 82 32 ad
892 1794 109 32 vnum
961 1794 150 32 primum,
1070 1794 109 32 quod
1139 1794 96 32 est
1180 1794 68 32 me-

731 1826 102 36 trum
795 1826 64 36 &
821 1826 141 36 mensura
923 1826 141 36 omnium,
1025 1826 102 36 quae
1089 1826 102 36 sunt
1153 1826 77 36 in
1178 1826 77 36 illo

738 1862 127 37 genere.
830 1862 58 37 &
853 1862 81 37 ita
899 1862 69 37 in
933 1862 115 37 genere
1014 1862 127 37 colorum
1106 1862 81 37 est
1152 1862 104 37 color
1209 1862 46 37 al

733 1893 106 40 bus,
799 1893 93 40 qui
852 1893 93 40 est
905 1893 132 40 metrum
998 1893 132 40 omnium
1090 1893 146 40 aliorum
1183 1893 66 40 co-

731 1923 109 47 lorum.
807 1923 76 47 Et,
851 1923 87 47 quia
905 1923 119 47 aliquis
992 1923 109 47 posset
1068 1923 109 47 dicere
1143 1923 98 47 quod,
1198 1923 54 47 cum
