1416 2066
150 177 95 42 est
205 177 149 42 corpus,
313 177 81 42 ex
354 177 95 42 quo
408 177 95 42 est
462 177 176 42 generatio
584 177 81 42 ele-

162 219 137 48 menti.
258 219 82 48 v.
299 219 82 48 g,
340 219 123 48 quia,
423 219 137 48 quando
518 219 123 48 ionis
587 219 82 48 gene

166 244 156 51 neratur
279 244 170 51 secundum
407 244 142 51 totum,
507 244 142 51 statim
592 244 71 51 ha-

168 296 81 37 bet
215 296 93 37 vbi,
273 296 81 37 qud
319 296 81 37 est
366 296 139 37 superius
470 296 139 37 secundum
575 296 116 37 totum:

165 330 69 50 &
193 330 96 50 dum
248 330 179 50 generatur
386 330 110 50 pars
454 330 151 50 singula
551 330 110 50 illius

165 365 138 54 statim
262 365 124 54 habet
345 365 166 54 singulam
469 365 138 54 partem
552 365 111 54 illius

168 407 105 47 vbi.
234 407 158 47 Potentia
352 407 131 47 igitur
444 407 131 47 istius
536 407 118 47 motus
601 407 66 47 non

166 442 85 47 est
214 442 73 47 in
251 442 158 47 subiecto,
372 442 97 47 quid
433 442 85 47 est
481 442 109 47 ignis
554 442 73 47 in
578 442 85 47 actu,

164 479 102 43 sed
222 479 87 43 in
265 479 189 43 subiecto,
410 479 87 43 ex
454 479 102 43 quo
497 479 174 43 generatur,

170 520 131 48 ignis,
262 520 79 48 v.
301 520 79 48 g.
341 520 118 48 ligno
419 520 171 48 combusto,
551 520 92 48 aut
590 520 79 48 oleo

164 557 224 38 inssammato.
343 557 75 38 a
373 557 89 38 Et
418 557 104 38 hoc
477 557 194 38 ignorauit
611 557 60 38 lo

168 594 145 39 annes
265 594 258 39 Grammaticus.
474 594 81 39 &
491 594 177 39 existima-

171 637 87 38 uit
220 637 100 38 quod
283 637 137 38 quaedam
383 637 187 38 potentiatum
520 637 150 38 inuenitur,

170 676 97 45 cum
225 676 124 45 illo,
308 676 83 45 ad
350 676 110 45 quod
419 676 97 45 est
474 676 179 45 potentia.
598 676 69 45 BEt

167 707 154 49 decepit
279 707 126 49 alios
363 707 84 49 in
405 707 112 49 hanc
475 707 182 49 potentiam
601 707 70 49 es-

170 745 84 51 se
212 745 197 51 coniunctam
367 745 98 51 cum
423 745 127 51 forma
507 745 141 51 ignis,
592 745 70 51 qui

173 783 95 51 est
227 783 81 51 in
267 783 122 51 actu,
348 783 95 51 per
402 783 189 51 potentiam,
551 783 108 51 quae
605 783 68 51 est

169 821 195 50 coniuncta
319 821 105 50 cum
379 821 105 50 ea,
438 821 150 50 quando
528 821 135 50 violen-

167 861 106 49 tatur
238 861 71 49 ab
273 861 130 49 aliquo,
368 861 118 49 quando
451 861 165 49 generatur,
580 861 71 49 ne
604 861 59 49 mo-

165 893 132 46 ueatur
257 893 172 46 superius.
390 893 79 46 Et
430 893 106 46 ista
496 893 159 46 potentia
602 893 66 46 est

168 932 103 39 alia
233 932 64 39 a
258 932 168 39 naturali,
387 932 90 39 cum
439 932 90 39 sit
490 932 168 39 violenta.
607 932 64 39 na-

165 980 150 31 turalis
274 980 123 31 autem
356 980 204 31 impossibile
519 980 95 31 est
574 980 82 31 vt
601 980 68 31 sit

164 1006 182 45 coniuncta
304 1006 98 45 cum
360 1006 126 45 forma
443 1006 140 45 ignis,
527 1006 140 45 scilicet

164 1048 183 45 potentia,
305 1048 113 45 quae
375 1048 99 45 est
432 1048 85 45 in
474 1048 113 45 igne
544 1048 85 45 ad
572 1048 99 45 motum

166 1090 161 45 superius.
290 1090 74 45 Et
327 1090 74 45 si
364 1090 87 45 hoc
414 1090 124 45 esset,
501 1090 99 45 tunc
563 1090 87 45 duo
600 1090 62 45 com

167 1124 139 38 traria
265 1124 153 38 essenti
376 1124 125 38 eodem
460 1124 181 38 subiecto,
599 1124 70 38 &
613 1124 56 38 in

169 1162 111 41 eodem
243 1162 148 41 tempore,
354 1162 148 41 scilicet
465 1162 148 41 potentia
564 1162 99 41 motus,

167 1198 65 50 &
193 1198 116 50 motus
270 1198 155 50 insimul.
387 1198 103 50 quod
451 1198 90 50 est
490 1198 181 50 impossibile.

171 1237 66 37 &
197 1237 92 37 hoc
250 1237 184 37 manifestum
394 1237 105 37 est.
459 1237 79 37 Et
499 1237 79 37 ex
538 1237 92 37 hac
577 1237 92 37 defi-

164 1277 154 46 nitioe
272 1277 139 46 motus
364 1277 170 46 apparet
488 1277 124 46 bene
550 1277 124 46 impos-

168 1311 134 43 sibile
261 1311 107 43 esse
328 1311 214 43 generationem
502 1311 107 43 esse
568 1311 80 43 ex
595 1311 67 43 non

178 1351 101 51 esse
241 1351 113 51 puro.
317 1351 164 51 generatio
443 1351 101 51 enim
506 1351 88 51 est
557 1351 126 51 motus:
632 1351 38 51 &

170 1389 102 37 est
229 1389 219 37 necessarium
404 1389 102 37 rem
463 1389 131 37 motam
550 1389 117 37 esse
609 1389 58 37 in

168 1429 112 45 actu
238 1429 84 45 ad
280 1429 112 45 esse
350 1429 140 45 motus.
448 1429 70 45 c
476 1429 70 45 &
504 1429 112 45 ideo
560 1429 112 45 impos-

168 1468 136 50 sibile
264 1468 95 50 est
318 1468 150 50 aliquod
427 1468 95 50 ens
481 1468 163 50 generari
604 1468 68 50 a
618 1468 54 50 mo

168 1502 83 52 to,
215 1502 94 52 quod
274 1502 83 52 est
322 1502 71 52 in
357 1502 142 52 potentia
463 1502 83 52 ens
511 1502 118 52 tamen.
593 1502 71 52 v.
617 1502 47 52 g.

172 1541 67 49 am
205 1541 100 49 prima
272 1541 133 49 materia,
372 1541 133 49 secundum
471 1541 89 49 quod
527 1541 111 49 potest
593 1541 78 49 intel

171 1581 119 38 ligi
246 1581 119 38 nuda
320 1581 74 38 a
350 1581 149 38 forma,
454 1581 134 38 nedum
543 1581 89 38 vt
573 1581 89 38 gene

170 1614 129 44 retur
255 1614 86 44 ex
298 1614 100 44 non
356 1614 129 44 esse.
441 1614 100 44 dEt
498 1614 129 44 etiam
570 1614 100 44 appa-

170 1652 103 45 ret
229 1652 103 45 hoc
288 1652 118 45 idem
361 1652 88 45 ex
405 1652 220 45 significato
567 1652 103 45 huius

173 1698 175 46 sermonis,
307 1698 94 46 hoc
361 1698 162 46 generari
482 1698 81 46 ex
523 1698 108 46 hoc.
590 1698 81 46 v.
617 1698 54 46 g.

171 1728 100 43 album
237 1728 100 43 fieri
304 1728 67 43 ex
337 1728 111 43 nigro,
415 1728 55 43 e
437 1728 55 43 &
459 1728 189 43 vniversaliter
603 1728 67 43 con-

170 1772 154 38 trarium
282 1772 84 38 ex
324 1772 196 38 contrario,
479 1772 98 38 non
535 1772 98 38 est
577 1772 84 38 dice

163 1807 86 44 re
206 1807 115 44 quod
277 1807 129 44 ipsum
363 1807 201 44 contrarium
521 1807 158 44 mutatur
622 1807 57 44 in

688 172 107 46 suum
755 172 201 46 contrarium.
915 172 121 46 illam
996 172 107 46 enim
1050 172 147 46 albedinem

688 214 105 52 fieri
758 214 163 52 nigredinem
886 214 175 52 impossibile
1026 214 93 52 est,
1084 214 82 52 aut
1119 214 82 52 ipsum

687 259 135 40 calorem
785 259 135 40 trigus.
883 259 111 40 Illud
957 259 135 40 igitur,
1055 259 98 40 quid
1105 259 98 40 possi-

694 298 110 43 pile
763 298 97 43 est
818 298 207 43 transmutari
984 298 83 43 in
1026 298 179 43 subiectum
1150 298 55 43 ge

681 328 140 51 nerati,
783 328 89 51 est
834 328 127 51 illud,
923 328 76 51 ex
961 328 89 51 quo
1012 328 89 51 est
1050 328 140 51 generatio

690 365 70 36 &
718 365 125 36 illud
802 365 98 36 est
857 365 181 36 subiectum
997 365 195 36 contraril.
1136 365 56 36 Et

687 405 95 37 cum
742 405 95 37 ita
796 405 108 37 sit,
863 405 68 37 &
890 405 95 37 non
944 405 108 37 esse
1012 405 95 37 est
1066 405 108 37 vnum
1120 405 81 37 com-

689 445 166 37 trariorum,
820 445 178 37 impossibile
962 445 83 37 est
1009 445 95 37 eius
1069 445 130 37 naturam
1152 445 47 37 mu

694 484 94 48 tari
753 484 70 48 in
788 484 105 48 esse:
858 484 94 48 ergo
917 484 176 48 impossibile
1057 484 82 48 est
1093 484 105 48 aliquid

685 516 158 48 venerari
803 516 79 48 ex
843 516 92 48 eo,
895 516 105 48 nisi
961 516 92 48 per
1014 516 171 48 accidens.
1132 516 66 48 i&6

695 546 106 49 icitur
770 546 85 49 quod
823 546 85 49 dies
876 546 74 49 fit
918 546 64 49 ex
950 546 106 49 nocte.
1024 546 64 49 i.
1056 546 85 49 post
1099 546 95 49 recesss

686 592 150 55 noctis,
796 592 68 55 &
823 592 164 55 frigidum
946 592 82 55 ex
987 592 150 55 calore.
1096 592 82 55 i.
1123 592 82 55 post

689 629 159 52 calorem.
808 629 93 52 Est
861 629 133 52 igitur
954 629 186 52 necessario
1101 629 133 52 auquid

685 674 90 45 cum
737 674 90 45 quo
788 674 180 45 adiungitur
929 674 90 45 non
981 674 116 45 esse,
1058 674 77 45 ex
1096 674 90 45 quo
1135 674 64 45 fit

690 708 183 47 generatio
831 708 239 47 essentialiter
1027 708 70 47 &
1055 708 98 47 hoc
1098 708 98 47 notum

684 743 107 43 est
745 743 107 43 per
806 743 107 43 se.
867 743 92 43 T&
913 743 168 43 Antiqui
1035 743 138 43 omnes
1112 743 76 43 con

685 782 160 48 ueniunt
802 782 87 48 in
846 782 102 48 hoc
904 782 189 48 loquentes
1049 782 131 48 autem
1122 782 73 48 Sa-

688 821 120 49 raceni
772 821 120 49 habent
857 821 84 49 pro
905 821 157 49 possibili
1025 821 133 49 aliquid
1110 821 96 49 gnari-

685 860 86 49 ex
728 860 157 49 nihilo,
842 860 72 49 &
871 860 143 49 negant
971 860 100 49 hoc
1014 860 186 49 principium.

691 899 70 48 Et
726 899 82 48 cam
773 899 128 48 erroris
866 899 105 48 eorum
936 899 93 48 fuit
995 899 105 48 haec,
1065 899 93 48 quod
1112 899 93 48 senti-

685 932 99 50 tur
741 932 113 50 quod
812 932 127 50 multa
897 932 283 50 comprehensibilia
1123 932 85 50 visu

682 972 229 47 generantur
862 972 98 47 ex
911 972 147 47 rebus
993 972 213 47 incomprehen

686 1010 156 40 sibilibus
806 1010 108 40 visu.
878 1010 72 40 v.
914 1010 72 40 g.
950 1010 108 40 ignis
1021 1010 72 40 ex
1057 1010 108 40 aere:
1129 1010 60 40 &
1141 1010 60 40 sic

685 1046 233 53 imaginantur
872 1046 140 53 primo
966 1046 171 53 aspectu
1075 1046 125 53 possi-

685 1084 108 53 bile
752 1084 108 53 esse
819 1084 148 53 aliquid
927 1084 162 53 generari
1048 1084 81 53 ex
1075 1084 121 53 nihilo,

695 1132 131 42 vulgus
786 1132 105 42 enim
852 1132 92 42 non
904 1132 183 42 intelligit
1048 1132 78 42 de
1087 1132 92 42 non
1127 1132 78 42 esse

685 1163 111 39 nisi
754 1163 138 39 illud,
851 1163 111 39 quod
920 1163 97 39 non
962 1163 235 39 comprehenditur,

688 1200 122 50 visu.
770 1200 68 50 &
797 1200 95 50 sic
851 1200 176 50 accipiunt
986 1200 95 50 rem
1026 1200 176 50 assimilatam

688 1244 96 30 rei
743 1244 110 30 loco
812 1244 124 30 verae
894 1244 110 30 rei,
963 1244 69 30 &
990 1244 192 30 existimant
1127 1244 69 30 im-

698 1276 136 38 possibile
802 1276 83 38 esse
854 1276 146 38 possibile.
969 1276 52 38 g
990 1276 63 38 Et
1021 1276 125 38 nituntur
1115 1276 63 38 ad
1136 1276 52 38 com

685 1313 190 43 firmandum
832 1313 103 43 hoc
890 1313 88 43 ex
934 1313 117 43 hoc,
1008 1313 117 43 quod
1081 1313 103 43 mos
1125 1313 73 43 est

694 1349 129 50 dicere
785 1349 104 50 quod
849 1349 168 50 subiectum
979 1349 104 50 esse
1031 1349 168 50 necessarium

688 1388 116 53 agent,
770 1388 139 53 scilicet
874 1388 162 53 subiectum,
1002 1388 70 53 ex
1037 1388 81 53 quo
1083 1388 81 53 fit
1118 1388 81 53 gnea-

690 1436 113 43 tio,
760 1436 99 43 est
817 1436 183 43 diminutio
958 1436 169 43 agentis,
1084 1436 99 43 hEt
1127 1436 70 43 om-

688 1467 98 39 nia
744 1467 112 39 ista
814 1467 112 39 sunt
884 1467 253 39 existimationes
1081 1467 112 39 vulga-

700 1501 79 41 res,
750 1501 89 41 valde
809 1501 159 41 sufficientes
938 1501 119 41 secundum
1027 1501 109 41 cursum,
1097 1501 99 41 secundum

690 1541 126 45 quem
769 1541 221 45 nutriuntur
943 1541 174 45 homines
1069 1541 95 45 in
1100 1541 95 45 eis,

692 1581 86 37 non
741 1581 147 37 secundum
851 1581 147 37 sermones
962 1581 209 37 sufficientes.
1134 1581 61 37 1
1146 1581 49 37 A-

693 1613 108 53 gens
760 1613 108 53 enim
827 1613 94 53 non
881 1613 121 53 posse
961 1613 121 53 agere
1042 1613 148 53 aliquod
1136 1613 54 53 im

700 1660 140 38 possibile
808 1660 76 38 non
851 1660 119 38 dicitur
938 1660 86 38 esse
992 1660 151 38 diminutio:
1111 1660 76 38 sed
1143 1660 54 38 di-

690 1692 95 47 cere
750 1692 107 47 ipsum
821 1692 119 47 facere
904 1692 131 47 aliquid
1000 1692 190 47 inpossibile,
1142 1692 60 47 ect

695 1728 129 52 posse
780 1728 143 52 facere
881 1728 100 52 est
938 1728 186 52 deceptio.
1081 1728 100 52 Et,
1124 1728 71 52 cum

687 1771 201 39 declaratum
844 1771 100 39 est
902 1771 100 39 hoc
959 1771 229 39 fundamentum,
1131 1771 72 39 di-

692 1804 153 55 camus,
799 1804 77 55 &
830 1804 123 55 quia
906 1804 107 55 hoc
967 1804 214 55 nitebantur
1120 1804 77 55 de
