1416 2066
190 178 200 51 circulare:
347 178 115 51 ergo
419 178 143 51 tempus
519 178 100 51 est
562 178 143 51 circula-

212 213 101 45 re.
269 213 72 45 &
298 213 101 45 hoc
355 213 230 45 existimatur,
542 213 101 45 &c.
600 213 72 45 &
614 213 101 45 quasi

204 253 160 48 aliquis
321 253 204 48 quaereret,
482 253 131 48 quare
555 253 160 48 existima-

206 289 114 42 tur
271 289 146 42 quod,
368 289 114 42 cum
433 289 162 42 tempus
530 289 179 42 mensuraue

207 333 97 30 rit
262 333 124 30 motum
345 333 207 30 circularem,
511 333 69 30 &
539 333 138 30 fuerit
622 333 83 30 men-

202 366 180 48 suratum
333 366 148 48 etiam
431 366 115 48 per
497 366 148 48 motum
579 366 131 48 circu-

204 400 144 43 larem,
305 400 116 43 quod
377 400 116 43 erit
449 400 217 43 circularis.
622 400 72 43 &
637 400 72 43 di-

207 438 119 50 xit:
282 438 119 50 quia
356 438 224 50 existimatur
535 438 119 50 quod
595 438 119 50 mensu-

209 473 148 41 rans,
307 473 82 41 &
340 473 230 41 mensuratum
520 473 164 41 debent
619 473 98 41 esse

203 514 139 57 vnius
280 514 154 57 generis,

240 591 170 49 Dicitur
363 591 139 49 autem
456 591 139 49 recte
549 591 77 49 &
580 591 124 49 quod
642 591 77 49 nu-

196 628 162 46 merus
304 628 180 46 quidem
430 628 126 46 est
503 628 144 46 idem
575 628 144 46 ouium,

209 667 75 51 &
239 667 149 51 canum,
344 667 90 51 si
388 667 179 51 aequalis
523 667 164 51 vterque
627 667 90 51 sit.

206 708 197 52 denarius
353 708 148 52 autem
452 708 115 52 non
517 708 148 52 idem,
599 708 115 52 neque

213 748 141 45 decem
307 748 157 45 eadem.
417 748 141 45 sicut
511 748 141 45 neque
590 748 125 45 trian-

206 788 129 55 guli
287 788 161 55 iidem,
399 788 274 55 aequilaterus,
625 788 81 55 &
641 788 81 55 qui

205 828 156 47 trium
309 828 260 47 inaequalium
517 828 208 47 laterum,
673 828 87 47 &

210 877 137 45 tamen
301 877 153 45 figura
408 877 137 45 eadem
500 877 122 45 est,
576 877 122 45 quia
637 877 76 45 am-

216 909 77 50 bo
255 909 167 50 trianguli
383 909 116 50 sunt.
460 909 116 50 Idem.
537 909 103 50 enim
589 909 128 50 dicitur,

212 946 123 48 cuius
294 946 95 48 non
349 946 164 48 differt.
472 946 177 48 ditrrnia,
608 946 95 48 sed
649 946 68 48 non

208 995 131 40 cuius
296 995 175 40 differt.
427 995 87 40 vt
471 995 204 40 triangulus
616 995 102 40 triam

207 1031 124 52 guli
284 1031 232 52 differentia
470 1031 170 52 differt
578 1031 139 52 diuersi

209 1067 116 59 enim
282 1067 189 59 trianguli
427 1067 131 59 sunt,
515 1067 160 59 figurae
616 1067 102 59 autem

204 1110 132 52 non,
286 1110 115 52 sed
352 1110 99 52 in
401 1110 132 52 vna,
483 1110 82 52 &
516 1110 148 52 eadem
599 1110 115 52 diui-

206 1149 138 45 sione.
303 1149 138 45 figura
399 1149 110 45 enim
469 1149 124 45 talis
551 1149 138 45 quidem
634 1149 83 45 cir-

211 1193 133 49 culus
300 1193 118 49 est,
374 1193 133 49 talis
462 1193 118 49 vero
521 1193 192 49 triangulus.

206 1230 158 44 huius
312 1230 158 44 autem
418 1230 158 44 talis
523 1230 176 44 quidem
629 1230 88 44 est

207 1272 248 43 aequilaterus,
411 1272 131 43 talis
499 1272 116 43 vero
571 1272 102 43 qui
615 1272 102 43 trium

206 1313 238 44 inaequalium
397 1313 190 44 laterum.
539 1313 159 44 figura
635 1313 79 44 igi

205 1353 104 42 tur,
270 1353 65 42 &
296 1353 117 42 haec:
374 1353 169 42 triagulus
505 1353 104 42 enim
570 1353 104 42 est:
622 1353 91 42 triam

207 1393 158 49 gulus
313 1393 158 49 autem
419 1393 123 49 non
489 1393 141 49 idem
577 1393 141 49 est.
648 1393 70 49 Et

203 1436 162 55 numerus
321 1436 147 55 igitur
424 1436 132 55 idem.
512 1436 103 55 non
571 1436 118 55 enim
630 1436 88 55 dif-

202 1477 130 38 fert
283 1477 162 38 numeri
396 1477 243 38 differentia
575 1477 146 38 numerus

203 1517 166 45 horum.
320 1517 199 45 denarius
469 1517 149 45 autem
569 1517 116 45 non
618 1517 100 45 idem

207 1563 121 47 est.
282 1563 91 47 in
328 1563 151 47 quibus
433 1563 121 47 enim
509 1563 181 47 dicitur,
629 1563 91 47 dif-

204 1596 166 54 ferunt:
325 1596 121 54 haec
400 1596 121 54 enim
476 1596 151 54 canes,
582 1596 121 54 illa
642 1596 76 54 ve-

203 1638 95 52 ro
251 1638 126 52 equi
330 1638 142 52 sunt.
424 1638 95 52 Et
472 1638 95 52 de
519 1638 174 52 tempore
630 1638 79 52 qui

207 1682 124 56 dem,
284 1682 78 56 &
315 1682 140 56 ipso,
408 1682 78 56 &
439 1682 93 56 de
486 1682 124 56 ijs,
563 1682 124 56 quae
625 1682 93 56 cir-

200 1717 108 53 ca
254 1717 163 53 ipsum
363 1717 325 53 consyderationi
616 1717 108 53 sunt

203 1764 191 55 propria
342 1764 174 55 dictum
446 1764 104 55 est.

765 172 95 62 Et
813 172 126 62 bene
892 172 174 62 dicitur
1018 172 158 62 etiam,
1129 172 126 62 quod
1192 172 63 62 nu

721 221 160 54 merus
828 221 213 54 hominum,
988 221 89 54 &
1024 221 196 54 numerus
1148 221 89 54 ca-

727 269 112 61 num
791 269 112 61 est
855 269 145 61 idem,
952 269 112 61 cum
1016 269 177 61 vterque
1129 269 112 61 nume-

735 317 96 57 rus
790 317 137 57 fuerit
886 317 110 57 alui
955 317 178 57 aequalis.
1092 317 69 57 &
1106 317 137 57 dicitur,

732 365 112 59 quod
802 365 168 59 denarius
928 365 154 59 numerus
1039 365 98 59 non
1095 365 98 59 est
1137 365 98 59 idem,

732 411 143 55 neque,
832 411 129 55 decem
918 411 100 55 res
975 411 115 55 sunt
1047 411 158 55 eaedem.
1148 411 100 55 quead

727 453 146 61 modum
824 453 228 61 triangulus
1003 453 228 61 aequalium,
1182 453 81 61 &

733 500 196 55 diuersorum
887 500 154 55 laterum
999 500 98 55 non
1055 500 112 55 sunt
1125 500 126 55 idem,
1195 500 56 55 li

733 548 113 62 cet
797 548 113 62 sit
862 548 145 62 eadem
959 548 177 62 figura,
1088 548 129 62 quia
1152 548 97 62 ambo

730 596 122 63 sunt
806 596 213 63 trianguli.
973 596 167 63 Dicitur
1095 596 122 63 enim
1156 596 91 63 ali-

730 639 118 60 quid
804 639 118 60 esse
877 639 132 60 idem,
966 639 147 60 quando
1069 639 103 60 non
1113 639 132 60 differt

736 683 88 63 in
780 683 233 63 differentia,
970 683 73 63 &
999 683 160 63 dicitur
1116 683 117 63 esse
1174 683 73 63 di-

734 733 179 61 uersum,
864 733 163 61 quando
978 733 244 61 differentia
1157 733 98 61 eius

732 781 142 60 fuerit
831 781 171 60 diuersa,
960 781 114 60 ver.
1031 781 85 60 g.
1059 781 171 60 triangulus

729 828 172 58 quoniam
855 828 204 58 trianguli
1011 828 172 58 diuersi
1121 828 125 58 diffe-

732 870 114 61 runt
803 870 86 61 in
846 870 214 61 differentia
1017 870 128 61 eius,
1102 870 86 61 in
1131 870 114 61 figura

744 916 111 46 vero
814 916 97 46 non
869 916 195 46 differunt,
1022 916 97 46 sed
1064 916 181 46 collocantur

732 964 93 62 in
779 964 140 62 eadem
872 964 217 62 diuisione.
1043 964 171 62 quoniam
1152 964 93 62 figu

735 1012 77 55 ra
774 1012 116 55 illa,
851 1012 103 55 quae
915 1012 90 55 est
967 1012 129 55 talis,
1057 1012 90 55 est
1095 1012 129 55 circulus

736 1057 68 64 &
764 1057 122 64 illa,
845 1057 109 64 quae
913 1057 95 64 est
967 1057 136 64 talis,
1062 1057 95 64 est
1103 1057 136 64 triangu-

732 1101 112 61 lus,
802 1101 70 61 &
830 1101 196 61 trianculus
984 1101 126 61 ille,
1069 1101 98 61 qui
1125 1101 98 61 est
1167 1101 70 61 ta-

731 1149 120 45 lis,
806 1149 105 45 est
866 1149 195 45 aequalium
1017 1149 180 45 laterum,
1152 1149 75 45 &
1167 1149 75 45 il-

729 1197 94 57 le,
782 1197 94 57 qui
836 1197 94 57 est
890 1197 135 57 talis,
984 1197 94 57 est
1038 1197 188 57 diuersorum
1173 1197 67 57 la-

728 1243 158 64 terum.
839 1243 79 64 &
871 1243 221 64 triangulus
1044 1243 111 64 est
1108 1243 142 64 eadem
1187 1243 63 64 si

730 1301 128 45 gura,
815 1301 85 45 et
857 1301 99 45 non
914 1301 99 45 est
971 1301 128 45 eadem
1056 1301 170 45 intentio
1183 1301 85 45 in

730 1337 158 49 numero.
844 1337 86 49 Et
887 1337 158 49 numerus
1002 1337 129 49 etiam
1088 1337 100 49 est
1131 1337 100 49 idem.

733 1381 80 54 &
765 1381 112 54 non
829 1381 225 54 diuersatur
1006 1381 96 54 in
1054 1381 145 54 rebus
1135 1381 112 54 natu-

737 1428 152 47 ralibus
848 1428 83 47 in
889 1428 208 47 differentia
1055 1428 152 47 numeri.
1152 1428 97 47 decem

738 1476 122 47 vero
814 1476 107 47 non
875 1476 122 47 sunt
951 1476 137 47 idem.
1028 1476 214 47 diuersantur,

741 1522 112 56 enim
811 1522 84 56 in
853 1522 139 56 rebus,
950 1522 84 56 de
992 1522 139 56 quibus
1076 1522 153 56 dicuntur,

730 1565 172 62 quoniam
855 1565 172 62 possunt
980 1565 125 62 esse
1059 1565 172 62 numerus
1168 1565 78 62 ca-

732 1629 145 45 num,
823 1629 91 45 &
859 1629 200 45 numerus
1004 1629 218 45 equorum.
1149 1629 91 45 Iam

732 1661 177 63 ligitur
861 1661 241 63 comple:imus
1054 1661 193 63 sermonem
1183 1661 64 63 de

734 1717 198 51 tempore,
882 1717 83 51 &
915 1717 99 51 de
965 1717 149 51 rebus
1047 1717 198 51 perscrutan

728 1752 102 50 dis
787 1752 87 50 in
830 1752 102 50 hac
874 1752 247 50 consyderatione.
