1416 2066
183 180 117 63 quod
257 180 250 63 augmentabile,
462 180 73 63 &
492 180 220 63 diminuibile
653 180 59 63 ne

203 220 108 54 cesse
275 220 84 54 est
323 220 72 54 vt
359 220 156 54 alteratio
479 220 156 54 praecedat
599 220 108 54 illa,
659 220 48 54 de

206 261 150 53 clarauit
319 261 100 53 hoc,
382 261 63 53 &
407 261 75 53 d.
444 261 163 53 augmentum
569 261 100 53 enim
619 261 88 53 potes

204 300 142 55 dicere,
307 300 90 55 &c.
359 300 78 55 i.
398 300 65 55 &
424 300 142 55 necesse
527 300 90 55 est
579 300 78 55 vt
605 300 103 55 augmen

209 341 141 49 tabile
308 341 198 49 alteretur:
464 341 71 49 &
492 341 113 49 tunc
548 341 156 49 augebitur

203 381 136 53 quodam
299 381 109 53 modo
366 381 68 53 a
394 381 149 53 simili,
502 381 68 53 &
529 381 190 53 quodammodo
665 381 41 53 a

208 420 179 48 contrario.
349 420 77 48 i.
387 420 141 48 quoniam
490 420 205 48 nutrimentum,
643 420 64 48 per

202 456 113 57 quod
273 456 99 57 fit
329 456 198 57 augmentum,
485 456 142 57 quodam
584 456 113 57 modo
641 456 71 57 est

201 495 167 44 simile,
322 495 76 44 &
352 495 152 44 quodam
459 495 121 44 modo
519 495 182 44 contrarium

221 533 104 41 Et,
280 533 104 41 cum
340 533 133 41 dixit
429 533 104 41 hoc
488 533 89 41 de
517 533 193 41 nutrimento,

204 573 115 37 dedit
281 573 128 37 causam
370 573 77 37 in
409 573 102 37 hoc,
473 573 64 37 &
498 573 128 37 dixit:
575 573 128 37 nutrmen-

204 613 81 37 tum
251 613 93 37 enim
309 613 128 37 dicitur
402 613 93 37 esse
460 613 163 37 contrarium
588 613 70 37 ad
611 613 93 37 contra

205 647 106 43 rium,
276 647 82 43 &c.
323 647 71 43 i.
358 647 82 43 est
405 647 94 43 enim
464 647 153 43 concessum
582 647 94 43 quod
629 647 82 43 nihil

204 684 106 53 agit
270 684 79 53 in
310 684 159 53 aliquod,
429 684 106 53 nisi
495 684 199 53 contrarium.
654 684 79 53 &,

201 732 113 42 quia
271 732 183 42 nutribile
413 732 113 42 agit
483 732 85 42 in
511 732 198 42 nutrimentum,

206 760 90 42 nec
258 760 103 42 esse
322 760 90 42 est
374 760 77 42 vt
412 760 77 42 in
451 760 181 42 nutrimento
593 760 90 42 sit
632 760 77 42 ali-

202 804 95 40 qua
257 804 108 40 pars
324 804 190 40 contraria,
474 804 81 40 &,
514 804 108 40 quia
568 804 136 40 nutrimen

194 835 120 52 tum
262 835 223 52 copulatur
434 835 103 52 in
485 835 206 52 postremo
622 835 86 52 cum

201 877 169 38 nutribili,
334 877 133 38 necesse
431 877 85 38 est
479 877 73 38 vt
516 877 73 38 in
552 877 73 38 eo
588 877 85 38 sit
624 877 73 38 ali-

196 909 95 53 qua
251 909 109 53 pars
319 909 163 53 similis.
441 909 68 53 &
468 909 95 53 hoc
522 909 176 53 innuebat,
644 909 68 53 cum

195 949 146 52 dixit:
298 949 73 52 &
327 949 103 52 non
386 949 190 52 copulatur
532 949 88 52 in
576 949 117 52 omni
635 949 73 52 ge-

201 988 138 47 nerato,
302 988 88 47 &c.
352 988 88 47 Et,
402 988 88 47 cum
452 988 175 47 declarauit
589 988 100 47 quod
639 988 63 47 nu-

200 1024 166 52 trimentum
328 1024 89 52 est
379 1024 192 52 contrarium,
532 1024 64 52 &
558 1024 102 52 quod
609 1024 102 52 trans-

196 1061 135 42 fertur
291 1061 81 42 de
332 1061 230 42 contrarietate
521 1061 81 42 in
548 1061 162 42 similitudi

201 1106 78 35 nem
246 1106 134 35 scilicet
346 1106 67 35 de
380 1106 145 35 contrario
492 1106 67 35 in
525 1106 145 35 contrarit
637 1106 78 35 in,
670 1106 34 35 &

199 1139 234 39 transinutatio,
394 1139 104 39 quae
460 1139 91 39 est
512 1139 78 39 in
538 1139 169 39 contrarijs,

201 1174 87 51 est
250 1174 174 51 alteratio,
387 1174 162 51 conclusit
512 1174 75 51 ex
549 1174 87 51 hoc
599 1174 100 51 quod
649 1174 62 51 nu-

203 1216 174 46 trimentum
337 1216 188 46 alteratur,
484 1216 67 46 &
511 1216 107 46 tunc
578 1216 134 46 auget,
672 1216 67 46 &

198 1250 134 40 dixit:
292 1250 148 40 necesse
399 1250 94 40 est
453 1250 81 40 vt
493 1250 215 40 transmutatio
654 1250 54 40 de

193 1287 188 35 contrario
337 1287 87 35 in
380 1287 202 35 contrarium
540 1287 101 35 sit
583 1287 130 35 altera-

192 1333 112 34 tio.
262 1333 112 34 D.d.
332 1333 112 34 Sed,
402 1333 98 34 cum
457 1333 140 34 fuerit
541 1333 168 34 alteratio,

185 1365 148 44 necesse
292 1365 94 44 est
346 1365 81 44 vt
386 1365 94 44 sit
440 1365 148 44 aliquod
548 1365 175 44 alterans.
669 1365 40 44 &

199 1400 105 52 hoc
259 1400 210 52 manifestum
424 1400 105 52 est
483 1400 105 52 per
543 1400 105 52 se.
588 1400 120 52 D.mani

205 1437 147 41 festauit
315 1437 98 41 hoc,
376 1437 61 41 &
400 1437 86 41 di.
449 1437 98 41 quod
510 1437 147 41 extrahit
608 1437 98 41 illud,

199 1477 101 38 quod
263 1477 89 38 est
313 1477 165 38 potentia,
440 1477 89 38 &c.
491 1477 76 38 i.
529 1477 63 38 &
554 1477 139 38 necesse
643 1477 63 38 est

204 1513 74 41 vt
241 1513 149 41 alterans
352 1513 87 41 sit
402 1513 111 41 extra
476 1513 173 41 alteratum,
612 1513 62 41 &
624 1513 87 41 aliud

194 1548 88 53 ab
238 1548 102 53 eo.
297 1548 161 53 quoniam
414 1548 175 53 alterans
545 1548 102 53 est
589 1548 117 53 illud,

199 1593 104 45 quod
264 1593 157 45 extrahit
382 1593 91 45 rem
434 1593 78 45 de
473 1593 157 45 potentia
591 1593 78 45 in
617 1593 91 45 actum

193 1629 78 37 in
232 1629 181 37 qualitate,
374 1629 155 37 secundum
491 1629 104 37 quod
556 1629 155 37 alterat.
659 1629 52 37 v.

193 1663 95 53 gr.
248 1663 149 53 quoniam
356 1663 122 53 facit
438 1663 136 53 illud,
533 1663 109 53 quod
600 1663 95 53 est
655 1663 81 53 in

195 1701 159 49 potentia
314 1701 133 49 calidu
407 1701 80 49 n,
447 1701 93 49 vel
500 1701 172 49 frigidum,
619 1701 93 49 cali-

195 1749 102 43 dum
254 1749 88 43 in
298 1749 131 43 actu,
385 1749 102 43 aut
443 1749 190 43 frigidum.
589 1749 73 43 &
604 1749 102 43 impos

200 1775 126 54 sibile
289 1775 88 54 est
339 1775 76 54 vt
377 1775 126 54 illud,
466 1775 101 54 quod
529 1775 88 54 est
580 1775 76 54 in
605 1775 101 54 poten-

197 1812 91 46 tia
249 1812 156 46 calidum,
366 1812 91 46 au:
418 1812 169 46 frigidum,
547 1812 104 46 fiat
599 1812 117 46 calidum

729 181 83 53 in
771 181 125 53 actu,
854 181 97 53 aut
909 181 166 53 frigidum
1034 181 83 53 in
1076 181 125 53 actu,
1159 181 111 53 nisi
1214 181 42 53 l

731 220 206 46 transmutans
896 220 96 46 sit
951 220 151 46 calidum
1061 220 83 46 in
1103 220 124 46 actu,
1171 220 69 46 vel

724 260 168 53 frigidum
850 260 84 53 in
892 260 126 53 actu.
976 260 112 53 D.d.
1047 260 84 53 Et
1075 260 168 53 manifestum

731 300 83 52 emt
778 300 94 52 quod
837 300 165 52 dispositio
967 300 142 52 motoris,
1074 300 83 52 &c.
1121 300 71 52 i.
1156 300 59 52 &
1168 300 71 52 quia

732 341 121 47 primum
817 341 157 47 alterans,
938 341 97 47 quod
998 341 85 47 non
1046 341 169 47 alteratur,
1180 341 85 47 non

726 379 133 39 alterat
822 379 133 39 semper,
919 379 85 39 sed
967 379 169 39 quandoque,
1100 379 133 39 necesse
1185 379 60 39 est

728 419 87 38 vt
771 419 101 38 non
829 419 144 38 habeat
930 419 87 38 se
973 419 101 38 cum
1031 419 173 38 alterato
1160 419 72 38 a
1175 419 72 38 ea-

730 456 85 54 dem
778 456 145 54 dispone,
887 456 85 54 sed
936 456 157 54 quandoque
1044 456 194 54 appropinquetur

729 495 85 50 ei,
777 495 61 50 &
802 495 146 50 alteret,
911 495 61 50 &
935 495 158 50 quandoque
1057 495 182 50 remoueatur,
1203 495 61 50 &

728 533 95 52 non
783 533 162 52 alteret:
904 533 68 52 &
932 533 230 52 propinquitas,
1121 533 68 52 &
1135 533 108 52 distam

723 573 89 46 tia
774 573 89 46 non
825 573 101 46 est,
888 573 101 46 nisi
951 573 89 46 per
1002 573 228 46 translationem:
1180 573 63 46 er-

731 608 78 52 go
770 608 182 52 translatio
913 608 169 52 praecedit
1042 608 195 52 naturaliter
1185 608 52 52 al

728 653 197 45 terationem,
885 653 157 45 scilicet
1003 653 118 45 quod,
1082 653 92 45 cum
1121 653 118 45 vtraque

720 684 133 39 fuerit
813 684 80 39 in
853 684 120 39 actu:
932 684 133 39 deinde
1025 684 159 39 alterans
1132 684 106 39 altera

727 723 113 40 uit,
797 723 169 40 postquam
924 723 99 40 non
981 723 198 40 alterabat:
1122 723 113 40 neces-

727 762 83 40 se
769 762 97 40 est
824 762 83 40 vt
866 762 152 40 alterum
977 762 166 40 moueatur
1101 762 83 40 in
1129 762 97 40 loco-

725 800 83 39 aut
773 800 154 39 alterans,
891 800 83 39 aut
939 800 166 39 alteratum,
1069 800 83 39 aut
1104 800 119 39 vtrumque

724 836 86 50 Si
767 836 130 50 autem
853 836 159 50 alterum
969 836 144 50 fuerit
1055 836 173 50 generatum,

726 873 100 42 aut
783 873 185 42 vtrumque,
925 873 71 42 &
954 873 200 42 posuerimus
1111 873 100 42 hoc
1153 873 86 42 esse

722 917 140 44 causam
820 917 126 44 eius,
904 917 112 44 quod
974 917 182 44 quandoque
1099 917 140 44 alterat,

725 949 67 45 &
751 949 174 45 quandoque
885 949 107 45 non,
952 949 241 45 manifestabitur
1154 949 107 45 quod

726 987 194 50 translatio
879 987 125 50 debet
962 987 194 50 praecedere
1114 987 125 50 eodem
1184 987 55 50 mo

727 1024 106 50 do,
787 1024 106 50 cum
848 1024 197 50 alteratio
1000 1024 136 50 etiam
1075 1024 167 50 praecedat

725 1067 262 41 generationem.
941 1067 201 41 generatio
1095 1067 124 41 enim
1157 1067 77 41 aut

726 1100 92 46 est
779 1100 185 46 alteratio,
924 1100 92 46 aut
977 1100 159 46 sequitur
1082 1100 159 46 alteratio-

724 1135 110 49 nem.
793 1135 97 49 Et,
848 1135 97 49 cum
904 1135 193 49 declarauit
1056 1135 110 49 quod
1111 1135 124 49 transla

728 1174 93 47 tio
781 1174 173 47 praecedit
914 1174 120 47 istos
994 1174 106 47 duos
1060 1174 133 47 motus,
1153 1174 66 47 &
1167 1174 66 47 di-

721 1213 103 38 xit:
786 1213 78 38 Si
824 1213 129 38 igitur
915 1213 129 38 fuerit
1005 1213 194 38 necessarium
1160 1213 78 38 vt
1186 1213 52 38 mo

729 1247 95 44 tus
784 1247 177 44 continuus
920 1247 109 44 sit,
988 1247 95 44 &c.
1042 1247 136 44 idest,
1138 1247 68 44 &
1151 1247 82 44 hoc,

725 1292 119 41 quod
799 1292 148 41 dixit,
903 1292 119 41 bene
977 1292 193 41 sequitur.
1111 1292 133 41 quoniam

727 1324 92 38 cum
780 1324 145 38 fuerit,
885 1324 145 38 necesse
991 1324 92 38 est
1043 1324 79 38 vt
1083 1324 92 38 sit
1136 1324 92 38 hic
1175 1324 53 38 mo

728 1362 90 45 tus
779 1362 166 45 aeternus:
907 1362 64 45 &
933 1362 115 45 motus
1010 1362 154 45 aeternus
1125 1362 90 45 est
1163 1362 77 45 pri-

724 1396 114 51 mus,
795 1396 71 51 &
824 1396 129 51 motus
909 1396 143 51 primus
1009 1396 100 51 est
1052 1396 186 51 translatio:

730 1445 139 29 necesse
831 1445 101 29 est,
894 1445 76 29 si
932 1445 126 29 fuerit
1021 1445 88 29 hic
1071 1445 114 29 motus
1134 1445 101 29 aeter-

727 1477 102 38 nus,
791 1477 77 38 vt
829 1477 89 38 sit
880 1477 89 38 hic
932 1477 179 38 translatio
1072 1477 153 38 aeterna.
1174 1477 64 38 Et,

728 1510 117 56 quia
802 1510 205 56 translatio
963 1510 161 56 quaedam
1080 1510 103 56 est
1124 1510 117 56 prior,

731 1549 68 45 v.
765 1549 169 45 circularis,
900 1549 56 45 &
922 1549 124 45 quaedam
1013 1549 158 45 posterior,
1125 1549 113 45 scilicet

731 1590 114 44 recta,
810 1590 68 44 d.
844 1590 68 44 &,
879 1590 68 44 si
913 1590 114 44 aliqua
993 1590 159 44 translatio
1118 1590 80 44 est
1152 1590 91 44 prior,

727 1628 101 38 &c.
784 1628 86 38 i.
827 1628 72 38 &
856 1628 158 38 apparet
971 1628 130 38 etiam
1058 1628 86 38 ex
1101 1628 101 38 hoc
1144 1628 101 38 sermo

729 1664 74 42 ne
766 1664 74 42 in
803 1664 87 42 hoc
853 1664 112 42 loco,
927 1664 74 42 si
964 1664 174 42 translatio
1101 1664 124 42 fuerit
1175 1664 62 42 duo

741 1701 79 53 pus
786 1701 102 53 modis
854 1701 136 53 scilicet
956 1701 113 53 prior,
1035 1701 57 53 &
1058 1701 159 53 posterior,
1171 1701 68 53 quod

730 1741 111 46 prior
804 1741 86 46 est
853 1741 148 46 aeterna.
964 1741 62 46 &
989 1741 99 46 ista
1051 1741 173 46 prioritas,
1174 1741 62 46 si-

731 1776 96 41 cut
786 1776 165 41 diximus,
910 1776 220 41 declarabitur
1089 1776 96 41 hic
1145 1776 83 41 eo
1172 1776 69 41 mo-

723 1813 98 56 do,
779 1813 168 56 secundum
905 1813 112 56 quem
975 1813 168 56 sequitur
1102 1813 84 56 vt
1130 1813 112 56 trans
