1416 2066
155 181 104 50 quod
220 181 157 50 intendit
338 181 104 50 hic,
403 181 196 50 quemadmodum
560 181 91 50 non
612 181 91 50 in¬

163 228 117 39 tendit
245 228 152 39 declarare
362 228 82 39 hic
409 228 105 39 quod,
480 228 82 39 cum
526 228 117 39 corpus
597 228 70 39 cir-

166 260 123 38 culare
252 260 148 38 mouetur,
363 260 86 38 non
412 260 111 38 mutat
486 260 111 38 locum
547 260 123 38 secundum

160 294 122 45 totum,
245 294 110 45 neque
318 294 85 45 est
367 294 73 45 in
404 294 73 45 eo
440 294 134 45 punctus
538 294 73 45 in
574 294 110 45 actu,
635 294 37 45 a

160 339 99 47 quo
216 339 183 47 incoepit,
357 339 71 47 &
386 339 85 47 ad
428 339 113 47 quem
499 339 183 47 peruenit,
626 339 42 47 &

170 372 116 47 vtitur
251 372 93 47 loco
309 372 93 47 eius
367 372 104 47 illo,
437 372 93 47 quid
494 372 127 47 mouetur
587 372 69 47 su
610 372 58 47 per

156 411 160 39 spatium
273 411 203 39 circulare,
433 411 102 39 cum
491 411 102 39 sit
534 411 131 39 manife-

163 446 123 44 stius
245 446 82 44 in
286 446 96 44 hoc
341 446 123 44 loco.
423 446 109 44 D.d.
491 446 164 44 Oppositi
601 446 68 44 ve-

166 484 56 52 ro
194 484 66 52 &c.
231 484 56 52 i.
260 484 47 52 &
278 484 75 52 alia
325 484 85 52 causa
382 484 66 52 est
420 484 85 52 estia
476 484 113 52 scilicet
561 484 103 52 quoniam
626 484 38 52 mo

167 520 100 50 tus
224 520 186 50 contraril
367 520 100 50 non
424 520 114 50 sunt
495 520 114 50 nisi
553 520 114 50 motus,

162 560 84 43 qui
210 560 96 43 sunt
270 560 72 43 in
306 560 108 43 eadem
378 560 180 43 longitudine
521 560 144 43 secundum
617 560 48 43 re

157 597 194 37 ssexionem.
309 597 111 37 D.d.
379 597 69 37 &
406 597 111 37 ideo
475 597 97 37 non
531 597 97 37 est
572 597 97 37 remo-

169 636 103 48 tum,
234 636 90 48 &c.
285 636 77 48 i.
324 636 116 48 motus
401 636 116 48 autem
479 636 116 48 super
543 636 129 48 circulum

168 676 85 38 non
216 676 85 38 est
265 676 158 38 ressexus,
386 676 61 38 &
410 676 97 38 ideo
471 676 85 38 non
520 676 85 38 est
556 676 109 38 remotum

171 717 81 45 vt
211 717 108 45 iste
278 717 121 45 motus
359 717 94 45 sit
413 717 189 45 continuus,
561 717 67 45 &
575 717 94 45 perpe

160 753 106 41 tuus.
231 753 94 41 D.d.
289 753 70 41 Et
325 753 106 41 motus
395 753 106 41 etiam
465 753 70 41 in
501 753 117 41 eadem,
583 753 82 41 &c.
618 753 47 41 i.

164 788 68 38 &
192 788 136 38 illud,
287 788 109 38 quid
355 788 150 38 mouetur
464 788 109 38 motu
519 788 150 38 circulari

170 823 76 44 non
214 823 87 44 erit
268 823 65 44 in
301 823 98 44 eodem
366 823 98 44 loco,
431 823 130 44 secundum
518 823 152 44 reuersionem,

168 863 72 48 ad
204 863 120 48 illud.
288 863 108 48 motus
360 863 120 48 autem,
444 863 72 48 in
480 863 84 48 quo
528 863 120 48 illud,
600 863 72 48 quid

167 901 155 47 mouetur,
283 901 168 47 perueniet
413 901 78 47 ad
451 901 116 47 locum
529 901 103 47 post
581 901 90 47 aliud

168 938 107 40 sine
234 938 187 40 reuersione
381 938 80 40 ad
421 938 133 40 locum,
514 938 80 40 ex
554 938 93 40 quo
594 938 67 40 mo-

171 980 121 44 uebatur
259 980 143 44 possibile
369 980 77 44 est
413 980 66 44 vt
445 980 77 44 sit
489 980 99 44 motus
544 980 121 44 cotinuus,

172 1012 98 50 D.d.
233 1012 111 50 motus
307 1012 123 50 autem,
393 1012 74 50 in
430 1012 86 50 quo
479 1012 123 50 illud,
566 1012 98 50 quid
615 1012 49 50 mo

168 1053 137 40 uetur,
264 1053 96 40 est
319 1053 82 40 in
360 1053 123 40 eodem
442 1053 109 40 loco
497 1053 164 40 multotiens

174 1086 166 44 impossibile
307 1086 78 44 est
351 1086 67 44 vt
385 1086 78 44 sit
429 1086 155 44 continuus.
551 1086 67 44 i.
573 1086 89 44 motus,

171 1125 76 39 in
209 1125 89 39 quo
260 1125 127 39 illud,
349 1125 101 39 quid
412 1125 152 39 mouetur,
526 1125 101 39 erit
590 1125 76 39 in
615 1125 51 39 eo

166 1165 90 45 dem
218 1165 103 45 loco
282 1165 232 45 fxressexionem,
476 1165 64 45 &
488 1165 181 45 reuersionem,

171 1205 190 38 impossibile
324 1205 89 38 est
374 1205 76 38 vt
412 1205 89 38 sit
463 1205 178 38 continuus.
603 1205 63 38 &
615 1205 51 38 mo

168 1246 93 46 tus,
227 1246 70 46 in
262 1246 82 46 quo
308 1246 116 46 illud,
390 1246 93 46 quid
448 1246 128 46 mouetur
541 1246 93 46 erit
599 1246 70 46 in
622 1246 47 46 eo

170 1277 85 39 dem
218 1277 97 39 loco
279 1277 182 39 multotiens,
424 1277 85 39 non
472 1277 145 39 secundum
569 1277 97 39 reffe-

170 1317 136 37 tionem,
269 1317 161 37 possibile
393 1317 87 37 est
442 1317 74 37 vt
479 1317 87 37 sit
516 1317 149 37 continuus.

172 1351 109 51 quoniam
251 1351 99 51 illud,
321 1351 79 51 quod
370 1351 109 51 mouetur
450 1351 119 51 secundum
529 1351 139 51 ressexionem,

167 1390 170 53 necessario
300 1390 146 53 quescit,
409 1390 73 53 Et
446 1390 109 53 illud
519 1390 97 53 quod
579 1390 85 53 non
616 1390 49 53 mo

168 1429 104 45 uetur
238 1429 139 45 secundum
342 1429 186 45 ressexionem,
493 1429 81 45 non
539 1429 81 45 est
574 1429 93 45 neces-

167 1473 121 47 sarium
251 1473 72 47 vt
288 1473 157 47 quiescat.
408 1473 97 47 D.d.
469 1473 133 47 causam,
553 1473 109 47 propter

175 1506 96 48 quam
235 1506 84 48 est
283 1506 180 48 impossibile
428 1506 72 48 vt
464 1506 120 48 illud,
548 1506 96 48 quid
596 1506 60 48 per

175 1547 106 39 uenit
246 1547 71 39 in
281 1547 118 39 eundem
364 1547 106 39 locum
435 1547 142 39 secundum
529 1547 130 39 refsexio-

164 1582 109 50 nem,
232 1582 163 50 moueatur
355 1582 177 50 continue,
490 1582 68 50 &
518 1582 82 50 d.
545 1582 122 50 quoniam

169 1620 139 50 necesse
270 1620 101 50 est,
334 1620 76 50 vt
372 1620 126 50 illud,
460 1620 101 50 quid
523 1620 139 50 mouetur
612 1620 63 50 hoc

165 1661 150 37 motu,
265 1661 199 37 moueatur
415 1661 166 37 duobus
514 1661 150 37 motibus

167 1700 164 39 oppositis
294 1700 152 39 insimul,
408 1700 76 39 vt
445 1700 177 39 declaratum
585 1700 88 39 est
622 1700 51 39 in

168 1737 179 46 praedicto
306 1737 165 46 sermone.
429 1737 110 46 D.d.
498 1737 82 46 Et
539 1737 110 46 ideo
594 1737 69 46 im-

169 1772 167 52 possibile
297 1772 90 52 est
349 1772 77 52 vt
387 1772 141 52 aliquid
490 1772 167 52 moueatur,
605 1772 64 52 &c.

160 1812 73 46 i.
196 1812 61 46 &
221 1812 85 46 hoc
269 1812 85 46 non
318 1812 134 46 accidit
415 1812 73 46 in
451 1812 146 46 ressexo,
549 1812 121 46 secundum

687 181 87 45 quod
742 181 76 45 est
785 181 131 45 ressexum
884 181 98 45 super
949 181 109 45 lineam
1025 181 120 45 rectam,
1102 181 109 45 quoniam,

688 223 85 43 hoc
736 223 133 43 accidit
833 223 109 43 etiam
905 223 72 43 in
941 223 133 43 refsexo
1038 223 109 43 super
1098 223 97 43 lineam

689 254 211 51 circularem,
858 254 98 51 aut
914 254 169 51 sequitur
1026 254 169 51 semicircu-

689 294 106 51 lum,
755 294 93 51 aut
808 294 119 51 super
888 294 119 51 alium
967 294 133 51 arcum,
1060 294 93 51 aut
1100 294 93 51 maio-

683 333 102 37 rem,
747 333 89 37 aut
798 333 153 37 minorem.
913 333 102 37 D.d.
976 333 140 37 necesse
1078 333 89 37 est
1117 333 76 37 enim

691 374 83 36 vt
733 374 166 36 moueatur
857 374 194 36 multotiens
1010 374 139 36 eisdem
1093 374 97 36 moti-

695 406 94 44 pus.
754 406 70 44 i.
789 406 59 44 &
812 406 105 44 causa
883 406 70 44 in
918 406 82 44 hoc
965 406 94 44 est,
1023 406 129 44 quoniam
1105 406 94 44 illud,

688 447 107 48 quod
755 447 147 48 mouetur
862 447 161 48 ressexe,
982 447 94 48 non
1035 447 147 48 mouetur
1129 447 67 48 vno

678 492 137 31 motu,
769 492 106 31 sed
830 492 167 31 necesse
951 492 106 31 est
1012 492 91 31 vt
1042 492 152 31 moueatur

684 523 207 40 multotiens
847 523 163 40 motibus
966 523 148 40 eisdem
1069 523 89 40 in
1099 523 89 40 spe-

693 563 111 37 cie,
763 563 69 37 &
790 563 167 37 diuersis
915 563 83 37 in
957 563 139 37 numero
1040 563 153 37 pluribus.

692 597 111 45 D.d.
762 597 70 45 &
789 597 83 45 vt
831 597 223 45 transmutetur
1012 597 125 45 modis
1082 597 111 45 trans-

686 641 180 33 mutationis
828 641 193 33 contrarijs.
982 641 77 33 i.
1021 641 64 33 &
1047 641 142 33 necesse
1137 641 64 33 est

689 673 80 41 vt
729 673 134 41 illud,
822 673 107 41 quid
889 673 147 41 mouetur
996 673 161 41 ressexe,
1103 673 94 41 mouea

683 710 91 44 tur
735 710 117 44 modis
813 710 130 44 motuum
904 710 195 44 contrarijs,
1061 710 65 44 &
1087 710 104 44 tram
1139 710 52 44 s-

686 757 182 37 mutationes
829 757 182 37 contrariae
972 757 195 37 impossibile
1115 757 78 37 est,

692 789 68 48 vt
726 789 91 48 sint
782 789 125 48 eaedem.
873 789 91 48 D.d.
930 789 125 48 quoniam
1021 789 102 48 finis
1089 789 79 48 non
1123 789 68 48 com-

685 826 166 47 iungitur
810 826 97 47 cum
865 826 194 47 principio,
1018 826 97 47 &c.
1073 826 83 47 i.
1115 826 69 47 &
1129 826 69 47 cau

691 861 70 50 sa
726 861 70 50 in
761 861 82 50 hoc
808 861 93 50 est,
866 861 128 50 quoniam
960 861 128 50 punctus
1053 861 82 50 qui
1100 861 82 50 est
1135 861 58 50 fi-

687 909 106 39 nis,
753 909 66 39 &
780 909 159 39 punctus,
899 909 93 39 qui
952 909 93 39 est
1005 909 186 39 principium
1138 909 53 39 in

690 937 114 41 motu
761 937 100 41 non
818 937 199 41 circulari,
974 937 114 41 sunt
1046 937 100 41 duo
1088 937 100 41 ratio

687 977 99 48 ne,
743 977 71 48 &
772 977 184 48 subiecto,
913 977 71 48 &
941 977 99 48 non
984 977 212 48 coniunguntur,

684 1013 139 45 adinuicem,
793 1013 119 45 scilicet
883 1013 70 45 ita
923 1013 80 45 quod
972 1013 70 45 sit
1012 1013 80 45 idem
1062 1013 60 45 in
1082 1013 109 45 subiecto,

688 1060 178 38 principium,
830 1060 142 38 scilicet
937 1060 107 38 vnius
1008 1060 119 38 motus,
1091 1060 59 38 &
1103 1060 83 38 finis

684 1088 189 42 alterius.
830 1088 73 42 &
859 1088 102 42 hoc
917 1088 218 42 intendebat,
1092 1088 102 42 cum
1136 1088 58 42 d.

686 1126 138 53 quoniam
787 1126 113 53 finis
862 1126 88 53 non
913 1126 188 53 coniungitur
1063 1126 88 53 cum
1101 1126 88 53 prin-

688 1162 146 53 cipio:
790 1162 131 53 motus
878 1162 146 53 autem,
980 1162 102 53 qui
1038 1162 102 53 est
1082 1162 102 53 super

691 1200 164 47 circulum,
817 1200 151 47 punctus,
930 1200 88 47 qui
981 1200 88 47 est
1031 1200 75 47 in
1069 1200 75 47 eo
1094 1200 88 47 prin-

680 1244 155 38 cipium,
792 1244 112 38 idem
863 1244 98 38 est
919 1244 98 38 cum
975 1244 127 38 fine,
1045 1244 141 38 scilicet

688 1284 159 45 quoniam
803 1284 115 45 sunt
875 1284 115 45 vnum
947 1284 188 45 subiecto,
1091 1284 72 45 &
1106 1284 72 45 duo

686 1317 157 49 ratione,
804 1317 118 49 finis
883 1317 131 49 igitur
974 1317 79 49 in
1014 1317 79 49 eo
1053 1317 92 49 est
1092 1317 79 49 con-

684 1356 161 39 iunctus
802 1356 103 39 cum
860 1356 205 39 principio:
1022 1356 88 39 in
1051 1356 132 39 circulo

680 1388 117 46 enim
753 1388 146 46 nullus
856 1388 102 46 est
914 1388 161 46 punctus
1016 1388 161 46 naturali-

687 1429 98 45 ter,
748 1429 110 45 idest
821 1429 110 45 actu,
894 1429 85 45 qui
943 1429 85 45 sit
992 1429 183 45 principium,
1126 1429 61 45 aut

685 1468 139 51 finis:
783 1468 84 51 &,
824 1468 98 51 cum
880 1468 139 51 fuerit
978 1468 195 51 imaginatus
1131 1468 84 51 in

686 1504 160 43 circulo,
806 1504 107 43 tunc
872 1504 107 43 erit
939 1504 200 43 principium,
1099 1504 67 43 &
1112 1504 67 43 fi-

678 1541 110 45 nis.
747 1541 220 45 extremitates
926 1541 110 45 vero
995 1541 138 45 lineae
1077 1541 110 45 rectae

683 1581 119 52 sunt
757 1581 104 52 duo
817 1581 148 52 puncta
921 1581 89 52 in
950 1581 104 52 actu.

726 1620 210 47 Manifestum
891 1620 135 47 autem
980 1620 105 47 est
1040 1620 75 47 &
1070 1620 90 47 ex
1100 1620 75 47 hac

687 1661 160 45 diuisioe
807 1661 107 45 quod
874 1661 94 45 non
927 1661 120 45 alios
1007 1661 174 45 contingit
1128 1661 53 45 mo

682 1701 89 45 tus
733 1701 102 45 esse
797 1701 178 45 continuos.
937 1701 76 45 in
975 1701 140 45 omnibus
1077 1701 102 45 enim
1128 1701 51 45 ac

689 1741 110 53 cidit
762 1741 146 53 secundum
872 1741 110 53 eadem
945 1741 122 53 moueri
1031 1741 122 53 saepe.
1116 1741 73 53 vt
1140 1741 37 53 i

680 1787 211 39 alteratione
849 1787 98 39 per
905 1787 141 39 media,
1003 1787 70 39 &
1031 1787 84 39 in
1074 1787 98 39 eo,
1116 1787 56 39 qu

678 1829 111 53 est
742 1829 254 53 quantitatis,
948 1829 111 53 per
1012 1829 159 53 medias
1107 1829 64 53 ma
