1416 2066
200 173 102 57 ior,
264 173 89 57 qua
315 173 178 57 indigentia
455 173 165 57 habentium
582 173 140 57 animas.
671 173 51 57 de

214 227 111 39 motis
288 227 99 39 enim
350 227 185 39 naturaliter
498 227 136 39 apparet
597 227 99 39 quod
658 227 86 39 non

219 260 154 46 mouentur,
338 260 95 46 nisi
397 260 166 46 generentur
527 260 71 46 in
563 260 107 46 locis
622 260 95 46 extra-

214 292 112 46 neis,
288 292 87 46 aut
338 292 161 46 patiantur
462 292 149 46 violente
573 292 149 46 quietem,
685 292 62 46 &

210 333 79 45 post
260 333 109 45 recedet
339 333 149 45 violentans.
458 333 50 45 &
478 333 169 45 vniversaliter
617 333 89 45 motor
666 333 50 45 est

206 367 148 48 generans
317 367 74 48 in
353 367 99 48 eis,
415 367 86 48 aut
464 367 148 48 auferens
563 367 160 48 violentiam,

214 403 72 39 vt
250 403 193 39 declarabitur
407 403 108 39 post.
479 403 72 39 Et
515 403 96 39 ideo
575 403 72 39 d.
612 403 84 39 sed
648 403 72 39 ista

204 444 136 38 semper
300 444 163 38 mouentur
422 444 82 38 ab
463 444 136 38 aliquo
544 444 163 38 extriseco,

219 484 91 44 viuu
275 484 102 44 autem
343 484 125 44 dicitur
434 484 113 44 mouere
513 484 79 44 se.
558 484 57 44 &
581 484 136 44 vtrumque
672 484 45 44 in

212 516 87 51 rei
261 516 161 51 veritate,
385 516 74 51 vt
422 516 99 51 post
484 516 198 51 declarabitur
632 516 87 51 indi-

215 561 88 47 get
266 561 125 47 motore
353 561 188 47 extrinseco:
504 561 88 47 sed
554 561 88 47 est
591 561 113 47 latenti

215 596 63 38 in
247 596 147 38 habentibus
363 596 116 38 animas.
447 596 63 38 Et
479 596 84 38 ista
531 596 137 38 dicicutur
637 596 84 38 mota
679 596 42 38 ex

211 632 82 42 se,
258 632 94 42 illa
317 632 105 42 autem
387 632 94 42 non:
446 632 94 42 quia
504 632 94 42 ista
551 632 164 42 existimantur

214 669 112 50 posse
288 669 137 50 moueri,
388 669 62 50 &
412 669 149 50 quescere
524 669 75 50 ex
561 669 87 50 se,
611 669 99 50 quod
661 669 62 50 nin

216 708 152 38 inuenitur
333 708 70 38 in
368 708 94 38 eis,
427 708 94 38 quae
486 708 140 38 mouentur
579 708 129 38 naturali-

220 745 91 42 ter.
277 745 80 42 Et,
322 745 80 42 cum
368 745 114 42 posuit
447 745 102 42 hanc,
516 745 148 42 proponem,
618 745 91 42 dicem-

216 782 80 50 tem
261 782 92 50 quod
319 782 69 50 in
353 782 160 50 habentibus
479 782 114 50 animas
559 782 80 50 fit
605 782 103 50 motus
662 782 57 50 si-

213 821 69 37 ne
247 821 92 37 motu
304 821 172 37 precedente,
442 821 103 37 dixit
511 821 149 37 possibile
626 821 80 37 est
661 821 57 37 hoc

207 860 78 38 in
246 860 117 38 toto.
324 860 168 38 D.induxit
453 860 220 38 similitudinem
621 860 91 38 inter

210 901 84 37 ea,
258 901 60 37 &
282 901 72 37 d.
318 901 133 37 quoniam
415 901 72 37 si
451 901 84 37 hoc
499 901 84 37 est
547 901 72 37 in
583 901 120 37 mundo,
656 901 60 37 &c.

214 933 61 48 i.
244 933 112 48 quoniam
326 933 112 48 animal,
407 933 82 48 quod
458 933 112 48 mouetur
540 933 61 48 ex
570 933 71 48 se,
601 933 112 48 assimila-

210 979 83 34 tur
257 979 95 34 toti
317 979 71 34 in
352 979 95 34 hoc,
411 979 95 34 quod
470 979 106 34 totum
541 979 130 34 mouetur
636 979 71 34 ex
660 979 47 34 se

213 1008 104 42 licet
283 1008 115 42 corpus
363 1008 150 42 coeleste.
479 1008 161 42 Similitudo
606 1008 92 42 enim
652 1008 69 42 iter

212 1046 161 49 animalia,
335 1046 62 49 &
360 1046 124 49 corpus
446 1046 148 49 coeleste
557 1046 99 49 est,
607 1046 111 49 quoniam

212 1092 173 39 vtrunque
341 1092 159 39 mouetur
457 1092 86 39 ex
500 1092 101 39 se.
557 1092 72 39 &
572 1092 144 39 quemadmo

209 1124 88 39 dum
260 1124 101 39 alii
323 1124 113 39 motus
398 1124 176 39 reducuntur
536 1124 75 39 in
574 1124 138 39 animali
662 1124 50 39 ad

218 1160 122 49 primum
303 1160 146 49 motorem,
412 1160 85 49 qui
461 1160 85 49 non
509 1160 146 49 mouetur,
619 1160 85 49 ita
655 1160 61 49 est

215 1195 65 48 in
248 1195 97 48 mundo
313 1195 108 48 magno.
388 1195 54 48 &
410 1195 97 48 ideo.
475 1195 119 48 dicitur
561 1195 87 48 quod
616 1195 87 48 homo
659 1195 54 48 est

213 1233 153 41 mundus
320 1233 169 41 paruus.
443 1233 92 41 Et
489 1233 123 41 iste
566 1233 138 41 sermo
642 1233 77 41 est

217 1270 190 44 rhetoricus,
369 1270 139 44 quamnis
471 1270 152 44 iudicium
584 1270 76 44 in
610 1270 101 44 radice

202 1310 75 36 non
245 1310 75 36 sit
288 1310 96 36 verum
352 1310 128 36 scilicet
448 1310 85 36 quod
501 1310 96 36 motus
565 1310 96 36 nouus
630 1310 75 36 sit
672 1310 64 36 in

208 1348 157 38 animali
322 1348 114 38 sine
393 1348 114 38 motu
465 1348 200 38 pecedenti:
621 1348 71 38 &
636 1348 71 38 non

214 1385 86 41 dat
263 1385 98 41 quod
324 1385 135 41 necesse
422 1385 86 41 est
472 1385 74 41 vt
508 1385 110 41 motus
582 1385 110 41 nonus
643 1385 74 41 sit,

211 1420 80 50 sed
256 1420 80 50 dat
302 1420 80 50 hoc
348 1420 92 50 esse
406 1420 161 50 possibile.
532 1420 80 50 Est
578 1420 115 50 igitur
647 1420 69 50 quod

216 1459 113 39 super
292 1459 150 39 sermonen
404 1459 188 39 praedictum.
554 1459 63 39 a
579 1459 100 39 D.d.
642 1459 75 39 &,
667 1459 50 39 si

209 1497 98 41 est
265 1497 84 41 in
307 1497 127 41 undo,
392 1497 98 41 &c.
448 1497 70 41 &
476 1497 84 41 d.
518 1497 98 41 hoc
560 1497 155 41 contradi-

219 1532 132 45 cendo
307 1532 191 45 Antiquis,
454 1532 206 45 dicentibus
601 1532 118 45 mundum

215 1572 156 39 generari
332 1572 78 39 ex
371 1572 78 39 re
410 1572 169 39 infinita,
541 1572 117 39 sicut
606 1572 104 39 plures

217 1602 133 50 dicunt
310 1602 80 50 in
350 1602 93 50 cam
403 1602 173 50 materiali
537 1602 120 50 sicut
603 1602 107 50 Anaxag

216 1645 61 50 in
246 1645 101 50 mixto.
317 1645 61 50 D.
348 1645 111 50 igitur,
429 1645 61 50 si
459 1645 71 50 est
499 1645 132 50 possibile
601 1645 61 50 vt
621 1645 91 50 finitum

217 1685 136 50 moueatur
319 1685 136 50 secundum
421 1685 113 50 totum,
500 1685 125 50 postque
591 1685 79 50 non
625 1685 91 50 moueba

218 1722 74 49 tur
261 1722 116 49 omnino,
345 1722 138 49 possibile
451 1722 85 49 erit
504 1722 74 49 hoc
547 1722 64 49 in
578 1722 138 49 infinito,
674 1722 42 49 si

217 1757 85 50 est
266 1757 158 50 possibile
387 1757 73 50 vt
424 1757 158 50 infinitum
546 1757 146 50 recipiat
643 1757 73 50 vnum

211 1796 141 38 motum
305 1796 94 38 in
352 1796 172 38 omnibus
477 1796 125 38 suis
540 1796 172 38 partibus,

774 173 149 60 Horum
874 173 166 60 igitur
990 173 116 60 id,
1056 173 133 60 quod
1122 173 133 60 primum

729 220 156 54 dictum
839 220 109 54 est
901 220 109 54 non
964 220 156 54 eundem
1073 220 172 54 semper,
1198 220 78 54 &

737 260 131 47 vnum
819 260 164 47 numero
934 260 131 47 esse
1016 260 164 47 motum,
1131 260 115 47 qui
1180 260 66 47 ad

739 299 148 47 opposita
850 299 99 47 fit,
912 299 111 47 recte
986 299 136 47 dicitur
1084 299 86 47 hoc
1134 299 99 47 enim
1183 299 62 47 for

732 341 143 44 tassis
832 341 214 44 necessarium
1003 341 114 44 est,
1075 341 86 44 si
1117 341 100 44 non
1160 341 86 44 sem-

740 382 112 48 per
804 382 144 48 vnum,
900 382 80 48 &
932 382 160 48 eundem
1043 382 128 48 esse
1107 382 144 48 possibi

731 421 102 45 le
782 421 119 45 est
850 421 154 45 vnius
953 421 85 45 &
987 421 188 45 eiusdem
1106 421 137 45 motum.

735 462 125 45 dico
813 462 140 45 autem
907 462 93 45 vt
954 462 140 45 vtrum
1047 462 140 45 vnius
1125 462 109 45 chor-

735 502 99 52 dae
791 502 127 52 vnus,
876 502 85 52 et
918 502 113 52 idem
989 502 127 52 sonus
1074 502 113 52 sit,
1144 502 85 52 an
1172 502 71 52 sem

730 540 99 54 per
787 540 142 54 alius,
886 540 114 54 ipsa
957 540 185 54 similiter
1099 540 85 54 se
1127 540 114 54 haben-

731 583 118 43 te,
799 583 84 43 &
832 583 152 43 mota.
933 583 185 43 Attamen
1052 583 185 43 qualiter-

736 625 145 47 cunque
838 625 145 47 tandem
940 625 87 47 se
983 625 160 47 habeat,
1100 625 131 47 nihil
1172 625 73 47 pro

736 668 148 39 hibet
834 668 148 39 vnum,
933 668 82 39 &
966 668 164 39 eundem
1081 668 131 39 esse
1146 668 99 39 ali-

732 706 147 44 quem,
830 706 114 44 quo
895 706 212 44 continuus
1058 706 131 44 est,
1124 706 114 44 atque

730 757 254 37 perpetuus.
929 757 254 37 manifestum
1111 757 127 37 autem

730 789 117 45 erit
803 789 131 45 magis
891 789 88 45 ex
935 789 117 45 ijs,
1008 789 117 45 quae
1066 789 175 45 posterius.

775 828 178 61 Dicamus
904 828 161 61 igitur
1017 828 97 61 ad
1065 828 129 61 hoc.
1130 828 113 61 sermo

736 873 96 57 aut,
796 873 84 57 qui
844 873 108 57 primo
916 873 96 57 fuit
976 873 120 57 dictus
1060 873 144 57 scilicet
1168 873 96 57 quod

732 922 131 56 motus
820 922 87 56 ad
863 922 189 56 contraria
1009 922 102 56 non
1067 922 102 56 est
1125 922 145 56 semper

733 965 113 61 idem
804 965 85 61 in
846 965 156 61 numero,
960 965 142 61 rectus
1059 965 113 61 est.
1115 965 128 61 dignius

736 1012 93 62 est
789 1012 147 62 igitur,
896 1012 80 62 vt
936 1012 93 62 sit
989 1012 214 62 necessarium,
1163 1012 80 62 si
1190 1012 53 62 mo

733 1061 94 59 tus
786 1061 147 59 eiusdem
893 1061 94 59 rei
947 1061 94 59 non
1000 1061 134 59 semper
1094 1061 94 59 est
1134 1061 107 59 possi-

736 1105 92 62 bile
793 1105 69 62 vt
827 1105 80 62 sit
873 1105 92 62 idem
931 1105 138 62 scilicet
1034 1105 69 62 v.
1069 1105 69 62 g.
1103 1105 103 62 vtrum
1161 1105 80 62 sonus

738 1148 163 53 eiusdem
857 1148 163 53 chordae
975 1148 104 53 sit
1034 1148 133 53 idem,
1123 1148 104 53 aut
1167 1148 74 53 est

729 1199 145 59 semper
831 1199 116 59 vnus
904 1199 116 59 post
976 1199 145 59 alium,
1078 1199 131 59 licet
1151 1199 87 59 chor

731 1244 78 63 da
770 1244 92 63 sit
822 1244 144 63 eiusdem
927 1244 222 63 dispositiois.
1110 1244 92 63 Et,
1149 1244 92 63 licet

730 1293 213 61 moueatur,
894 1293 115 61 sed
959 1293 197 61 secundum
1091 1293 164 61 vtrumli,

736 1341 93 45 bet
789 1341 146 45 istorum
895 1341 146 45 fuerit,
1001 1341 119 45 nihil
1080 1341 159 45 prohibet
1186 1341 53 45 vt

739 1386 94 48 sit
792 1386 94 48 hic
846 1386 107 48 vnus
913 1386 134 48 motus,
1007 1386 81 48 ex
1047 1386 107 48 hoc,
1114 1386 107 48 quod
1168 1386 67 48 est

728 1431 216 44 continuus,
897 1431 77 44 &
928 1431 201 44 aeternus.
1083 1431 77 44 &
1114 1431 108 44 hoc
1160 1431 77 44 de-

734 1477 216 62 clarabitur
904 1477 124 62 post
965 1477 124 62 magis.

763 1533 98 51 Cum
819 1533 155 51 induxit
932 1533 98 51 has
988 1533 112 51 tres
1058 1533 169 51 quodnes,
1185 1533 98 51 in

734 1573 126 45 coepit
823 1573 177 45 dissoluere
961 1573 101 45 eas.
1025 1573 63 45 &
1050 1573 114 45 primo
1125 1573 76 45 de
1151 1573 88 45 quae-

737 1607 123 43 stione,
826 1607 123 43 dicente
916 1607 89 43 quod
972 1607 168 43 impossibile
1106 1607 78 43 est
1151 1607 67 43 vt
1173 1607 67 43 inue

744 1650 114 45 niatur
823 1650 103 45 motus
892 1650 160 45 infinitus:
1018 1650 126 45 quoniam
1109 1650 103 45 omnis
1166 1650 57 45 mot

733 1685 86 37 est
782 1685 74 37 ex
819 1685 161 37 contrario
943 1685 74 37 ad
980 1685 185 37 contrarium.
1128 1685 86 37 Et,
1165 1685 74 37 quia

741 1719 95 51 pont
800 1719 130 51 aliquis
895 1719 154 51 rnundendo
1014 1719 119 51 dicere
1097 1719 107 51 quod,
1156 1719 83 51 ficet

732 1756 114 39 motus
809 1756 102 39 sint
872 1756 140 39 finiti,
974 1756 102 39 quia
1038 1756 102 39 sunt
1101 1756 76 39 ex
1127 1756 114 39 contra-

727 1795 91 47 tio,
783 1795 57 47 &
806 1795 68 47 in
840 1795 170 47 contrarium,
977 1795 102 47 tamen
1045 1795 80 47 non
1090 1795 80 47 est
1124 1795 114 47 remotum
