<?xml version="1.0" encoding="UTF-8"?>
<alto xmlns:xsi="http://www.w3.org/2001/XMLSchema-instance"
      xmlns="http://www.loc.gov/standards/alto/ns-v2#"
      xmlns:page="http://schema.primaresearch.org/PAGE/gts/pagecontent/2013-07-15"
      xsi:schemaLocation="http://www.loc.gov/standards/alto/ns-v2# http://www.loc.gov/standards/alto/alto.xsd">
   <Description>
      <MeasurementUnit>pixel</MeasurementUnit>
      <OCRProcessing ID="IdOcr">
         <ocrProcessingStep>
            <processingDateTime>2021-02-13T08:26:27.414-05:00</processingDateTime>
            <processingSoftware>
               <softwareCreator>READ COOP</softwareCreator>
               <softwareName>Transkribus</softwareName>
            </processingSoftware>
         </ocrProcessingStep>
      </OCRProcessing>
   </Description>
   <Tags/>
   <Layout>
      <Page ID="Page1" PHYSICAL_IMG_NR="1" HEIGHT="2066" WIDTH="1416">
         <TopMargin HEIGHT="0" WIDTH="1416" VPOS="0" HPOS="0"/>
         <LeftMargin HEIGHT="2066" WIDTH="0" VPOS="0" HPOS="0"/>
         <RightMargin HEIGHT="2066" WIDTH="0" VPOS="0" HPOS="1416"/>
         <BottomMargin HEIGHT="0" WIDTH="1416" VPOS="2066" HPOS="0"/>
         <PrintSpace HEIGHT="2066" WIDTH="1416" VPOS="0" HPOS="0">
            <TextBlock ID="TextRegion_1611924081954_587"
                       HEIGHT="1812"
                       WIDTH="518"
                       VPOS="139"
                       HPOS="192">
               <Shape>
                  <Polygon POINTS="192,139 710,139 710,1951 192,1951"/>
               </Shape>
               <TextLine ID="line_1611924073972_574"
                         BASELINE="242"
                         HEIGHT="61"
                         WIDTH="499"
                         VPOS="181"
                         HPOS="187">
                  <String HEIGHT="61"
                          WIDTH="304"
                          VPOS="181"
                          HPOS="165"
                          CONTENT="Quapropter"/>
                  <SP HEIGHT="61" WIDTH="22" VPOS="181" HPOS="469"/>
                  <String HEIGHT="61" WIDTH="108" VPOS="181" HPOS="404" CONTENT="&amp;"/>
                  <SP HEIGHT="61" WIDTH="22" VPOS="181" HPOS="512"/>
                  <String HEIGHT="61"
                          WIDTH="217"
                          VPOS="181"
                          HPOS="447"
                          CONTENT="vacuum"/>
                  <SP HEIGHT="61" WIDTH="22" VPOS="181" HPOS="664"/>
                  <String HEIGHT="61"
                          WIDTH="108"
                          VPOS="181"
                          HPOS="578"
                          CONTENT="vi"
                          SUBS_TYPE="HypPart1"
                          SUBS_CONTENT="videtur"/>
                  <HYP CONTENT="-"/>
               </TextLine>
               <TextLine ID="r1l7"
                         BASELINE="274"
                         HEIGHT="48"
                         WIDTH="481"
                         VPOS="226"
                         HPOS="195">
                  <String HEIGHT="48"
                          WIDTH="135"
                          VPOS="226"
                          HPOS="180"
                          CONTENT="detur"
                          SUBS_TYPE="HypPart2"
                          SUBS_CONTENT="videtur"/>
                  <SP HEIGHT="48" WIDTH="15" VPOS="226" HPOS="315"/>
                  <String HEIGHT="48"
                          WIDTH="165"
                          VPOS="226"
                          HPOS="270"
                          CONTENT="aliquid"/>
                  <SP HEIGHT="48" WIDTH="15" VPOS="226" HPOS="436"/>
                  <String HEIGHT="48"
                          WIDTH="135"
                          VPOS="226"
                          HPOS="390"
                          CONTENT="esse,"/>
                  <SP HEIGHT="48" WIDTH="15" VPOS="226" HPOS="526"/>
                  <String HEIGHT="48"
                          WIDTH="120"
                          VPOS="226"
                          HPOS="481"
                          CONTENT="quia"/>
                  <SP HEIGHT="48" WIDTH="15" VPOS="226" HPOS="601"/>
                  <String HEIGHT="48" WIDTH="75" VPOS="226" HPOS="556" CONTENT="&amp;"/>
                  <SP HEIGHT="48" WIDTH="15" VPOS="226" HPOS="631"/>
                  <String HEIGHT="48"
                          WIDTH="105"
                          VPOS="226"
                          HPOS="571"
                          CONTENT="locus"/>
               </TextLine>
               <TextLine ID="r1l9"
                         BASELINE="314"
                         HEIGHT="44"
                         WIDTH="487"
                         VPOS="270"
                         HPOS="190">
                  <String HEIGHT="44" WIDTH="97" VPOS="270" HPOS="174" CONTENT="et"/>
                  <SP HEIGHT="44" WIDTH="16" VPOS="270" HPOS="271"/>
                  <String HEIGHT="44" WIDTH="114" VPOS="270" HPOS="222" CONTENT="per"/>
                  <SP HEIGHT="44" WIDTH="16" VPOS="270" HPOS="336"/>
                  <String HEIGHT="44"
                          WIDTH="162"
                          VPOS="270"
                          HPOS="287"
                          CONTENT="eadem."/>
                  <SP HEIGHT="44" WIDTH="16" VPOS="270" HPOS="450"/>
                  <String HEIGHT="44"
                          WIDTH="146"
                          VPOS="270"
                          HPOS="401"
                          CONTENT="venit"/>
                  <SP HEIGHT="44" WIDTH="16" VPOS="270" HPOS="547"/>
                  <String HEIGHT="44"
                          WIDTH="130"
                          VPOS="270"
                          HPOS="498"
                          CONTENT="enim"/>
                  <SP HEIGHT="44" WIDTH="16" VPOS="270" HPOS="628"/>
                  <String HEIGHT="44"
                          WIDTH="114"
                          VPOS="270"
                          HPOS="563"
                          CONTENT="motus"/>
               </TextLine>
               <TextLine ID="r1l11"
                         BASELINE="367"
                         HEIGHT="75"
                         WIDTH="502"
                         VPOS="292"
                         HPOS="191">
                  <String HEIGHT="75" WIDTH="86" VPOS="292" HPOS="179" CONTENT="qui"/>
                  <SP HEIGHT="75" WIDTH="12" VPOS="292" HPOS="264"/>
                  <String HEIGHT="75"
                          WIDTH="147"
                          VPOS="292"
                          HPOS="228"
                          CONTENT="secundum"/>
                  <SP HEIGHT="75" WIDTH="12" VPOS="292" HPOS="375"/>
                  <String HEIGHT="75"
                          WIDTH="110"
                          VPOS="292"
                          HPOS="338"
                          CONTENT="locum"/>
                  <SP HEIGHT="75" WIDTH="12" VPOS="292" HPOS="448"/>
                  <String HEIGHT="75" WIDTH="98" VPOS="292" HPOS="411" CONTENT="est,"/>
                  <SP HEIGHT="75" WIDTH="12" VPOS="292" HPOS="509"/>
                  <String HEIGHT="75" WIDTH="73" VPOS="292" HPOS="473" CONTENT="et"/>
                  <SP HEIGHT="75" WIDTH="12" VPOS="292" HPOS="546"/>
                  <String HEIGHT="75" WIDTH="98" VPOS="292" HPOS="509" CONTENT="ijs,"/>
                  <SP HEIGHT="75" WIDTH="12" VPOS="292" HPOS="607"/>
                  <String HEIGHT="75" WIDTH="86" VPOS="292" HPOS="571" CONTENT="qui"/>
                  <SP HEIGHT="75" WIDTH="12" VPOS="292" HPOS="656"/>
                  <String HEIGHT="75"
                          WIDTH="86"
                          VPOS="292"
                          HPOS="607"
                          CONTENT="locum"/>
               </TextLine>
               <TextLine ID="r1l13"
                         BASELINE="395"
                         HEIGHT="39"
                         WIDTH="496"
                         VPOS="356"
                         HPOS="190">
                  <String HEIGHT="39"
                          WIDTH="150"
                          VPOS="356"
                          HPOS="175"
                          CONTENT="dicunt"/>
                  <SP HEIGHT="39" WIDTH="15" VPOS="356" HPOS="325"/>
                  <String HEIGHT="39"
                          WIDTH="120"
                          VPOS="356"
                          HPOS="280"
                          CONTENT="esse"/>
                  <SP HEIGHT="39" WIDTH="15" VPOS="356" HPOS="400"/>
                  <String HEIGHT="39"
                          WIDTH="165"
                          VPOS="356"
                          HPOS="355"
                          CONTENT="aliquid"/>
                  <SP HEIGHT="39" WIDTH="15" VPOS="356" HPOS="521"/>
                  <String HEIGHT="39"
                          WIDTH="165"
                          VPOS="356"
                          HPOS="476"
                          CONTENT="praeter"/>
                  <SP HEIGHT="39" WIDTH="15" VPOS="356" HPOS="641"/>
                  <String HEIGHT="39"
                          WIDTH="105"
                          VPOS="356"
                          HPOS="581"
                          CONTENT="inci"
                          SUBS_TYPE="HypPart1"
                          SUBS_CONTENT="incidentia"/>
                  <HYP CONTENT="-"/>
               </TextLine>
               <TextLine ID="r1l15"
                         BASELINE="436"
                         HEIGHT="39"
                         WIDTH="493"
                         VPOS="397"
                         HPOS="194">
                  <String HEIGHT="39"
                          WIDTH="145"
                          VPOS="397"
                          HPOS="180"
                          CONTENT="dentia"
                          SUBS_TYPE="HypPart2"
                          SUBS_CONTENT="incidentia"/>
                  <SP HEIGHT="39" WIDTH="15" VPOS="397" HPOS="325"/>
                  <String HEIGHT="39"
                          WIDTH="174"
                          VPOS="397"
                          HPOS="281"
                          CONTENT="corpora,"/>
                  <SP HEIGHT="39" WIDTH="15" VPOS="397" HPOS="455"/>
                  <String HEIGHT="39" WIDTH="73" VPOS="397" HPOS="412" CONTENT="&amp;"/>
                  <SP HEIGHT="39" WIDTH="15" VPOS="397" HPOS="484"/>
                  <String HEIGHT="39"
                          WIDTH="116"
                          VPOS="397"
                          HPOS="441"
                          CONTENT="iis,"/>
                  <SP HEIGHT="39" WIDTH="15" VPOS="397" HPOS="557"/>
                  <String HEIGHT="39" WIDTH="102" VPOS="397" HPOS="513" CONTENT="qui"/>
                  <SP HEIGHT="39" WIDTH="15" VPOS="397" HPOS="615"/>
                  <String HEIGHT="39"
                          WIDTH="131"
                          VPOS="397"
                          HPOS="557"
                          CONTENT="vacuum."/>
               </TextLine>
               <TextLine ID="r1l17"
                         BASELINE="484"
                         HEIGHT="51"
                         WIDTH="489"
                         VPOS="433"
                         HPOS="196">
                  <String HEIGHT="51"
                          WIDTH="163"
                          VPOS="433"
                          HPOS="180"
                          CONTENT="causam"/>
                  <SP HEIGHT="51" WIDTH="16" VPOS="433" HPOS="343"/>
                  <String HEIGHT="51"
                          WIDTH="147"
                          VPOS="433"
                          HPOS="294"
                          CONTENT="autem"/>
                  <SP HEIGHT="51" WIDTH="16" VPOS="433" HPOS="440"/>
                  <String HEIGHT="51"
                          WIDTH="147"
                          VPOS="433"
                          HPOS="392"
                          CONTENT="motus"/>
                  <SP HEIGHT="51" WIDTH="16" VPOS="433" HPOS="538"/>
                  <String HEIGHT="51"
                          WIDTH="163"
                          VPOS="433"
                          HPOS="489"
                          CONTENT="putant"/>
                  <SP HEIGHT="51" WIDTH="16" VPOS="433" HPOS="652"/>
                  <String HEIGHT="51" WIDTH="98" VPOS="433" HPOS="587" CONTENT="esse"/>
               </TextLine>
               <TextLine ID="r1l19"
                         BASELINE="522"
                         HEIGHT="43"
                         WIDTH="495"
                         VPOS="479"
                         HPOS="194">
                  <String HEIGHT="43"
                          WIDTH="182"
                          VPOS="479"
                          HPOS="178"
                          CONTENT="vacuum,"/>
                  <SP HEIGHT="43" WIDTH="17" VPOS="479" HPOS="359"/>
                  <String HEIGHT="43"
                          WIDTH="132"
                          VPOS="479"
                          HPOS="310"
                          CONTENT="sic,"/>
                  <SP HEIGHT="43" WIDTH="17" VPOS="479" HPOS="442"/>
                  <String HEIGHT="43" WIDTH="99" VPOS="479" HPOS="392" CONTENT="vt"/>
                  <SP HEIGHT="43" WIDTH="17" VPOS="479" HPOS="491"/>
                  <String HEIGHT="43" WIDTH="99" VPOS="479" HPOS="442" CONTENT="in"/>
                  <SP HEIGHT="43" WIDTH="17" VPOS="479" HPOS="541"/>
                  <String HEIGHT="43" WIDTH="116" VPOS="479" HPOS="491" CONTENT="quo"/>
                  <SP HEIGHT="43" WIDTH="17" VPOS="479" HPOS="607"/>
                  <String HEIGHT="43"
                          WIDTH="149"
                          VPOS="479"
                          HPOS="541"
                          CONTENT="mouent."/>
               </TextLine>
               <TextLine ID="r1l21"
                         BASELINE="575"
                         HEIGHT="54"
                         WIDTH="494"
                         VPOS="521"
                         HPOS="191">
                  <String HEIGHT="54" WIDTH="112" VPOS="521" HPOS="175" CONTENT="hoc"/>
                  <SP HEIGHT="54" WIDTH="16" VPOS="521" HPOS="287"/>
                  <String HEIGHT="54"
                          WIDTH="143"
                          VPOS="521"
                          HPOS="239"
                          CONTENT="autem"/>
                  <SP HEIGHT="54" WIDTH="16" VPOS="521" HPOS="382"/>
                  <String HEIGHT="54"
                          WIDTH="127"
                          VPOS="521"
                          HPOS="334"
                          CONTENT="tale"/>
                  <SP HEIGHT="54" WIDTH="16" VPOS="521" HPOS="462"/>
                  <String HEIGHT="54"
                          WIDTH="143"
                          VPOS="521"
                          HPOS="414"
                          CONTENT="erit,"/>
                  <SP HEIGHT="54" WIDTH="16" VPOS="521" HPOS="558"/>
                  <String HEIGHT="54"
                          WIDTH="159"
                          VPOS="521"
                          HPOS="510"
                          CONTENT="qualem"/>
                  <SP HEIGHT="54" WIDTH="16" VPOS="521" HPOS="669"/>
                  <String HEIGHT="54"
                          WIDTH="80"
                          VPOS="521"
                          HPOS="605"
                          CONTENT="lo"
                          SUBS_TYPE="HypPart1"
                          SUBS_CONTENT="locum"/>
                  <HYP CONTENT="-"/>
               </TextLine>
               <TextLine ID="r1l23"
                         BASELINE="623"
                         HEIGHT="58"
                         WIDTH="396"
                         VPOS="565"
                         HPOS="195">
                  <String HEIGHT="58"
                          WIDTH="121"
                          VPOS="565"
                          HPOS="178"
                          CONTENT="cum"
                          SUBS_TYPE="HypPart2"
                          SUBS_CONTENT="locum"/>
                  <SP HEIGHT="58" WIDTH="17" VPOS="565" HPOS="298"/>
                  <String HEIGHT="58"
                          WIDTH="172"
                          VPOS="565"
                          HPOS="247"
                          CONTENT="dicunt"/>
                  <SP HEIGHT="58" WIDTH="17" VPOS="565" HPOS="419"/>
                  <String HEIGHT="58"
                          WIDTH="172"
                          VPOS="565"
                          HPOS="367"
                          CONTENT="quidam"/>
                  <SP HEIGHT="58" WIDTH="17" VPOS="565" HPOS="539"/>
                  <String HEIGHT="58"
                          WIDTH="121"
                          VPOS="565"
                          HPOS="470"
                          CONTENT="esse."/>
               </TextLine>
               <TextLine ID="r1l25"
                         BASELINE="670"
                         HEIGHT="65"
                         WIDTH="452"
                         VPOS="605"
                         HPOS="240">
                  <String HEIGHT="65" WIDTH="94" VPOS="605" HPOS="224" CONTENT="Et"/>
                  <SP HEIGHT="65" WIDTH="16" VPOS="605" HPOS="318"/>
                  <String HEIGHT="65"
                          WIDTH="125"
                          VPOS="605"
                          HPOS="271"
                          CONTENT="ideo"/>
                  <SP HEIGHT="65" WIDTH="16" VPOS="605" HPOS="396"/>
                  <String HEIGHT="65"
                          WIDTH="140"
                          VPOS="605"
                          HPOS="349"
                          CONTENT="dicut"/>
                  <SP HEIGHT="65" WIDTH="16" VPOS="605" HPOS="489"/>
                  <String HEIGHT="65"
                          WIDTH="125"
                          VPOS="605"
                          HPOS="443"
                          CONTENT="quod"/>
                  <SP HEIGHT="65" WIDTH="16" VPOS="605" HPOS="567"/>
                  <String HEIGHT="65"
                          WIDTH="156"
                          VPOS="605"
                          HPOS="521"
                          CONTENT="vacuum"/>
                  <SP HEIGHT="65" WIDTH="16" VPOS="605" HPOS="676"/>
                  <String HEIGHT="65" WIDTH="78" VPOS="605" HPOS="614" CONTENT="est"/>
               </TextLine>
               <TextLine ID="r1l27"
                         BASELINE="715"
                         HEIGHT="62"
                         WIDTH="491"
                         VPOS="653"
                         HPOS="196">
                  <String HEIGHT="62"
                          WIDTH="164"
                          VPOS="653"
                          HPOS="182"
                          CONTENT="aliquid,"/>
                  <SP HEIGHT="62" WIDTH="14" VPOS="653" HPOS="346"/>
                  <String HEIGHT="62"
                          WIDTH="177"
                          VPOS="653"
                          HPOS="305"
                          CONTENT="quialocus"/>
                  <SP HEIGHT="62" WIDTH="14" VPOS="653" HPOS="482"/>
                  <String HEIGHT="62"
                          WIDTH="109"
                          VPOS="653"
                          HPOS="442"
                          CONTENT="etia"/>
                  <SP HEIGHT="62" WIDTH="14" VPOS="653" HPOS="551"/>
                  <String HEIGHT="62" WIDTH="95" VPOS="653" HPOS="510" CONTENT="est"/>
                  <SP HEIGHT="62" WIDTH="14" VPOS="653" HPOS="605"/>
                  <String HEIGHT="62"
                          WIDTH="136"
                          VPOS="653"
                          HPOS="551"
                          CONTENT="aliquid,"/>
               </TextLine>
               <TextLine ID="r1l30"
                         BASELINE="762"
                         HEIGHT="61"
                         WIDTH="502"
                         VPOS="701"
                         HPOS="192">
                  <String HEIGHT="61" WIDTH="81" VPOS="701" HPOS="176" CONTENT="&amp;"/>
                  <SP HEIGHT="61" WIDTH="16" VPOS="701" HPOS="257"/>
                  <String HEIGHT="61"
                          WIDTH="162"
                          VPOS="701"
                          HPOS="208"
                          CONTENT="eisdem"/>
                  <SP HEIGHT="61" WIDTH="16" VPOS="701" HPOS="370"/>
                  <String HEIGHT="61"
                          WIDTH="162"
                          VPOS="701"
                          HPOS="322"
                          CONTENT="causis"/>
                  <SP HEIGHT="61" WIDTH="16" VPOS="701" HPOS="483"/>
                  <String HEIGHT="61"
                          WIDTH="162"
                          VPOS="701"
                          HPOS="435"
                          CONTENT="dicunt"/>
                  <SP HEIGHT="61" WIDTH="16" VPOS="701" HPOS="597"/>
                  <String HEIGHT="61" WIDTH="113" VPOS="701" HPOS="548" CONTENT="hoc"/>
                  <SP HEIGHT="61" WIDTH="16" VPOS="701" HPOS="662"/>
                  <String HEIGHT="61" WIDTH="97" VPOS="701" HPOS="597" CONTENT="quod"/>
               </TextLine>
               <TextLine ID="line_1611924073974_576"
                         BASELINE="810"
                         HEIGHT="61"
                         WIDTH="503"
                         VPOS="749"
                         HPOS="187">
                  <String HEIGHT="61"
                          WIDTH="148"
                          VPOS="749"
                          HPOS="172"
                          CONTENT="uacuum"/>
                  <SP HEIGHT="61" WIDTH="15" VPOS="749" HPOS="320"/>
                  <String HEIGHT="61"
                          WIDTH="118"
                          VPOS="749"
                          HPOS="276"
                          CONTENT="est."/>
                  <SP HEIGHT="61" WIDTH="15" VPOS="749" HPOS="394"/>
                  <String HEIGHT="61"
                          WIDTH="133"
                          VPOS="749"
                          HPOS="350"
                          CONTENT="motus"/>
                  <SP HEIGHT="61" WIDTH="15" VPOS="749" HPOS="483"/>
                  <String HEIGHT="61"
                          WIDTH="118"
                          VPOS="749"
                          HPOS="439"
                          CONTENT="enim"/>
                  <SP HEIGHT="61" WIDTH="15" VPOS="749" HPOS="557"/>
                  <String HEIGHT="61" WIDTH="89" VPOS="749" HPOS="512" CONTENT="in"/>
                  <SP HEIGHT="61" WIDTH="15" VPOS="749" HPOS="601"/>
                  <String HEIGHT="61"
                          WIDTH="118"
                          VPOS="749"
                          HPOS="557"
                          CONTENT="loco"/>
                  <SP HEIGHT="61" WIDTH="15" VPOS="749" HPOS="675"/>
                  <String HEIGHT="61" WIDTH="74" VPOS="749" HPOS="616" CONTENT="coe"/>
               </TextLine>
               <TextLine ID="r1l34"
                         BASELINE="866"
                         HEIGHT="69"
                         WIDTH="490"
                         VPOS="797"
                         HPOS="194">
                  <String HEIGHT="69" WIDTH="93" VPOS="797" HPOS="181" CONTENT="git"/>
                  <SP HEIGHT="69" WIDTH="13" VPOS="797" HPOS="273"/>
                  <String HEIGHT="69"
                          WIDTH="159"
                          VPOS="797"
                          HPOS="234"
                          CONTENT="dicentes"/>
                  <SP HEIGHT="69" WIDTH="13" VPOS="797" HPOS="393"/>
                  <String HEIGHT="69"
                          WIDTH="119"
                          VPOS="797"
                          HPOS="353"
                          CONTENT="locum"/>
                  <SP HEIGHT="69" WIDTH="13" VPOS="797" HPOS="472"/>
                  <String HEIGHT="69"
                          WIDTH="106"
                          VPOS="797"
                          HPOS="432"
                          CONTENT="esse"/>
                  <SP HEIGHT="69" WIDTH="13" VPOS="797" HPOS="538"/>
                  <String HEIGHT="69"
                          WIDTH="146"
                          VPOS="797"
                          HPOS="499"
                          CONTENT="aliquid"/>
                  <SP HEIGHT="69" WIDTH="13" VPOS="797" HPOS="644"/>
                  <String HEIGHT="69"
                          WIDTH="93"
                          VPOS="797"
                          HPOS="591"
                          CONTENT="aliuo"/>
               </TextLine>
               <TextLine ID="r1l36"
                         BASELINE="907"
                         HEIGHT="63"
                         WIDTH="485"
                         VPOS="844"
                         HPOS="202">
                  <String HEIGHT="63" WIDTH="73" VPOS="844" HPOS="187" CONTENT="a"/>
                  <SP HEIGHT="63" WIDTH="15" VPOS="844" HPOS="261"/>
                  <String HEIGHT="63"
                          WIDTH="220"
                          VPOS="844"
                          HPOS="217"
                          CONTENT="corporibus,"/>
                  <SP HEIGHT="63" WIDTH="15" VPOS="844" HPOS="437"/>
                  <String HEIGHT="63"
                          WIDTH="118"
                          VPOS="844"
                          HPOS="393"
                          CONTENT="quae"/>
                  <SP HEIGHT="63" WIDTH="15" VPOS="844" HPOS="511"/>
                  <String HEIGHT="63"
                          WIDTH="220"
                          VPOS="844"
                          HPOS="467"
                          CONTENT="subuciuntur"/>
                  <SP HEIGHT="63" WIDTH="15" VPOS="844" HPOS="687"/>
                  <String HEIGHT="63" WIDTH="59" VPOS="844" HPOS="628" CONTENT="in"/>
               </TextLine>
               <TextLine ID="r1l38"
                         BASELINE="954"
                         HEIGHT="61"
                         WIDTH="492"
                         VPOS="893"
                         HPOS="193">
                  <String HEIGHT="61" WIDTH="101" VPOS="893" HPOS="179" CONTENT="eo,"/>
                  <SP HEIGHT="61" WIDTH="14" VPOS="893" HPOS="280"/>
                  <String HEIGHT="61" WIDTH="87" VPOS="893" HPOS="236" CONTENT="ad"/>
                  <SP HEIGHT="61" WIDTH="14" VPOS="893" HPOS="323"/>
                  <String HEIGHT="61"
                          WIDTH="188"
                          VPOS="893"
                          HPOS="280"
                          CONTENT="dicetidum"/>
                  <SP HEIGHT="61" WIDTH="14" VPOS="893" HPOS="468"/>
                  <String HEIGHT="61"
                          WIDTH="116"
                          VPOS="893"
                          HPOS="425"
                          CONTENT="hoc,"/>
                  <SP HEIGHT="61" WIDTH="14" VPOS="893" HPOS="540"/>
                  <String HEIGHT="61" WIDTH="72" VPOS="893" HPOS="497" CONTENT="&amp;"/>
                  <SP HEIGHT="61" WIDTH="14" VPOS="893" HPOS="569"/>
                  <String HEIGHT="61"
                          WIDTH="145"
                          VPOS="893"
                          HPOS="526"
                          CONTENT="coegit"/>
                  <SP HEIGHT="61" WIDTH="14" VPOS="893" HPOS="671"/>
                  <String HEIGHT="61"
                          WIDTH="72"
                          VPOS="893"
                          HPOS="613"
                          CONTENT="di"
                          SUBS_TYPE="HypPart1"
                          SUBS_CONTENT="dicentes"/>
                  <HYP CONTENT="-"/>
               </TextLine>
               <TextLine ID="r1l40"
                         BASELINE="1002"
                         HEIGHT="61"
                         WIDTH="482"
                         VPOS="941"
                         HPOS="203">
                  <String HEIGHT="61"
                          WIDTH="142"
                          VPOS="941"
                          HPOS="189"
                          CONTENT="centes"
                          SUBS_TYPE="HypPart2"
                          SUBS_CONTENT="dicentes"/>
                  <SP HEIGHT="61" WIDTH="14" VPOS="941" HPOS="331"/>
                  <String HEIGHT="61"
                          WIDTH="128"
                          VPOS="941"
                          HPOS="288"
                          CONTENT="vacuu"/>
                  <SP HEIGHT="61" WIDTH="14" VPOS="941" HPOS="416"/>
                  <String HEIGHT="61"
                          WIDTH="113"
                          VPOS="941"
                          HPOS="373"
                          CONTENT="esse"/>
                  <SP HEIGHT="61" WIDTH="14" VPOS="941" HPOS="487"/>
                  <String HEIGHT="61" WIDTH="85" VPOS="941" HPOS="444" CONTENT="ad"/>
                  <SP HEIGHT="61" WIDTH="14" VPOS="941" HPOS="529"/>
                  <String HEIGHT="61"
                          WIDTH="170"
                          VPOS="941"
                          HPOS="487"
                          CONTENT="dicendum"/>
                  <SP HEIGHT="61" WIDTH="14" VPOS="941" HPOS="657"/>
                  <String HEIGHT="61" WIDTH="85" VPOS="941" HPOS="600" CONTENT="hoc."/>
               </TextLine>
               <TextLine ID="r1l42"
                         BASELINE="1051"
                         HEIGHT="59"
                         WIDTH="491"
                         VPOS="992"
                         HPOS="196">
                  <String HEIGHT="59" WIDTH="95" VPOS="992" HPOS="182" CONTENT="qui"/>
                  <SP HEIGHT="59" WIDTH="14" VPOS="992" HPOS="278"/>
                  <String HEIGHT="59"
                          WIDTH="109"
                          VPOS="992"
                          HPOS="237"
                          CONTENT="enim"/>
                  <SP HEIGHT="59" WIDTH="14" VPOS="992" HPOS="346"/>
                  <String HEIGHT="59"
                          WIDTH="205"
                          VPOS="992"
                          HPOS="305"
                          CONTENT="existimauit"/>
                  <SP HEIGHT="59" WIDTH="14" VPOS="992" HPOS="510"/>
                  <String HEIGHT="59"
                          WIDTH="123"
                          VPOS="992"
                          HPOS="469"
                          CONTENT="vacuu"/>
                  <SP HEIGHT="59" WIDTH="14" VPOS="992" HPOS="592"/>
                  <String HEIGHT="59"
                          WIDTH="109"
                          VPOS="992"
                          HPOS="551"
                          CONTENT="esse"/>
                  <SP HEIGHT="59" WIDTH="14" VPOS="992" HPOS="660"/>
                  <String HEIGHT="59"
                          WIDTH="82"
                          VPOS="992"
                          HPOS="605"
                          CONTENT="cau"
                          SUBS_TYPE="HypPart1"
                          SUBS_CONTENT="causam"/>
                  <HYP CONTENT="-"/>
               </TextLine>
               <TextLine ID="r1l44"
                         BASELINE="1098"
                         HEIGHT="55"
                         WIDTH="488"
                         VPOS="1043"
                         HPOS="197">
                  <String HEIGHT="55"
                          WIDTH="104"
                          VPOS="1043"
                          HPOS="182"
                          CONTENT="sam"
                          SUBS_TYPE="HypPart2"
                          SUBS_CONTENT="causam"/>
                  <SP HEIGHT="55" WIDTH="15" VPOS="1043" HPOS="286"/>
                  <String HEIGHT="55"
                          WIDTH="148"
                          VPOS="1043"
                          HPOS="241"
                          CONTENT="motus,"/>
                  <SP HEIGHT="55" WIDTH="15" VPOS="1043" HPOS="389"/>
                  <String HEIGHT="55"
                          WIDTH="222"
                          VPOS="1043"
                          HPOS="345"
                          CONTENT="existimauit"/>
                  <SP HEIGHT="55" WIDTH="15" VPOS="1043" HPOS="567"/>
                  <String HEIGHT="55"
                          WIDTH="148"
                          VPOS="1043"
                          HPOS="522"
                          CONTENT="ipsum,"/>
                  <SP HEIGHT="55" WIDTH="15" VPOS="1043" HPOS="670"/>
                  <String HEIGHT="55" WIDTH="74" VPOS="1043" HPOS="611" CONTENT="es."/>
               </TextLine>
               <TextLine ID="r1l47"
                         BASELINE="1146"
                         HEIGHT="55"
                         WIDTH="499"
                         VPOS="1091"
                         HPOS="190">
                  <String HEIGHT="55" WIDTH="88" VPOS="1091" HPOS="175" CONTENT="se"/>
                  <SP HEIGHT="55" WIDTH="15" VPOS="1091" HPOS="263"/>
                  <String HEIGHT="55"
                          WIDTH="147"
                          VPOS="1091"
                          HPOS="219"
                          CONTENT="illud,"/>
                  <SP HEIGHT="55" WIDTH="15" VPOS="1091" HPOS="366"/>
                  <String HEIGHT="55" WIDTH="88" VPOS="1091" HPOS="322" CONTENT="in"/>
                  <SP HEIGHT="55" WIDTH="15" VPOS="1091" HPOS="410"/>
                  <String HEIGHT="55"
                          WIDTH="103"
                          VPOS="1091"
                          HPOS="366"
                          CONTENT="quo"/>
                  <SP HEIGHT="55" WIDTH="15" VPOS="1091" HPOS="469"/>
                  <String HEIGHT="55"
                          WIDTH="161"
                          VPOS="1091"
                          HPOS="425"
                          CONTENT="mouetur"/>
                  <SP HEIGHT="55" WIDTH="15" VPOS="1091" HPOS="586"/>
                  <String HEIGHT="55"
                          WIDTH="103"
                          VPOS="1091"
                          HPOS="542"
                          CONTENT="res"/>
                  <SP HEIGHT="55" WIDTH="15" VPOS="1091" HPOS="645"/>
                  <String HEIGHT="55"
                          WIDTH="103"
                          VPOS="1091"
                          HPOS="586"
                          CONTENT="mota."/>
               </TextLine>
               <TextLine ID="r1l48"
                         BASELINE="1198"
                         HEIGHT="65"
                         WIDTH="490"
                         VPOS="1133"
                         HPOS="194">
                  <String HEIGHT="65" WIDTH="82" VPOS="1133" HPOS="178" CONTENT="&amp;"/>
                  <SP HEIGHT="65" WIDTH="16" VPOS="1133" HPOS="259"/>
                  <String HEIGHT="65"
                          WIDTH="131"
                          VPOS="1133"
                          HPOS="210"
                          CONTENT="ideo"/>
                  <SP HEIGHT="65" WIDTH="16" VPOS="1133" HPOS="341"/>
                  <String HEIGHT="65"
                          WIDTH="180"
                          VPOS="1133"
                          HPOS="292"
                          CONTENT="dixerut"/>
                  <SP HEIGHT="65" WIDTH="16" VPOS="1133" HPOS="472"/>
                  <String HEIGHT="65"
                          WIDTH="163"
                          VPOS="1133"
                          HPOS="423"
                          CONTENT="quidam"/>
                  <SP HEIGHT="65" WIDTH="16" VPOS="1133" HPOS="586"/>
                  <String HEIGHT="65"
                          WIDTH="131"
                          VPOS="1133"
                          HPOS="537"
                          CONTENT="quod"/>
                  <SP HEIGHT="65" WIDTH="16" VPOS="1133" HPOS="668"/>
                  <String HEIGHT="65" WIDTH="82" VPOS="1133" HPOS="602" CONTENT="hoc"/>
               </TextLine>
               <TextLine ID="r1l50"
                         BASELINE="1246"
                         HEIGHT="58"
                         WIDTH="264"
                         VPOS="1188"
                         HPOS="199">
                  <String HEIGHT="58"
                          WIDTH="103"
                          VPOS="1188"
                          HPOS="184"
                          CONTENT="est"/>
                  <SP HEIGHT="58" WIDTH="15" VPOS="1188" HPOS="287"/>
                  <String HEIGHT="58"
                          WIDTH="161"
                          VPOS="1188"
                          HPOS="243"
                          CONTENT="tanquam"/>
                  <SP HEIGHT="58" WIDTH="15" VPOS="1188" HPOS="404"/>
                  <String HEIGHT="58"
                          WIDTH="117"
                          VPOS="1188"
                          HPOS="346"
                          CONTENT="locus."/>
               </TextLine>
               <TextLine ID="r1l54"
                         BASELINE="1288"
                         HEIGHT="51"
                         WIDTH="453"
                         VPOS="1237"
                         HPOS="230">
                  <String HEIGHT="51"
                          WIDTH="122"
                          VPOS="1237"
                          HPOS="218"
                          CONTENT="Idest,"/>
                  <SP HEIGHT="51" WIDTH="12" VPOS="1237" HPOS="340"/>
                  <String HEIGHT="51" WIDTH="73" VPOS="1237" HPOS="303" CONTENT="&amp;,"/>
                  <SP HEIGHT="51" WIDTH="12" VPOS="1237" HPOS="377"/>
                  <String HEIGHT="51"
                          WIDTH="98"
                          VPOS="1237"
                          HPOS="340"
                          CONTENT="quia"/>
                  <SP HEIGHT="51" WIDTH="12" VPOS="1237" HPOS="438"/>
                  <String HEIGHT="51"
                          WIDTH="171"
                          VPOS="1237"
                          HPOS="401"
                          CONTENT="existimant"/>
                  <SP HEIGHT="51" WIDTH="12" VPOS="1237" HPOS="573"/>
                  <String HEIGHT="51"
                          WIDTH="98"
                          VPOS="1237"
                          HPOS="536"
                          CONTENT="quod"/>
                  <SP HEIGHT="51" WIDTH="12" VPOS="1237" HPOS="634"/>
                  <String HEIGHT="51"
                          WIDTH="98"
                          VPOS="1237"
                          HPOS="585"
                          CONTENT="locus,"/>
               </TextLine>
               <TextLine ID="r1l55"
                         BASELINE="1323"
                         HEIGHT="40"
                         WIDTH="484"
                         VPOS="1283"
                         HPOS="204">
                  <String HEIGHT="40" WIDTH="76" VPOS="1283" HPOS="189" CONTENT="&amp;"/>
                  <SP HEIGHT="40" WIDTH="15" VPOS="1283" HPOS="265"/>
                  <String HEIGHT="40"
                          WIDTH="151"
                          VPOS="1283"
                          HPOS="219"
                          CONTENT="vacuum"/>
                  <SP HEIGHT="40" WIDTH="15" VPOS="1283" HPOS="370"/>
                  <String HEIGHT="40"
                          WIDTH="121"
                          VPOS="1283"
                          HPOS="325"
                          CONTENT="sunt"/>
                  <SP HEIGHT="40" WIDTH="15" VPOS="1283" HPOS="446"/>
                  <String HEIGHT="40"
                          WIDTH="136"
                          VPOS="1283"
                          HPOS="401"
                          CONTENT="idem,"/>
                  <SP HEIGHT="40" WIDTH="15" VPOS="1283" HPOS="537"/>
                  <String HEIGHT="40" WIDTH="76" VPOS="1283" HPOS="491" CONTENT="&amp;"/>
                  <SP HEIGHT="40" WIDTH="15" VPOS="1283" HPOS="567"/>
                  <String HEIGHT="40"
                          WIDTH="136"
                          VPOS="1283"
                          HPOS="522"
                          CONTENT="locus"/>
                  <SP HEIGHT="40" WIDTH="15" VPOS="1283" HPOS="658"/>
                  <String HEIGHT="40"
                          WIDTH="91"
                          VPOS="1283"
                          HPOS="597"
                          CONTENT="apud"/>
               </TextLine>
               <TextLine ID="r1l57"
                         BASELINE="1372"
                         HEIGHT="54"
                         WIDTH="488"
                         VPOS="1318"
                         HPOS="199">
                  <String HEIGHT="54" WIDTH="92" VPOS="1318" HPOS="186" CONTENT="eos"/>
                  <SP HEIGHT="54" WIDTH="13" VPOS="1318" HPOS="278"/>
                  <String HEIGHT="54" WIDTH="92" VPOS="1318" HPOS="239" CONTENT="est"/>
                  <SP HEIGHT="54" WIDTH="13" VPOS="1318" HPOS="331"/>
                  <String HEIGHT="54"
                          WIDTH="158"
                          VPOS="1318"
                          HPOS="291"
                          CONTENT="aliquid,"/>
                  <SP HEIGHT="54" WIDTH="13" VPOS="1318" HPOS="450"/>
                  <String HEIGHT="54"
                          WIDTH="185"
                          VPOS="1318"
                          HPOS="410"
                          CONTENT="existimant"/>
                  <SP HEIGHT="54" WIDTH="13" VPOS="1318" HPOS="595"/>
                  <String HEIGHT="54"
                          WIDTH="119"
                          VPOS="1318"
                          HPOS="555"
                          CONTENT="etiam"/>
                  <SP HEIGHT="54" WIDTH="13" VPOS="1318" HPOS="674"/>
                  <String HEIGHT="54" WIDTH="66" VPOS="1318" HPOS="621" CONTENT="hoc"/>
               </TextLine>
               <TextLine ID="r1l60"
                         BASELINE="1402"
                         HEIGHT="43"
                         WIDTH="492"
                         VPOS="1359"
                         HPOS="198">
                  <String HEIGHT="43"
                          WIDTH="106"
                          VPOS="1359"
                          HPOS="185"
                          CONTENT="modo"/>
                  <SP HEIGHT="43" WIDTH="13" VPOS="1359" HPOS="291"/>
                  <String HEIGHT="43"
                          WIDTH="133"
                          VPOS="1359"
                          HPOS="251"
                          CONTENT="vacuum"/>
                  <SP HEIGHT="43" WIDTH="13" VPOS="1359" HPOS="384"/>
                  <String HEIGHT="43"
                          WIDTH="106"
                          VPOS="1359"
                          HPOS="344"
                          CONTENT="esse"/>
                  <SP HEIGHT="43" WIDTH="13" VPOS="1359" HPOS="451"/>
                  <String HEIGHT="43"
                          WIDTH="160"
                          VPOS="1359"
                          HPOS="411"
                          CONTENT="aliquid,"/>
                  <SP HEIGHT="43" WIDTH="13" VPOS="1359" HPOS="570"/>
                  <String HEIGHT="43" WIDTH="80" VPOS="1359" HPOS="530" CONTENT="i."/>
                  <SP HEIGHT="43" WIDTH="13" VPOS="1359" HPOS="610"/>
                  <String HEIGHT="43" WIDTH="93" VPOS="1359" HPOS="570" CONTENT="ens"/>
                  <SP HEIGHT="43" WIDTH="13" VPOS="1359" HPOS="663"/>
                  <String HEIGHT="43"
                          WIDTH="80"
                          VPOS="1359"
                          HPOS="610"
                          CONTENT="D.d."/>
               </TextLine>
               <TextLine ID="r1l63"
                         BASELINE="1442"
                         HEIGHT="43"
                         WIDTH="474"
                         VPOS="1399"
                         HPOS="211">
                  <String HEIGHT="43" WIDTH="98" VPOS="1399" HPOS="197" CONTENT="per"/>
                  <SP HEIGHT="43" WIDTH="14" VPOS="1399" HPOS="295"/>
                  <String HEIGHT="43"
                          WIDTH="139"
                          VPOS="1399"
                          HPOS="253"
                          CONTENT="easdem"/>
                  <SP HEIGHT="43" WIDTH="14" VPOS="1399" HPOS="392"/>
                  <String HEIGHT="43"
                          WIDTH="153"
                          VPOS="1399"
                          HPOS="350"
                          CONTENT="causas,"/>
                  <SP HEIGHT="43" WIDTH="14" VPOS="1399" HPOS="504"/>
                  <String HEIGHT="43" WIDTH="84" VPOS="1399" HPOS="462" CONTENT="i."/>
                  <SP HEIGHT="43" WIDTH="14" VPOS="1399" HPOS="546"/>
                  <String HEIGHT="43" WIDTH="70" VPOS="1399" HPOS="504" CONTENT="&amp;"/>
                  <SP HEIGHT="43" WIDTH="14" VPOS="1399" HPOS="573"/>
                  <String HEIGHT="43" WIDTH="98" VPOS="1399" HPOS="532" CONTENT="per"/>
                  <SP HEIGHT="43" WIDTH="14" VPOS="1399" HPOS="629"/>
                  <String HEIGHT="43"
                          WIDTH="112"
                          VPOS="1399"
                          HPOS="573"
                          CONTENT="easdem"/>
               </TextLine>
               <TextLine ID="r1l65"
                         BASELINE="1482"
                         HEIGHT="47"
                         WIDTH="478"
                         VPOS="1435"
                         HPOS="208">
                  <String HEIGHT="47"
                          WIDTH="149"
                          VPOS="1435"
                          HPOS="193"
                          CONTENT="causas"/>
                  <SP HEIGHT="47" WIDTH="15" VPOS="1435" HPOS="342"/>
                  <String HEIGHT="47"
                          WIDTH="224"
                          VPOS="1435"
                          HPOS="298"
                          CONTENT="crediderunt"/>
                  <SP HEIGHT="47" WIDTH="15" VPOS="1435" HPOS="522"/>
                  <String HEIGHT="47"
                          WIDTH="134"
                          VPOS="1435"
                          HPOS="477"
                          CONTENT="locum"/>
                  <SP HEIGHT="47" WIDTH="15" VPOS="1435" HPOS="611"/>
                  <String HEIGHT="47"
                          WIDTH="134"
                          VPOS="1435"
                          HPOS="567"
                          CONTENT="esse,"/>
                  <SP HEIGHT="47" WIDTH="15" VPOS="1435" HPOS="701"/>
                  <String HEIGHT="47" WIDTH="45" VPOS="1435" HPOS="641" CONTENT="&amp;"/>
               </TextLine>
               <TextLine ID="r1l68"
                         BASELINE="1522"
                         HEIGHT="37"
                         WIDTH="488"
                         VPOS="1485"
                         HPOS="209">
                  <String HEIGHT="37"
                          WIDTH="153"
                          VPOS="1485"
                          HPOS="194"
                          CONTENT="vacuum"/>
                  <SP HEIGHT="37" WIDTH="15" VPOS="1485" HPOS="346"/>
                  <String HEIGHT="37"
                          WIDTH="137"
                          VPOS="1485"
                          HPOS="301"
                          CONTENT="esse,"/>
                  <SP HEIGHT="37" WIDTH="15" VPOS="1485" HPOS="438"/>
                  <String HEIGHT="37" WIDTH="76" VPOS="1485" HPOS="392" CONTENT="&amp;"/>
                  <SP HEIGHT="37" WIDTH="15" VPOS="1485" HPOS="468"/>
                  <String HEIGHT="37"
                          WIDTH="275"
                          VPOS="1485"
                          HPOS="423"
                          CONTENT="existimauerunt"/>
                  <SP HEIGHT="37" WIDTH="15" VPOS="1485" HPOS="697"/>
                  <String HEIGHT="37" WIDTH="61" VPOS="1485" HPOS="636" CONTENT="ea"/>
               </TextLine>
               <TextLine ID="r1l71"
                         BASELINE="1555"
                         HEIGHT="38"
                         WIDTH="482"
                         VPOS="1517"
                         HPOS="204">
                  <String HEIGHT="38"
                          WIDTH="88"
                          VPOS="1517"
                          HPOS="193"
                          CONTENT="esse"/>
                  <SP HEIGHT="38" WIDTH="11" VPOS="1517" HPOS="281"/>
                  <String HEIGHT="38"
                          WIDTH="88"
                          VPOS="1517"
                          HPOS="248"
                          CONTENT="vnum"/>
                  <SP HEIGHT="38" WIDTH="11" VPOS="1517" HPOS="335"/>
                  <String HEIGHT="38"
                          WIDTH="131"
                          VPOS="1517"
                          HPOS="303"
                          CONTENT="secundum"/>
                  <SP HEIGHT="38" WIDTH="11" VPOS="1517" HPOS="434"/>
                  <String HEIGHT="38"
                          WIDTH="153"
                          VPOS="1517"
                          HPOS="401"
                          CONTENT="subiectum."/>
                  <SP HEIGHT="38" WIDTH="11" VPOS="1517" HPOS="555"/>
                  <String HEIGHT="38" WIDTH="55" VPOS="1517" HPOS="522" CONTENT="&amp;"/>
                  <SP HEIGHT="38" WIDTH="11" VPOS="1517" HPOS="576"/>
                  <String HEIGHT="38" WIDTH="77" VPOS="1517" HPOS="544" CONTENT="duo"/>
                  <SP HEIGHT="38" WIDTH="11" VPOS="1517" HPOS="620"/>
                  <String HEIGHT="38"
                          WIDTH="110"
                          VPOS="1517"
                          HPOS="576"
                          CONTENT="secundum"/>
               </TextLine>
               <TextLine ID="r1l75"
                         BASELINE="1606"
                         HEIGHT="50"
                         WIDTH="480"
                         VPOS="1556"
                         HPOS="203">
                  <String HEIGHT="50"
                          WIDTH="141"
                          VPOS="1556"
                          HPOS="189"
                          CONTENT="modum."/>
                  <SP HEIGHT="50" WIDTH="14" VPOS="1556" HPOS="330"/>
                  <String HEIGHT="50"
                          WIDTH="155"
                          VPOS="1556"
                          HPOS="288"
                          CONTENT="D.dedit"/>
                  <SP HEIGHT="50" WIDTH="14" VPOS="1556" HPOS="443"/>
                  <String HEIGHT="50"
                          WIDTH="155"
                          VPOS="1556"
                          HPOS="401"
                          CONTENT="causam."/>
                  <SP HEIGHT="50" WIDTH="14" VPOS="1556" HPOS="556"/>
                  <String HEIGHT="50" WIDTH="85" VPOS="1556" HPOS="514" CONTENT="ex"/>
                  <SP HEIGHT="50" WIDTH="14" VPOS="1556" HPOS="598"/>
                  <String HEIGHT="50" WIDTH="99" VPOS="1556" HPOS="556" CONTENT="qua"/>
                  <SP HEIGHT="50" WIDTH="14" VPOS="1556" HPOS="655"/>
                  <String HEIGHT="50"
                          WIDTH="85"
                          VPOS="1556"
                          HPOS="598"
                          CONTENT="exi"
                          SUBS_TYPE="HypPart1"
                          SUBS_CONTENT="exitimauerunt"/>
                  <HYP CONTENT="-"/>
               </TextLine>
               <TextLine ID="r1l78"
                         BASELINE="1635"
                         HEIGHT="39"
                         WIDTH="476"
                         VPOS="1596"
                         HPOS="214">
                  <String HEIGHT="39"
                          WIDTH="196"
                          VPOS="1596"
                          HPOS="200"
                          CONTENT="timauerunt"
                          SUBS_TYPE="HypPart2"
                          SUBS_CONTENT="exitimauerunt"/>
                  <SP HEIGHT="39" WIDTH="14" VPOS="1596" HPOS="396"/>
                  <String HEIGHT="39"
                          WIDTH="112"
                          VPOS="1596"
                          HPOS="354"
                          CONTENT="hoc,"/>
                  <SP HEIGHT="39" WIDTH="14" VPOS="1596" HPOS="466"/>
                  <String HEIGHT="39" WIDTH="70" VPOS="1596" HPOS="424" CONTENT="&amp;"/>
                  <SP HEIGHT="39" WIDTH="14" VPOS="1596" HPOS="494"/>
                  <String HEIGHT="39"
                          WIDTH="126"
                          VPOS="1596"
                          HPOS="452"
                          CONTENT="dixit"/>
                  <SP HEIGHT="39" WIDTH="14" VPOS="1596" HPOS="578"/>
                  <String HEIGHT="39"
                          WIDTH="126"
                          VPOS="1596"
                          HPOS="536"
                          CONTENT="motus"/>
                  <SP HEIGHT="39" WIDTH="14" VPOS="1596" HPOS="662"/>
                  <String HEIGHT="39"
                          WIDTH="84"
                          VPOS="1596"
                          HPOS="606"
                          CONTENT="enim"/>
               </TextLine>
               <TextLine ID="r1l81"
                         BASELINE="1687"
                         HEIGHT="54"
                         WIDTH="494"
                         VPOS="1633"
                         HPOS="200">
                  <String HEIGHT="54" WIDTH="67" VPOS="1633" HPOS="189" CONTENT="in"/>
                  <SP HEIGHT="54" WIDTH="11" VPOS="1633" HPOS="256"/>
                  <String HEIGHT="54"
                          WIDTH="90"
                          VPOS="1633"
                          HPOS="222"
                          CONTENT="loco"/>
                  <SP HEIGHT="54" WIDTH="11" VPOS="1633" HPOS="312"/>
                  <String HEIGHT="54"
                          WIDTH="124"
                          VPOS="1633"
                          HPOS="279"
                          CONTENT="coegit,"/>
                  <SP HEIGHT="54" WIDTH="11" VPOS="1633" HPOS="402"/>
                  <String HEIGHT="54" WIDTH="79" VPOS="1633" HPOS="368" CONTENT="&amp;c."/>
                  <SP HEIGHT="54" WIDTH="11" VPOS="1633" HPOS="447"/>
                  <String HEIGHT="54" WIDTH="67" VPOS="1633" HPOS="413" CONTENT="i."/>
                  <SP HEIGHT="54" WIDTH="11" VPOS="1633" HPOS="481"/>
                  <String HEIGHT="54"
                          WIDTH="124"
                          VPOS="1633"
                          HPOS="447"
                          CONTENT="quoniam"/>
                  <SP HEIGHT="54" WIDTH="11" VPOS="1633" HPOS="571"/>
                  <String HEIGHT="54"
                          WIDTH="101"
                          VPOS="1633"
                          HPOS="537"
                          CONTENT="motus"/>
                  <SP HEIGHT="54" WIDTH="11" VPOS="1633" HPOS="638"/>
                  <String HEIGHT="54" WIDTH="79" VPOS="1633" HPOS="604" CONTENT="est"/>
                  <SP HEIGHT="54" WIDTH="11" VPOS="1633" HPOS="683"/>
                  <String HEIGHT="54"
                          WIDTH="56"
                          VPOS="1633"
                          HPOS="638"
                          CONTENT="il"
                          SUBS_TYPE="HypPart1"
                          SUBS_CONTENT="illud,"/>
                  <HYP CONTENT="-"/>
               </TextLine>
               <TextLine ID="r1l83"
                         BASELINE="1722"
                         HEIGHT="49"
                         WIDTH="490"
                         VPOS="1673"
                         HPOS="202">
                  <String HEIGHT="49"
                          WIDTH="109"
                          VPOS="1673"
                          HPOS="188"
                          CONTENT="lud,"
                          SUBS_TYPE="HypPart2"
                          SUBS_CONTENT="illud,"/>
                  <SP HEIGHT="49" WIDTH="14" VPOS="1673" HPOS="297"/>
                  <String HEIGHT="49"
                          WIDTH="109"
                          VPOS="1673"
                          HPOS="256"
                          CONTENT="quod"/>
                  <SP HEIGHT="49" WIDTH="14" VPOS="1673" HPOS="365"/>
                  <String HEIGHT="49"
                          WIDTH="150"
                          VPOS="1673"
                          HPOS="325"
                          CONTENT="induxit"/>
                  <SP HEIGHT="49" WIDTH="14" VPOS="1673" HPOS="474"/>
                  <String HEIGHT="49"
                          WIDTH="150"
                          VPOS="1673"
                          HPOS="433"
                          CONTENT="homines"/>
                  <SP HEIGHT="49" WIDTH="14" VPOS="1673" HPOS="583"/>
                  <String HEIGHT="49" WIDTH="82" VPOS="1673" HPOS="542" CONTENT="ad"/>
                  <SP HEIGHT="49" WIDTH="14" VPOS="1673" HPOS="624"/>
                  <String HEIGHT="49"
                          WIDTH="123"
                          VPOS="1673"
                          HPOS="570"
                          CONTENT="creden"
                          SUBS_TYPE="HypPart1"
                          SUBS_CONTENT="credendum"/>
                  <HYP CONTENT="-"/>
               </TextLine>
               <TextLine ID="r1l88"
                         BASELINE="1754"
                         HEIGHT="47"
                         WIDTH="486"
                         VPOS="1707"
                         HPOS="208">
                  <String HEIGHT="47"
                          WIDTH="100"
                          VPOS="1707"
                          HPOS="194"
                          CONTENT="dum"
                          SUBS_TYPE="HypPart2"
                          SUBS_CONTENT="credendum"/>
                  <SP HEIGHT="47" WIDTH="14" VPOS="1707" HPOS="294"/>
                  <String HEIGHT="47"
                          WIDTH="129"
                          VPOS="1707"
                          HPOS="251"
                          CONTENT="locum"/>
                  <SP HEIGHT="47" WIDTH="14" VPOS="1707" HPOS="380"/>
                  <String HEIGHT="47"
                          WIDTH="129"
                          VPOS="1707"
                          HPOS="337"
                          CONTENT="esse,"/>
                  <SP HEIGHT="47" WIDTH="14" VPOS="1707" HPOS="465"/>
                  <String HEIGHT="47" WIDTH="71" VPOS="1707" HPOS="422" CONTENT="&amp;"/>
                  <SP HEIGHT="47" WIDTH="14" VPOS="1707" HPOS="494"/>
                  <String HEIGHT="47"
                          WIDTH="143"
                          VPOS="1707"
                          HPOS="451"
                          CONTENT="vacuum"/>
                  <SP HEIGHT="47" WIDTH="14" VPOS="1707" HPOS="594"/>
                  <String HEIGHT="47"
                          WIDTH="129"
                          VPOS="1707"
                          HPOS="551"
                          CONTENT="esse."/>
                  <SP HEIGHT="47" WIDTH="14" VPOS="1707" HPOS="680"/>
                  <String HEIGHT="47" WIDTH="71" VPOS="1707" HPOS="623" CONTENT="sed"/>
               </TextLine>
               <TextLine ID="r1l91"
                         BASELINE="1794"
                         HEIGHT="45"
                         WIDTH="479"
                         VPOS="1749"
                         HPOS="212">
                  <String HEIGHT="45"
                          WIDTH="146"
                          VPOS="1749"
                          HPOS="199"
                          CONTENT="ppinari"/>
                  <SP HEIGHT="45" WIDTH="13" VPOS="1749" HPOS="345"/>
                  <String HEIGHT="45"
                          WIDTH="120"
                          VPOS="1749"
                          HPOS="305"
                          CONTENT="locum"/>
                  <SP HEIGHT="45" WIDTH="13" VPOS="1749" HPOS="425"/>
                  <String HEIGHT="45"
                          WIDTH="106"
                          VPOS="1749"
                          HPOS="385"
                          CONTENT="esse"/>
                  <SP HEIGHT="45" WIDTH="13" VPOS="1749" HPOS="491"/>
                  <String HEIGHT="45"
                          WIDTH="146"
                          VPOS="1749"
                          HPOS="452"
                          CONTENT="propter"/>
                  <SP HEIGHT="45" WIDTH="13" VPOS="1749" HPOS="598"/>
                  <String HEIGHT="45"
                          WIDTH="120"
                          VPOS="1749"
                          HPOS="558"
                          CONTENT="motum"/>
                  <SP HEIGHT="45" WIDTH="13" VPOS="1749" HPOS="678"/>
                  <String HEIGHT="45" WIDTH="67" VPOS="1749" HPOS="624" CONTENT="est"/>
               </TextLine>
               <TextLine ID="r1l95"
                         BASELINE="1834"
                         HEIGHT="43"
                         WIDTH="486"
                         VPOS="1791"
                         HPOS="203">
                  <String HEIGHT="43"
                          WIDTH="122"
                          VPOS="1791"
                          HPOS="188"
                          CONTENT="vera"/>
                  <SP HEIGHT="43" WIDTH="15" VPOS="1791" HPOS="309"/>
                  <String HEIGHT="43"
                          WIDTH="167"
                          VPOS="1791"
                          HPOS="264"
                          CONTENT="opinio,"/>
                  <SP HEIGHT="43" WIDTH="15" VPOS="1791" HPOS="431"/>
                  <String HEIGHT="43"
                          WIDTH="167"
                          VPOS="1791"
                          HPOS="385"
                          CONTENT="opinari"/>
                  <SP HEIGHT="43" WIDTH="15" VPOS="1791" HPOS="552"/>
                  <String HEIGHT="43"
                          WIDTH="122"
                          VPOS="1791"
                          HPOS="507"
                          CONTENT="vero"/>
                  <SP HEIGHT="43" WIDTH="15" VPOS="1791" HPOS="628"/>
                  <String HEIGHT="43"
                          WIDTH="122"
                          VPOS="1791"
                          HPOS="568"
                          CONTENT="vacuum"/>
               </TextLine>
               <TextLine ID="line_1611924073982_578"
                         BASELINE="1885"
                         HEIGHT="57"
                         WIDTH="502"
                         VPOS="1828"
                         HPOS="187">
                  <String HEIGHT="57"
                          WIDTH="116"
                          VPOS="1828"
                          HPOS="174"
                          CONTENT="esse,"/>
                  <SP HEIGHT="57" WIDTH="13" VPOS="1828" HPOS="290"/>
                  <String HEIGHT="57"
                          WIDTH="142"
                          VPOS="1828"
                          HPOS="251"
                          CONTENT="propter"/>
                  <SP HEIGHT="57" WIDTH="13" VPOS="1828" HPOS="393"/>
                  <String HEIGHT="57"
                          WIDTH="116"
                          VPOS="1828"
                          HPOS="354"
                          CONTENT="motum"/>
                  <SP HEIGHT="57" WIDTH="13" VPOS="1828" HPOS="470"/>
                  <String HEIGHT="57" WIDTH="90" VPOS="1828" HPOS="432" CONTENT="est"/>
                  <SP HEIGHT="57" WIDTH="13" VPOS="1828" HPOS="522"/>
                  <String HEIGHT="57"
                          WIDTH="142"
                          VPOS="1828"
                          HPOS="483"
                          CONTENT="falsum,"/>
                  <SP HEIGHT="57" WIDTH="13" VPOS="1828" HPOS="625"/>
                  <String HEIGHT="57" WIDTH="64" VPOS="1828" HPOS="586" CONTENT="&amp;"/>
                  <SP HEIGHT="57" WIDTH="13" VPOS="1828" HPOS="650"/>
                  <String HEIGHT="57"
                          WIDTH="90"
                          VPOS="1828"
                          HPOS="599"
                          CONTENT="simi"
                          SUBS_TYPE="HypPart1"
                          SUBS_CONTENT="similiter"/>
                  <HYP CONTENT="-"/>
               </TextLine>
               <TextLine ID="line_1611924073983_580"
                         BASELINE="1922"
                         HEIGHT="54"
                         WIDTH="511"
                         VPOS="1868"
                         HPOS="187">
                  <String HEIGHT="54"
                          WIDTH="118"
                          VPOS="1868"
                          HPOS="174"
                          CONTENT="liter"
                          SUBS_TYPE="HypPart2"
                          SUBS_CONTENT="similiter"/>
                  <SP HEIGHT="54" WIDTH="13" VPOS="1868" HPOS="292"/>
                  <String HEIGHT="54"
                          WIDTH="105"
                          VPOS="1868"
                          HPOS="253"
                          CONTENT="hoc,"/>
                  <SP HEIGHT="54" WIDTH="13" VPOS="1868" HPOS="357"/>
                  <String HEIGHT="54"
                          WIDTH="105"
                          VPOS="1868"
                          HPOS="318"
                          CONTENT="quod"/>
                  <SP HEIGHT="54" WIDTH="13" VPOS="1868" HPOS="423"/>
                  <String HEIGHT="54"
                          WIDTH="170"
                          VPOS="1868"
                          HPOS="384"
                          CONTENT="opinantur"/>
                  <SP HEIGHT="54" WIDTH="13" VPOS="1868" HPOS="554"/>
                  <String HEIGHT="54" WIDTH="79" VPOS="1868" HPOS="515" CONTENT="ex"/>
                  <SP HEIGHT="54" WIDTH="13" VPOS="1868" HPOS="593"/>
                  <String HEIGHT="54"
                          WIDTH="105"
                          VPOS="1868"
                          HPOS="554"
                          CONTENT="hoc,"/>
                  <SP HEIGHT="54" WIDTH="13" VPOS="1868" HPOS="659"/>
                  <String HEIGHT="54"
                          WIDTH="105"
                          VPOS="1868"
                          HPOS="619"
                          CONTENT="quod"/>
                  <SP HEIGHT="54" WIDTH="13" VPOS="1868" HPOS="724"/>
                  <String HEIGHT="54" WIDTH="26" VPOS="1868" HPOS="672" CONTENT=""/>
               </TextLine>
            </TextBlock>
            <TextBlock ID="TextRegion_1611924081953_586"
                       HEIGHT="1812"
                       WIDTH="510"
                       VPOS="139"
                       HPOS="710">
               <Shape>
                  <Polygon POINTS="710,139 1220,139 1220,1951 710,1951"/>
               </Shape>
               <TextLine ID="line_1611924099001_598"
                         BASELINE="233"
                         HEIGHT="55"
                         WIDTH="479"
                         VPOS="178"
                         HPOS="726">
                  <String HEIGHT="55"
                          WIDTH="129"
                          VPOS="178"
                          HPOS="713"
                          CONTENT="vacuum"/>
                  <SP HEIGHT="55" WIDTH="13" VPOS="178" HPOS="843"/>
                  <String HEIGHT="55" WIDTH="91" VPOS="178" HPOS="804" CONTENT="est"/>
                  <SP HEIGHT="55" WIDTH="13" VPOS="178" HPOS="894"/>
                  <String HEIGHT="55"
                          WIDTH="129"
                          VPOS="178"
                          HPOS="855"
                          CONTENT="locus,"/>
                  <SP HEIGHT="55" WIDTH="13" VPOS="178" HPOS="985"/>
                  <String HEIGHT="55" WIDTH="91" VPOS="178" HPOS="946" CONTENT="est"/>
                  <SP HEIGHT="55" WIDTH="13" VPOS="178" HPOS="1037"/>
                  <String HEIGHT="55"
                          WIDTH="142"
                          VPOS="178"
                          HPOS="998"
                          CONTENT="falsum."/>
                  <SP HEIGHT="55" WIDTH="13" VPOS="178" HPOS="1140"/>
                  <String HEIGHT="55"
                          WIDTH="117"
                          VPOS="178"
                          HPOS="1088"
                          CONTENT="D.diqui"/>
               </TextLine>
               <TextLine ID="r1l6"
                         BASELINE="274"
                         HEIGHT="54"
                         WIDTH="488"
                         VPOS="220"
                         HPOS="719">
                  <String HEIGHT="54"
                          WIDTH="106"
                          VPOS="220"
                          HPOS="706"
                          CONTENT="enim"/>
                  <SP HEIGHT="54" WIDTH="13" VPOS="220" HPOS="811"/>
                  <String HEIGHT="54"
                          WIDTH="211"
                          VPOS="220"
                          HPOS="772"
                          CONTENT="existimauit,"/>
                  <SP HEIGHT="54" WIDTH="13" VPOS="220" HPOS="983"/>
                  <String HEIGHT="54" WIDTH="92" VPOS="220" HPOS="943" CONTENT="&amp;c."/>
                  <SP HEIGHT="54" WIDTH="13" VPOS="220" HPOS="1036"/>
                  <String HEIGHT="54" WIDTH="79" VPOS="220" HPOS="996" CONTENT="i."/>
                  <SP HEIGHT="54" WIDTH="13" VPOS="220" HPOS="1075"/>
                  <String HEIGHT="54" WIDTH="92" VPOS="220" HPOS="1036" CONTENT="qui"/>
                  <SP HEIGHT="54" WIDTH="13" VPOS="220" HPOS="1128"/>
                  <String HEIGHT="54" WIDTH="92" VPOS="220" HPOS="1088" CONTENT="eni"/>
                  <SP HEIGHT="54" WIDTH="13" VPOS="220" HPOS="1181"/>
                  <String HEIGHT="54"
                          WIDTH="79"
                          VPOS="220"
                          HPOS="1128"
                          CONTENT="exi"
                          SUBS_TYPE="HypPart1"
                          SUBS_CONTENT="existimauit"/>
                  <HYP CONTENT="-"/>
               </TextLine>
               <TextLine ID="r1l8"
                         BASELINE="304"
                         HEIGHT="43"
                         WIDTH="485"
                         VPOS="261"
                         HPOS="720">
                  <String HEIGHT="43"
                          WIDTH="176"
                          VPOS="261"
                          HPOS="705"
                          CONTENT="stimauit"
                          SUBS_TYPE="HypPart2"
                          SUBS_CONTENT="existimauit"/>
                  <SP HEIGHT="43" WIDTH="15" VPOS="261" HPOS="882"/>
                  <String HEIGHT="43"
                          WIDTH="147"
                          VPOS="261"
                          HPOS="838"
                          CONTENT="vacuum"/>
                  <SP HEIGHT="43" WIDTH="15" VPOS="261" HPOS="985"/>
                  <String HEIGHT="43"
                          WIDTH="118"
                          VPOS="261"
                          HPOS="940"
                          CONTENT="esse"/>
                  <SP HEIGHT="43" WIDTH="15" VPOS="261" HPOS="1058"/>
                  <String HEIGHT="43"
                          WIDTH="147"
                          VPOS="261"
                          HPOS="1014"
                          CONTENT="causam"/>
                  <SP HEIGHT="43" WIDTH="15" VPOS="261" HPOS="1161"/>
                  <String HEIGHT="43"
                          WIDTH="103"
                          VPOS="261"
                          HPOS="1102"
                          CONTENT="motus"/>
               </TextLine>
               <TextLine ID="r1l10"
                         BASELINE="346"
                         HEIGHT="46"
                         WIDTH="482"
                         VPOS="300"
                         HPOS="720">
                  <String HEIGHT="46"
                          WIDTH="213"
                          VPOS="300"
                          HPOS="706"
                          CONTENT="existimauit"/>
                  <SP HEIGHT="46" WIDTH="14" VPOS="300" HPOS="918"/>
                  <String HEIGHT="46"
                          WIDTH="113"
                          VPOS="300"
                          HPOS="876"
                          CONTENT="hoc,"/>
                  <SP HEIGHT="46" WIDTH="14" VPOS="300" HPOS="989"/>
                  <String HEIGHT="46"
                          WIDTH="113"
                          VPOS="300"
                          HPOS="947"
                          CONTENT="quia"/>
                  <SP HEIGHT="46" WIDTH="14" VPOS="300" HPOS="1060"/>
                  <String HEIGHT="46"
                          WIDTH="184"
                          VPOS="300"
                          HPOS="1018"
                          CONTENT="seputauit"/>
                  <SP HEIGHT="46" WIDTH="14" VPOS="300" HPOS="1202"/>
                  <String HEIGHT="46" WIDTH="57" VPOS="300" HPOS="1145" CONTENT="ip"/>
               </TextLine>
               <TextLine ID="r1l12"
                         BASELINE="386"
                         HEIGHT="50"
                         WIDTH="491"
                         VPOS="336"
                         HPOS="718">
                  <String HEIGHT="50" WIDTH="98" VPOS="336" HPOS="704" CONTENT="sum"/>
                  <SP HEIGHT="50" WIDTH="14" VPOS="336" HPOS="802"/>
                  <String HEIGHT="50"
                          WIDTH="112"
                          VPOS="336"
                          HPOS="760"
                          CONTENT="esse"/>
                  <SP HEIGHT="50" WIDTH="14" VPOS="336" HPOS="872"/>
                  <String HEIGHT="50"
                          WIDTH="140"
                          VPOS="336"
                          HPOS="830"
                          CONTENT="illud,"/>
                  <SP HEIGHT="50" WIDTH="14" VPOS="336" HPOS="971"/>
                  <String HEIGHT="50" WIDTH="84" VPOS="336" HPOS="928" CONTENT="in"/>
                  <SP HEIGHT="50" WIDTH="14" VPOS="336" HPOS="1013"/>
                  <String HEIGHT="50" WIDTH="98" VPOS="336" HPOS="971" CONTENT="quo"/>
                  <SP HEIGHT="50" WIDTH="14" VPOS="336" HPOS="1069"/>
                  <String HEIGHT="50" WIDTH="98" VPOS="336" HPOS="1027" CONTENT="res"/>
                  <SP HEIGHT="50" WIDTH="14" VPOS="336" HPOS="1125"/>
                  <String HEIGHT="50"
                          WIDTH="112"
                          VPOS="336"
                          HPOS="1083"
                          CONTENT="mota"/>
                  <SP HEIGHT="50" WIDTH="14" VPOS="336" HPOS="1195"/>
                  <String HEIGHT="50"
                          WIDTH="70"
                          VPOS="336"
                          HPOS="1139"
                          CONTENT="mo"
                          SUBS_TYPE="HypPart1"
                          SUBS_CONTENT="mouetur,"/>
                  <HYP CONTENT="-"/>
               </TextLine>
               <TextLine ID="r1l14"
                         BASELINE="426"
                         HEIGHT="51"
                         WIDTH="488"
                         VPOS="375"
                         HPOS="724">
                  <String HEIGHT="51"
                          WIDTH="128"
                          VPOS="375"
                          HPOS="711"
                          CONTENT="uetur,"
                          SUBS_TYPE="HypPart2"
                          SUBS_CONTENT="mouetur,"/>
                  <SP HEIGHT="51" WIDTH="13" VPOS="375" HPOS="840"/>
                  <String HEIGHT="51"
                          WIDTH="116"
                          VPOS="375"
                          HPOS="801"
                          CONTENT="sicut"/>
                  <SP HEIGHT="51" WIDTH="13" VPOS="375" HPOS="917"/>
                  <String HEIGHT="51"
                          WIDTH="167"
                          VPOS="375"
                          HPOS="878"
                          CONTENT="reputatur"/>
                  <SP HEIGHT="51" WIDTH="13" VPOS="375" HPOS="1045"/>
                  <String HEIGHT="51" WIDTH="77" VPOS="375" HPOS="1007" CONTENT="de"/>
                  <SP HEIGHT="51" WIDTH="13" VPOS="375" HPOS="1084"/>
                  <String HEIGHT="51"
                          WIDTH="116"
                          VPOS="375"
                          HPOS="1045"
                          CONTENT="loco."/>
                  <SP HEIGHT="51" WIDTH="13" VPOS="375" HPOS="1161"/>
                  <String HEIGHT="51" WIDTH="64" VPOS="375" HPOS="1122" CONTENT="&amp;"/>
                  <SP HEIGHT="51" WIDTH="13" VPOS="375" HPOS="1186"/>
                  <String HEIGHT="51"
                          WIDTH="77"
                          VPOS="375"
                          HPOS="1135"
                          CONTENT="ideo"/>
               </TextLine>
               <TextLine ID="r1l16"
                         BASELINE="458"
                         HEIGHT="44"
                         WIDTH="489"
                         VPOS="414"
                         HPOS="720">
                  <String HEIGHT="44"
                          WIDTH="133"
                          VPOS="414"
                          HPOS="709"
                          CONTENT="dixerunt"/>
                  <SP HEIGHT="44" WIDTH="11" VPOS="414" HPOS="842"/>
                  <String HEIGHT="44" WIDTH="89" VPOS="414" HPOS="809" CONTENT="quod"/>
                  <SP HEIGHT="44" WIDTH="11" VPOS="414" HPOS="898"/>
                  <String HEIGHT="44"
                          WIDTH="122"
                          VPOS="414"
                          HPOS="864"
                          CONTENT="vacuum,"/>
                  <SP HEIGHT="44" WIDTH="11" VPOS="414" HPOS="987"/>
                  <String HEIGHT="44" WIDTH="56" VPOS="414" HPOS="953" CONTENT="&amp;"/>
                  <SP HEIGHT="44" WIDTH="11" VPOS="414" HPOS="1009"/>
                  <String HEIGHT="44"
                          WIDTH="100"
                          VPOS="414"
                          HPOS="976"
                          CONTENT="locus"/>
                  <SP HEIGHT="44" WIDTH="11" VPOS="414" HPOS="1076"/>
                  <String HEIGHT="44"
                          WIDTH="89"
                          VPOS="414"
                          HPOS="1042"
                          CONTENT="sunt"/>
                  <SP HEIGHT="44" WIDTH="11" VPOS="414" HPOS="1131"/>
                  <String HEIGHT="44"
                          WIDTH="100"
                          VPOS="414"
                          HPOS="1098"
                          CONTENT="idem."/>
                  <SP HEIGHT="44" WIDTH="11" VPOS="414" HPOS="1198"/>
                  <String HEIGHT="44" WIDTH="56" VPOS="414" HPOS="1153" CONTENT="Et,"/>
               </TextLine>
               <TextLine ID="r1l18"
                         BASELINE="498"
                         HEIGHT="44"
                         WIDTH="496"
                         VPOS="454"
                         HPOS="716">
                  <String HEIGHT="44" WIDTH="85" VPOS="454" HPOS="704" CONTENT="cum"/>
                  <SP HEIGHT="44" WIDTH="12" VPOS="454" HPOS="789"/>
                  <String HEIGHT="44"
                          WIDTH="109"
                          VPOS="454"
                          HPOS="752"
                          CONTENT="dixit"/>
                  <SP HEIGHT="44" WIDTH="12" VPOS="454" HPOS="861"/>
                  <String HEIGHT="44" WIDTH="97" VPOS="454" HPOS="825" CONTENT="quod"/>
                  <SP HEIGHT="44" WIDTH="12" VPOS="454" HPOS="922"/>
                  <String HEIGHT="44"
                          WIDTH="109"
                          VPOS="454"
                          HPOS="885"
                          CONTENT="motus"/>
                  <SP HEIGHT="44" WIDTH="12" VPOS="454" HPOS="994"/>
                  <String HEIGHT="44"
                          WIDTH="133"
                          VPOS="454"
                          HPOS="958"
                          CONTENT="induxit"/>
                  <SP HEIGHT="44" WIDTH="12" VPOS="454" HPOS="1091"/>
                  <String HEIGHT="44" WIDTH="85" VPOS="454" HPOS="1055" CONTENT="eos"/>
                  <SP HEIGHT="44" WIDTH="12" VPOS="454" HPOS="1139"/>
                  <String HEIGHT="44" WIDTH="73" VPOS="454" HPOS="1103" CONTENT="ad"/>
                  <SP HEIGHT="44" WIDTH="12" VPOS="454" HPOS="1176"/>
                  <String HEIGHT="44"
                          WIDTH="85"
                          VPOS="454"
                          HPOS="1127"
                          CONTENT="dicem"/>
               </TextLine>
               <TextLine ID="r1l20"
                         BASELINE="547"
                         HEIGHT="53"
                         WIDTH="493"
                         VPOS="494"
                         HPOS="720">
                  <String HEIGHT="53" WIDTH="82" VPOS="494" HPOS="708" CONTENT="dum"/>
                  <SP HEIGHT="53" WIDTH="12" VPOS="494" HPOS="790"/>
                  <String HEIGHT="53"
                          WIDTH="117"
                          VPOS="494"
                          HPOS="755"
                          CONTENT="vacuum"/>
                  <SP HEIGHT="53" WIDTH="12" VPOS="494" HPOS="873"/>
                  <String HEIGHT="53"
                          WIDTH="106"
                          VPOS="494"
                          HPOS="837"
                          CONTENT="esse,"/>
                  <SP HEIGHT="53" WIDTH="12" VPOS="494" HPOS="943"/>
                  <String HEIGHT="53"
                          WIDTH="129"
                          VPOS="494"
                          HPOS="908"
                          CONTENT="incepit"/>
                  <SP HEIGHT="53" WIDTH="12" VPOS="494" HPOS="1037"/>
                  <String HEIGHT="53"
                          WIDTH="188"
                          VPOS="494"
                          HPOS="1002"
                          CONTENT="contradicere"/>
                  <SP HEIGHT="53" WIDTH="12" VPOS="494" HPOS="1190"/>
                  <String HEIGHT="53"
                          WIDTH="70"
                          VPOS="494"
                          HPOS="1143"
                          CONTENT="eis."/>
               </TextLine>
               <TextLine ID="r1l22"
                         BASELINE="586"
                         HEIGHT="52"
                         WIDTH="452"
                         VPOS="534"
                         HPOS="754">
                  <String HEIGHT="52"
                          WIDTH="140"
                          VPOS="534"
                          HPOS="738"
                          CONTENT="Nulla"/>
                  <SP HEIGHT="52" WIDTH="16" VPOS="534" HPOS="879"/>
                  <String HEIGHT="52"
                          WIDTH="140"
                          VPOS="534"
                          HPOS="832"
                          CONTENT="autem"/>
                  <SP HEIGHT="52" WIDTH="16" VPOS="534" HPOS="972"/>
                  <String HEIGHT="52"
                          WIDTH="218"
                          VPOS="534"
                          HPOS="925"
                          CONTENT="necessitas"/>
                  <SP HEIGHT="52" WIDTH="16" VPOS="534" HPOS="1144"/>
                  <String HEIGHT="52"
                          WIDTH="125"
                          VPOS="534"
                          HPOS="1097"
                          CONTENT="est,"/>
                  <SP HEIGHT="52" WIDTH="16" VPOS="534" HPOS="1222"/>
                  <String HEIGHT="52" WIDTH="47" VPOS="534" HPOS="1159" CONTENT="s"/>
               </TextLine>
               <TextLine ID="r1l24"
                         BASELINE="618"
                         HEIGHT="43"
                         WIDTH="489"
                         VPOS="575"
                         HPOS="722">
                  <String HEIGHT="43"
                          WIDTH="147"
                          VPOS="575"
                          HPOS="706"
                          CONTENT="motus"/>
                  <SP HEIGHT="43" WIDTH="16" VPOS="575" HPOS="852"/>
                  <String HEIGHT="43"
                          WIDTH="130"
                          VPOS="575"
                          HPOS="804"
                          CONTENT="est,"/>
                  <SP HEIGHT="43" WIDTH="16" VPOS="575" HPOS="934"/>
                  <String HEIGHT="43"
                          WIDTH="130"
                          VPOS="575"
                          HPOS="885"
                          CONTENT="esse"/>
                  <SP HEIGHT="43" WIDTH="16" VPOS="575" HPOS="1015"/>
                  <String HEIGHT="43"
                          WIDTH="179"
                          VPOS="575"
                          HPOS="967"
                          CONTENT="vacuum."/>
                  <SP HEIGHT="43" WIDTH="16" VPOS="575" HPOS="1146"/>
                  <String HEIGHT="43"
                          WIDTH="130"
                          VPOS="575"
                          HPOS="1081"
                          CONTENT="omnino"/>
               </TextLine>
               <TextLine ID="r1l26"
                         BASELINE="673"
                         HEIGHT="52"
                         WIDTH="497"
                         VPOS="621"
                         HPOS="718">
                  <String HEIGHT="52"
                          WIDTH="166"
                          VPOS="621"
                          HPOS="703"
                          CONTENT="ligitur"/>
                  <SP HEIGHT="52" WIDTH="15" VPOS="621" HPOS="869"/>
                  <String HEIGHT="52"
                          WIDTH="136"
                          VPOS="621"
                          HPOS="823"
                          CONTENT="omnis"/>
                  <SP HEIGHT="52" WIDTH="15" VPOS="621" HPOS="959"/>
                  <String HEIGHT="52"
                          WIDTH="196"
                          VPOS="621"
                          HPOS="914"
                          CONTENT="motionis,"/>
                  <SP HEIGHT="52" WIDTH="15" VPOS="621" HPOS="1110"/>
                  <String HEIGHT="52"
                          WIDTH="166"
                          VPOS="621"
                          HPOS="1049"
                          CONTENT="nequaque."/>
               </TextLine>
               <TextLine ID="r1l28"
                         BASELINE="708"
                         HEIGHT="48"
                         WIDTH="494"
                         VPOS="660"
                         HPOS="723">
                  <String HEIGHT="48"
                          WIDTH="191"
                          VPOS="660"
                          HPOS="707"
                          CONTENT="quocirca"/>
                  <SP HEIGHT="48" WIDTH="16" VPOS="660" HPOS="898"/>
                  <String HEIGHT="48" WIDTH="80" VPOS="660" HPOS="850" CONTENT="&amp;"/>
                  <SP HEIGHT="48" WIDTH="16" VPOS="660" HPOS="930"/>
                  <String HEIGHT="48"
                          WIDTH="191"
                          VPOS="660"
                          HPOS="882"
                          CONTENT="Melissum"/>
                  <SP HEIGHT="48" WIDTH="16" VPOS="660" HPOS="1074"/>
                  <String HEIGHT="48"
                          WIDTH="175"
                          VPOS="660"
                          HPOS="1026"
                          CONTENT="latuit."/>
                  <SP HEIGHT="48" WIDTH="16" VPOS="660" HPOS="1201"/>
                  <String HEIGHT="48"
                          WIDTH="80"
                          VPOS="660"
                          HPOS="1137"
                          CONTENT="al"
                          SUBS_TYPE="HypPart1"
                          SUBS_CONTENT="alterari"/>
                  <HYP CONTENT="-"/>
               </TextLine>
               <TextLine ID="r1l29"
                         BASELINE="746"
                         HEIGHT="43"
                         WIDTH="495"
                         VPOS="703"
                         HPOS="721">
                  <String HEIGHT="43"
                          WIDTH="155"
                          VPOS="703"
                          HPOS="706"
                          CONTENT="terari"
                          SUBS_TYPE="HypPart2"
                          SUBS_CONTENT="alterari"/>
                  <SP HEIGHT="43" WIDTH="15" VPOS="703" HPOS="860"/>
                  <String HEIGHT="43"
                          WIDTH="155"
                          VPOS="703"
                          HPOS="814"
                          CONTENT="namque"/>
                  <SP HEIGHT="43" WIDTH="15" VPOS="703" HPOS="969"/>
                  <String HEIGHT="43"
                          WIDTH="155"
                          VPOS="703"
                          HPOS="922"
                          CONTENT="potest"/>
                  <SP HEIGHT="43" WIDTH="15" VPOS="703" HPOS="1077"/>
                  <String HEIGHT="43"
                          WIDTH="170"
                          VPOS="703"
                          HPOS="1030"
                          CONTENT="plenum."/>
                  <SP HEIGHT="43" WIDTH="15" VPOS="703" HPOS="1201"/>
                  <String HEIGHT="43" WIDTH="77" VPOS="703" HPOS="1139" CONTENT="Sed"/>
               </TextLine>
               <TextLine ID="r1l31"
                         BASELINE="798"
                         HEIGHT="54"
                         WIDTH="494"
                         VPOS="744"
                         HPOS="716">
                  <String HEIGHT="54"
                          WIDTH="106"
                          VPOS="744"
                          HPOS="704"
                          CONTENT="neque"/>
                  <SP HEIGHT="54" WIDTH="12" VPOS="744" HPOS="810"/>
                  <String HEIGHT="54"
                          WIDTH="141"
                          VPOS="744"
                          HPOS="775"
                          CONTENT="secundum"/>
                  <SP HEIGHT="54" WIDTH="12" VPOS="744" HPOS="916"/>
                  <String HEIGHT="54"
                          WIDTH="106"
                          VPOS="744"
                          HPOS="881"
                          CONTENT="locum"/>
                  <SP HEIGHT="54" WIDTH="12" VPOS="744" HPOS="987"/>
                  <String HEIGHT="54"
                          WIDTH="118"
                          VPOS="744"
                          HPOS="951"
                          CONTENT="motum."/>
                  <SP HEIGHT="54" WIDTH="12" VPOS="744" HPOS="1069"/>
                  <String HEIGHT="54"
                          WIDTH="106"
                          VPOS="744"
                          HPOS="1034"
                          CONTENT="simul"/>
                  <SP HEIGHT="54" WIDTH="12" VPOS="744" HPOS="1139"/>
                  <String HEIGHT="54"
                          WIDTH="94"
                          VPOS="744"
                          HPOS="1104"
                          CONTENT="enim"/>
                  <SP HEIGHT="54" WIDTH="12" VPOS="744" HPOS="1198"/>
                  <String HEIGHT="54"
                          WIDTH="59"
                          VPOS="744"
                          HPOS="1151"
                          CONTENT="ce"
                          SUBS_TYPE="HypPart1"
                          SUBS_CONTENT="cedere"/>
                  <HYP CONTENT="-"/>
               </TextLine>
               <TextLine ID="r1l33"
                         BASELINE="839"
                         HEIGHT="50"
                         WIDTH="491"
                         VPOS="789"
                         HPOS="722">
                  <String HEIGHT="50"
                          WIDTH="116"
                          VPOS="789"
                          HPOS="708"
                          CONTENT="dere"
                          SUBS_TYPE="HypPart2"
                          SUBS_CONTENT="cedere"/>
                  <SP HEIGHT="50" WIDTH="14" VPOS="789" HPOS="823"/>
                  <String HEIGHT="50"
                          WIDTH="116"
                          VPOS="789"
                          HPOS="780"
                          CONTENT="sibi"/>
                  <SP HEIGHT="50" WIDTH="14" VPOS="789" HPOS="895"/>
                  <String HEIGHT="50"
                          WIDTH="159"
                          VPOS="789"
                          HPOS="852"
                          CONTENT="inuicem"/>
                  <SP HEIGHT="50" WIDTH="14" VPOS="789" HPOS="1011"/>
                  <String HEIGHT="50"
                          WIDTH="202"
                          VPOS="789"
                          HPOS="968"
                          CONTENT="contingit,"/>
                  <SP HEIGHT="50" WIDTH="14" VPOS="789" HPOS="1170"/>
                  <String HEIGHT="50"
                          WIDTH="101"
                          VPOS="789"
                          HPOS="1112"
                          CONTENT="nullo"/>
               </TextLine>
               <TextLine ID="r1l35"
                         BASELINE="874"
                         HEIGHT="45"
                         WIDTH="494"
                         VPOS="829"
                         HPOS="723">
                  <String HEIGHT="45"
                          WIDTH="189"
                          VPOS="829"
                          HPOS="708"
                          CONTENT="existente"/>
                  <SP HEIGHT="45" WIDTH="15" VPOS="829" HPOS="897"/>
                  <String HEIGHT="45"
                          WIDTH="145"
                          VPOS="829"
                          HPOS="854"
                          CONTENT="spatio"/>
                  <SP HEIGHT="45" WIDTH="15" VPOS="829" HPOS="999"/>
                  <String HEIGHT="45"
                          WIDTH="189"
                          VPOS="829"
                          HPOS="955"
                          CONTENT="separato,"/>
                  <SP HEIGHT="45" WIDTH="15" VPOS="829" HPOS="1144"/>
                  <String HEIGHT="45"
                          WIDTH="131"
                          VPOS="829"
                          HPOS="1086"
                          CONTENT="praeter"/>
               </TextLine>
               <TextLine ID="r1l37"
                         BASELINE="922"
                         HEIGHT="50"
                         WIDTH="498"
                         VPOS="872"
                         HPOS="718">
                  <String HEIGHT="50"
                          WIDTH="177"
                          VPOS="872"
                          HPOS="702"
                          CONTENT="corpora"/>
                  <SP HEIGHT="50" WIDTH="16" VPOS="872" HPOS="879"/>
                  <String HEIGHT="50"
                          WIDTH="145"
                          VPOS="872"
                          HPOS="830"
                          CONTENT="mota."/>
                  <SP HEIGHT="50" WIDTH="16" VPOS="872" HPOS="975"/>
                  <String HEIGHT="50"
                          WIDTH="145"
                          VPOS="872"
                          HPOS="927"
                          CONTENT="atque"/>
                  <SP HEIGHT="50" WIDTH="16" VPOS="872" HPOS="1071"/>
                  <String HEIGHT="50"
                          WIDTH="112"
                          VPOS="872"
                          HPOS="1023"
                          CONTENT="hoc"/>
                  <SP HEIGHT="50" WIDTH="16" VPOS="872" HPOS="1136"/>
                  <String HEIGHT="50"
                          WIDTH="145"
                          VPOS="872"
                          HPOS="1071"
                          CONTENT="manife"
                          SUBS_TYPE="HypPart1"
                          SUBS_CONTENT="manifestum"/>
                  <HYP CONTENT="-"/>
               </TextLine>
               <TextLine ID="r1l39"
                         BASELINE="955"
                         HEIGHT="43"
                         WIDTH="494"
                         VPOS="912"
                         HPOS="715">
                  <String HEIGHT="43"
                          WIDTH="110"
                          VPOS="912"
                          HPOS="701"
                          CONTENT="stum"
                          SUBS_TYPE="HypPart2"
                          SUBS_CONTENT="manifestum"/>
                  <SP HEIGHT="43" WIDTH="14" VPOS="912" HPOS="811"/>
                  <String HEIGHT="43" WIDTH="96" VPOS="912" HPOS="770" CONTENT="est"/>
                  <SP HEIGHT="43" WIDTH="14" VPOS="912" HPOS="866"/>
                  <String HEIGHT="43" WIDTH="69" VPOS="912" HPOS="825" CONTENT="&amp;"/>
                  <SP HEIGHT="43" WIDTH="14" VPOS="912" HPOS="893"/>
                  <String HEIGHT="43" WIDTH="82" VPOS="912" HPOS="852" CONTENT="in"/>
                  <SP HEIGHT="43" WIDTH="14" VPOS="912" HPOS="935"/>
                  <String HEIGHT="43"
                          WIDTH="206"
                          VPOS="912"
                          HPOS="893"
                          CONTENT="continuorum"/>
                  <SP HEIGHT="43" WIDTH="14" VPOS="912" HPOS="1099"/>
                  <String HEIGHT="43"
                          WIDTH="165"
                          VPOS="912"
                          HPOS="1044"
                          CONTENT="reuolutio"
                          SUBS_TYPE="HypPart1"
                          SUBS_CONTENT="reuolutionibus"/>
                  <HYP CONTENT="-"/>
               </TextLine>
               <TextLine ID="r1l41"
                         BASELINE="1005"
                         HEIGHT="48"
                         WIDTH="489"
                         VPOS="957"
                         HPOS="722">
                  <String HEIGHT="48"
                          WIDTH="110"
                          VPOS="957"
                          HPOS="710"
                          CONTENT="nibus"
                          SUBS_TYPE="HypPart2"
                          SUBS_CONTENT="reuolutionibus"/>
                  <SP HEIGHT="48" WIDTH="12" VPOS="957" HPOS="820"/>
                  <String HEIGHT="48" WIDTH="73" VPOS="957" HPOS="783" CONTENT="vt"/>
                  <SP HEIGHT="48" WIDTH="12" VPOS="957" HPOS="856"/>
                  <String HEIGHT="48" WIDTH="61" VPOS="957" HPOS="820" CONTENT="&amp;"/>
                  <SP HEIGHT="48" WIDTH="12" VPOS="957" HPOS="881"/>
                  <String HEIGHT="48" WIDTH="73" VPOS="957" HPOS="844" CONTENT="in"/>
                  <SP HEIGHT="48" WIDTH="12" VPOS="957" HPOS="918"/>
                  <String HEIGHT="48" WIDTH="98" VPOS="957" HPOS="881" CONTENT="ijs,"/>
                  <SP HEIGHT="48" WIDTH="12" VPOS="957" HPOS="979"/>
                  <String HEIGHT="48" WIDTH="98" VPOS="957" HPOS="942" CONTENT="quae"/>
                  <SP HEIGHT="48" WIDTH="12" VPOS="957" HPOS="1040"/>
                  <String HEIGHT="48"
                          WIDTH="98"
                          VPOS="957"
                          HPOS="1003"
                          CONTENT="sunt"/>
                  <SP HEIGHT="48" WIDTH="12" VPOS="957" HPOS="1101"/>
                  <String HEIGHT="48"
                          WIDTH="159"
                          VPOS="957"
                          HPOS="1052"
                          CONTENT="humnidorum."/>
               </TextLine>
               <TextLine ID="r1l43"
                         BASELINE="1059"
                         HEIGHT="62"
                         WIDTH="442"
                         VPOS="997"
                         HPOS="762">
                  <String HEIGHT="62" WIDTH="80" VPOS="997" HPOS="749" CONTENT="Et"/>
                  <SP HEIGHT="62" WIDTH="13" VPOS="997" HPOS="829"/>
                  <String HEIGHT="62" WIDTH="94" VPOS="997" HPOS="789" CONTENT="non"/>
                  <SP HEIGHT="62" WIDTH="13" VPOS="997" HPOS="883"/>
                  <String HEIGHT="62" WIDTH="94" VPOS="997" HPOS="842" CONTENT="est"/>
                  <SP HEIGHT="62" WIDTH="13" VPOS="997" HPOS="936"/>
                  <String HEIGHT="62" WIDTH="94" VPOS="997" HPOS="896" CONTENT="hic"/>
                  <SP HEIGHT="62" WIDTH="13" VPOS="997" HPOS="990"/>
                  <String HEIGHT="62"
                          WIDTH="188"
                          VPOS="997"
                          HPOS="950"
                          CONTENT="necessitas"/>
                  <SP HEIGHT="62" WIDTH="13" VPOS="997" HPOS="1137"/>
                  <String HEIGHT="62"
                          WIDTH="121"
                          VPOS="997"
                          HPOS="1083"
                          CONTENT="cogens,"/>
               </TextLine>
               <TextLine ID="r1l45"
                         BASELINE="1101"
                         HEIGHT="54"
                         WIDTH="496"
                         VPOS="1047"
                         HPOS="714">
                  <String HEIGHT="54" WIDTH="85" VPOS="1047" HPOS="700" CONTENT="si"/>
                  <SP HEIGHT="54" WIDTH="14" VPOS="1047" HPOS="785"/>
                  <String HEIGHT="54"
                          WIDTH="142"
                          VPOS="1047"
                          HPOS="742"
                          CONTENT="fuerit"/>
                  <SP HEIGHT="54" WIDTH="14" VPOS="1047" HPOS="884"/>
                  <String HEIGHT="54"
                          WIDTH="142"
                          VPOS="1047"
                          HPOS="842"
                          CONTENT="motus,"/>
                  <SP HEIGHT="54" WIDTH="14" VPOS="1047" HPOS="983"/>
                  <String HEIGHT="54" WIDTH="85" VPOS="1047" HPOS="941" CONTENT="vt"/>
                  <SP HEIGHT="54" WIDTH="14" VPOS="1047" HPOS="1026"/>
                  <String HEIGHT="54"
                          WIDTH="142"
                          VPOS="1047"
                          HPOS="983"
                          CONTENT="vacuum"/>
                  <SP HEIGHT="54" WIDTH="14" VPOS="1047" HPOS="1125"/>
                  <String HEIGHT="54"
                          WIDTH="113"
                          VPOS="1047"
                          HPOS="1082"
                          CONTENT="sit."/>
                  <SP HEIGHT="54" WIDTH="14" VPOS="1047" HPOS="1196"/>
                  <String HEIGHT="54"
                          WIDTH="71"
                          VPOS="1047"
                          HPOS="1139"
                          CONTENT="quo"/>
               </TextLine>
               <TextLine ID="r1l46"
                         BASELINE="1146"
                         HEIGHT="53"
                         WIDTH="508"
                         VPOS="1093"
                         HPOS="714">
                  <String HEIGHT="53"
                          WIDTH="102"
                          VPOS="1093"
                          HPOS="699"
                          CONTENT="nia"/>
                  <SP HEIGHT="53" WIDTH="15" VPOS="1093" HPOS="801"/>
                  <String HEIGHT="53"
                          WIDTH="247"
                          VPOS="1093"
                          HPOS="758"
                          CONTENT="vniuersaliter"/>
                  <SP HEIGHT="53" WIDTH="15" VPOS="1093" HPOS="1004"/>
                  <String HEIGHT="53" WIDTH="87" VPOS="1093" HPOS="961" CONTENT="no"/>
                  <SP HEIGHT="53" WIDTH="15" VPOS="1093" HPOS="1048"/>
                  <String HEIGHT="53"
                          WIDTH="102"
                          VPOS="1093"
                          HPOS="1004"
                          CONTENT="est"/>
                  <SP HEIGHT="53" WIDTH="15" VPOS="1093" HPOS="1106"/>
                  <String HEIGHT="53"
                          WIDTH="102"
                          VPOS="1093"
                          HPOS="1062"
                          CONTENT="hoc"/>
                  <SP HEIGHT="53" WIDTH="15" VPOS="1093" HPOS="1164"/>
                  <String HEIGHT="53"
                          WIDTH="116"
                          VPOS="1093"
                          HPOS="1106"
                          CONTENT="neces"
                          SUBS_TYPE="HypPart1"
                          SUBS_CONTENT="necessarium"/>
                  <HYP CONTENT="-"/>
               </TextLine>
               <TextLine ID="r1l49"
                         BASELINE="1203"
                         HEIGHT="62"
                         WIDTH="496"
                         VPOS="1141"
                         HPOS="725">
                  <String HEIGHT="62"
                          WIDTH="160"
                          VPOS="1141"
                          HPOS="709"
                          CONTENT="sarium"
                          SUBS_TYPE="HypPart2"
                          SUBS_CONTENT="necessarium"/>
                  <SP HEIGHT="62" WIDTH="16" VPOS="1141" HPOS="869"/>
                  <String HEIGHT="62" WIDTH="96" VPOS="1141" HPOS="821" CONTENT="de"/>
                  <SP HEIGHT="62" WIDTH="16" VPOS="1141" HPOS="917"/>
                  <String HEIGHT="62"
                          WIDTH="128"
                          VPOS="1141"
                          HPOS="869"
                          CONTENT="omni"/>
                  <SP HEIGHT="62" WIDTH="16" VPOS="1141" HPOS="997"/>
                  <String HEIGHT="62"
                          WIDTH="144"
                          VPOS="1141"
                          HPOS="949"
                          CONTENT="motu."/>
                  <SP HEIGHT="62" WIDTH="16" VPOS="1141" HPOS="1093"/>
                  <String HEIGHT="62" WIDTH="80" VPOS="1141" HPOS="1045" CONTENT="&amp;"/>
                  <SP HEIGHT="62" WIDTH="16" VPOS="1141" HPOS="1125"/>
                  <String HEIGHT="62"
                          WIDTH="112"
                          VPOS="1141"
                          HPOS="1077"
                          CONTENT="hoc"/>
                  <SP HEIGHT="62" WIDTH="16" VPOS="1141" HPOS="1189"/>
                  <String HEIGHT="62"
                          WIDTH="96"
                          VPOS="1141"
                          HPOS="1125"
                          CONTENT="igno"/>
               </TextLine>
               <TextLine ID="r1l51"
                         BASELINE="1251"
                         HEIGHT="63"
                         WIDTH="496"
                         VPOS="1188"
                         HPOS="719">
                  <String HEIGHT="63"
                          WIDTH="131"
                          VPOS="1188"
                          HPOS="704"
                          CONTENT="rauit"/>
                  <SP HEIGHT="63" WIDTH="15" VPOS="1188" HPOS="836"/>
                  <String HEIGHT="63"
                          WIDTH="190"
                          VPOS="1188"
                          HPOS="792"
                          CONTENT="Melissus."/>
                  <SP HEIGHT="63" WIDTH="15" VPOS="1188" HPOS="982"/>
                  <String HEIGHT="63"
                          WIDTH="190"
                          VPOS="1188"
                          HPOS="938"
                          CONTENT="possibile"/>
                  <SP HEIGHT="63" WIDTH="15" VPOS="1188" HPOS="1127"/>
                  <String HEIGHT="63"
                          WIDTH="117"
                          VPOS="1188"
                          HPOS="1084"
                          CONTENT="enim"/>
                  <SP HEIGHT="63" WIDTH="15" VPOS="1188" HPOS="1200"/>
                  <String HEIGHT="63"
                          WIDTH="73"
                          VPOS="1188"
                          HPOS="1142"
                          CONTENT="est"/>
               </TextLine>
               <TextLine ID="r1l52"
                         BASELINE="1304"
                         HEIGHT="67"
                         WIDTH="498"
                         VPOS="1237"
                         HPOS="723">
                  <String HEIGHT="67" WIDTH="81" VPOS="1237" HPOS="710" CONTENT="vt"/>
                  <SP HEIGHT="67" WIDTH="13" VPOS="1237" HPOS="790"/>
                  <String HEIGHT="67"
                          WIDTH="135"
                          VPOS="1237"
                          HPOS="750"
                          CONTENT="plenum"/>
                  <SP HEIGHT="67" WIDTH="13" VPOS="1237" HPOS="885"/>
                  <String HEIGHT="67"
                          WIDTH="188"
                          VPOS="1237"
                          HPOS="844"
                          CONTENT="alteretur."/>
                  <SP HEIGHT="67" WIDTH="13" VPOS="1237" HPOS="1033"/>
                  <String HEIGHT="67" WIDTH="81" VPOS="1237" HPOS="992" CONTENT="Et"/>
                  <SP HEIGHT="67" WIDTH="13" VPOS="1237" HPOS="1073"/>
                  <String HEIGHT="67"
                          WIDTH="148"
                          VPOS="1237"
                          HPOS="1033"
                          CONTENT="postea,"/>
                  <SP HEIGHT="67" WIDTH="13" VPOS="1237" HPOS="1181"/>
                  <String HEIGHT="67"
                          WIDTH="108"
                          VPOS="1237"
                          HPOS="1140"
                          CONTENT="quo"/>
                  <SP HEIGHT="67" WIDTH="13" VPOS="1237" HPOS="1248"/>
                  <String HEIGHT="67" WIDTH="27" VPOS="1237" HPOS="1194" CONTENT=""/>
               </TextLine>
               <TextLine ID="r1l56"
                         BASELINE="1346"
                         HEIGHT="62"
                         WIDTH="503"
                         VPOS="1284"
                         HPOS="716">
                  <String HEIGHT="62" WIDTH="93" VPOS="1284" HPOS="703" CONTENT="nia"/>
                  <SP HEIGHT="62" WIDTH="13" VPOS="1284" HPOS="795"/>
                  <String HEIGHT="62"
                          WIDTH="132"
                          VPOS="1284"
                          HPOS="756"
                          CONTENT="neque,"/>
                  <SP HEIGHT="62" WIDTH="13" VPOS="1284" HPOS="888"/>
                  <String HEIGHT="62" WIDTH="93" VPOS="1284" HPOS="848" CONTENT="est"/>
                  <SP HEIGHT="62" WIDTH="13" VPOS="1284" HPOS="941"/>
                  <String HEIGHT="62"
                          WIDTH="185"
                          VPOS="1284"
                          HPOS="901"
                          CONTENT="necessariu"/>
                  <SP HEIGHT="62" WIDTH="13" VPOS="1284" HPOS="1087"/>
                  <String HEIGHT="62" WIDTH="79" VPOS="1284" HPOS="1047" CONTENT="in"/>
                  <SP HEIGHT="62" WIDTH="13" VPOS="1284" HPOS="1126"/>
                  <String HEIGHT="62"
                          WIDTH="106"
                          VPOS="1284"
                          HPOS="1087"
                          CONTENT="motu"/>
                  <SP HEIGHT="62" WIDTH="13" VPOS="1284" HPOS="1193"/>
                  <String HEIGHT="62"
                          WIDTH="79"
                          VPOS="1284"
                          HPOS="1140"
                          CONTENT="loca"/>
               </TextLine>
               <TextLine ID="r1l58"
                         BASELINE="1394"
                         HEIGHT="62"
                         WIDTH="503"
                         VPOS="1332"
                         HPOS="716">
                  <String HEIGHT="62" WIDTH="93" VPOS="1332" HPOS="703" CONTENT="li."/>
                  <SP HEIGHT="62" WIDTH="13" VPOS="1332" HPOS="795"/>
                  <String HEIGHT="62"
                          WIDTH="172"
                          VPOS="1332"
                          HPOS="756"
                          CONTENT="possibile"/>
                  <SP HEIGHT="62" WIDTH="13" VPOS="1332" HPOS="928"/>
                  <String HEIGHT="62" WIDTH="93" VPOS="1332" HPOS="888" CONTENT="eni"/>
                  <SP HEIGHT="62" WIDTH="13" VPOS="1332" HPOS="981"/>
                  <String HEIGHT="62" WIDTH="93" VPOS="1332" HPOS="941" CONTENT="est"/>
                  <SP HEIGHT="62" WIDTH="13" VPOS="1332" HPOS="1034"/>
                  <String HEIGHT="62" WIDTH="79" VPOS="1332" HPOS="994" CONTENT="ut"/>
                  <SP HEIGHT="62" WIDTH="13" VPOS="1332" HPOS="1073"/>
                  <String HEIGHT="62"
                          WIDTH="106"
                          VPOS="1332"
                          HPOS="1034"
                          CONTENT="ambo"/>
                  <SP HEIGHT="62" WIDTH="13" VPOS="1332" HPOS="1140"/>
                  <String HEIGHT="62"
                          WIDTH="132"
                          VPOS="1332"
                          HPOS="1087"
                          CONTENT="cogregen"/>
               </TextLine>
               <TextLine ID="r1l61"
                         BASELINE="1442"
                         HEIGHT="61"
                         WIDTH="504"
                         VPOS="1381"
                         HPOS="717">
                  <String HEIGHT="61"
                          WIDTH="106"
                          VPOS="1381"
                          HPOS="704"
                          CONTENT="tur."/>
                  <SP HEIGHT="61" WIDTH="13" VPOS="1381" HPOS="810"/>
                  <String HEIGHT="61" WIDTH="80" VPOS="1381" HPOS="770" CONTENT="et"/>
                  <SP HEIGHT="61" WIDTH="13" VPOS="1381" HPOS="850"/>
                  <String HEIGHT="61" WIDTH="93" VPOS="1381" HPOS="810" CONTENT="sic"/>
                  <SP HEIGHT="61" WIDTH="13" VPOS="1381" HPOS="903"/>
                  <String HEIGHT="61"
                          WIDTH="146"
                          VPOS="1381"
                          HPOS="863"
                          CONTENT="corpora"/>
                  <SP HEIGHT="61" WIDTH="13" VPOS="1381" HPOS="1009"/>
                  <String HEIGHT="61"
                          WIDTH="146"
                          VPOS="1381"
                          HPOS="969"
                          CONTENT="mobilia"/>
                  <SP HEIGHT="61" WIDTH="13" VPOS="1381" HPOS="1115"/>
                  <String HEIGHT="61"
                          WIDTH="133"
                          VPOS="1381"
                          HPOS="1075"
                          CONTENT="cedant"/>
                  <SP HEIGHT="61" WIDTH="13" VPOS="1381" HPOS="1208"/>
                  <String HEIGHT="61"
                          WIDTH="66"
                          VPOS="1381"
                          HPOS="1155"
                          CONTENT="si"
                          SUBS_TYPE="HypPart1"
                          SUBS_CONTENT="sibi"/>
                  <HYP CONTENT="-"/>
               </TextLine>
               <TextLine ID="r1l66"
                         BASELINE="1490"
                         HEIGHT="64"
                         WIDTH="494"
                         VPOS="1426"
                         HPOS="718">
                  <String HEIGHT="64"
                          WIDTH="78"
                          VPOS="1426"
                          HPOS="705"
                          CONTENT="bi"
                          SUBS_TYPE="HypPart2"
                          SUBS_CONTENT="sibi"/>
                  <SP HEIGHT="64" WIDTH="13" VPOS="1426" HPOS="783"/>
                  <String HEIGHT="64" WIDTH="78" VPOS="1426" HPOS="744" CONTENT="in"/>
                  <SP HEIGHT="64" WIDTH="13" VPOS="1426" HPOS="822"/>
                  <String HEIGHT="64"
                          WIDTH="117"
                          VPOS="1426"
                          HPOS="783"
                          CONTENT="locis"/>
                  <SP HEIGHT="64" WIDTH="13" VPOS="1426" HPOS="900"/>
                  <String HEIGHT="64"
                          WIDTH="169"
                          VPOS="1426"
                          HPOS="861"
                          CONTENT="adinuice,"/>
                  <SP HEIGHT="64" WIDTH="13" VPOS="1426" HPOS="1030"/>
                  <String HEIGHT="64"
                          WIDTH="130"
                          VPOS="1426"
                          HPOS="991"
                          CONTENT="absque"/>
                  <SP HEIGHT="64" WIDTH="13" VPOS="1426" HPOS="1121"/>
                  <String HEIGHT="64"
                          WIDTH="91"
                          VPOS="1426"
                          HPOS="1082"
                          CONTENT="eo,"/>
                  <SP HEIGHT="64" WIDTH="13" VPOS="1426" HPOS="1173"/>
                  <String HEIGHT="64"
                          WIDTH="104"
                          VPOS="1426"
                          HPOS="1134"
                          CONTENT="quod"/>
                  <SP HEIGHT="64" WIDTH="13" VPOS="1426" HPOS="1238"/>
                  <String HEIGHT="64" WIDTH="26" VPOS="1426" HPOS="1186" CONTENT=""/>
               </TextLine>
               <TextLine ID="r1l69"
                         BASELINE="1538"
                         HEIGHT="61"
                         WIDTH="504"
                         VPOS="1477"
                         HPOS="721">
                  <String HEIGHT="61" WIDTH="93" VPOS="1477" HPOS="708" CONTENT="hic"/>
                  <SP HEIGHT="61" WIDTH="13" VPOS="1477" HPOS="801"/>
                  <String HEIGHT="61" WIDTH="93" VPOS="1477" HPOS="761" CONTENT="sit"/>
                  <SP HEIGHT="61" WIDTH="13" VPOS="1477" HPOS="854"/>
                  <String HEIGHT="61"
                          WIDTH="159"
                          VPOS="1477"
                          HPOS="814"
                          CONTENT="dimensio"/>
                  <SP HEIGHT="61" WIDTH="13" VPOS="1477" HPOS="973"/>
                  <String HEIGHT="61"
                          WIDTH="172"
                          VPOS="1477"
                          HPOS="933"
                          CONTENT="separata,"/>
                  <SP HEIGHT="61" WIDTH="13" VPOS="1477" HPOS="1106"/>
                  <String HEIGHT="61"
                          WIDTH="146"
                          VPOS="1477"
                          HPOS="1066"
                          CONTENT="praeter"/>
                  <SP HEIGHT="61" WIDTH="13" VPOS="1477" HPOS="1212"/>
                  <String HEIGHT="61"
                          WIDTH="66"
                          VPOS="1477"
                          HPOS="1159"
                          CONTENT="di"
                          SUBS_TYPE="HypPart1"
                          SUBS_CONTENT="dimensionem"/>
                  <HYP CONTENT="-"/>
               </TextLine>
               <TextLine ID="r1l73"
                         BASELINE="1586"
                         HEIGHT="61"
                         WIDTH="510"
                         VPOS="1525"
                         HPOS="715">
                  <String HEIGHT="61"
                          WIDTH="184"
                          VPOS="1525"
                          HPOS="701"
                          CONTENT="mensionem"
                          SUBS_TYPE="HypPart2"
                          SUBS_CONTENT="dimensionem"/>
                  <SP HEIGHT="61" WIDTH="14" VPOS="1525" HPOS="885"/>
                  <String HEIGHT="61"
                          WIDTH="128"
                          VPOS="1525"
                          HPOS="843"
                          CONTENT="eoru."/>
                  <SP HEIGHT="61" WIDTH="14" VPOS="1525" HPOS="970"/>
                  <String HEIGHT="61" WIDTH="85" VPOS="1525" HPOS="928" CONTENT="et"/>
                  <SP HEIGHT="61" WIDTH="14" VPOS="1525" HPOS="1013"/>
                  <String HEIGHT="61" WIDTH="99" VPOS="1525" HPOS="970" CONTENT="hoc"/>
                  <SP HEIGHT="61" WIDTH="14" VPOS="1525" HPOS="1069"/>
                  <String HEIGHT="61"
                          WIDTH="99"
                          VPOS="1525"
                          HPOS="1027"
                          CONTENT="est"/>
                  <SP HEIGHT="61" WIDTH="14" VPOS="1525" HPOS="1126"/>
                  <String HEIGHT="61"
                          WIDTH="156"
                          VPOS="1525"
                          HPOS="1069"
                          CONTENT="manifestu"/>
               </TextLine>
               <TextLine ID="r1l76"
                         BASELINE="1635"
                         HEIGHT="57"
                         WIDTH="493"
                         VPOS="1578"
                         HPOS="724">
                  <String HEIGHT="57" WIDTH="80" VPOS="1578" HPOS="711" CONTENT="in"/>
                  <SP HEIGHT="57" WIDTH="13" VPOS="1578" HPOS="791"/>
                  <String HEIGHT="57"
                          WIDTH="120"
                          VPOS="1578"
                          HPOS="751"
                          CONTENT="cursu"/>
                  <SP HEIGHT="57" WIDTH="13" VPOS="1578" HPOS="871"/>
                  <String HEIGHT="57"
                          WIDTH="160"
                          VPOS="1578"
                          HPOS="831"
                          CONTENT="corporum"/>
                  <SP HEIGHT="57" WIDTH="13" VPOS="1578" HPOS="990"/>
                  <String HEIGHT="57"
                          WIDTH="200"
                          VPOS="1578"
                          HPOS="951"
                          CONTENT="continuoru,"/>
                  <SP HEIGHT="57" WIDTH="13" VPOS="1578" HPOS="1150"/>
                  <String HEIGHT="57" WIDTH="80" VPOS="1578" HPOS="1110" CONTENT="et"/>
                  <SP HEIGHT="57" WIDTH="13" VPOS="1578" HPOS="1190"/>
                  <String HEIGHT="57"
                          WIDTH="80"
                          VPOS="1578"
                          HPOS="1137"
                          CONTENT="simi"/>
               </TextLine>
               <TextLine ID="r1l80"
                         BASELINE="1687"
                         HEIGHT="66"
                         WIDTH="492"
                         VPOS="1621"
                         HPOS="722">
                  <String HEIGHT="66"
                          WIDTH="123"
                          VPOS="1621"
                          HPOS="708"
                          CONTENT="liter"/>
                  <SP HEIGHT="66" WIDTH="14" VPOS="1621" HPOS="831"/>
                  <String HEIGHT="66" WIDTH="82" VPOS="1621" HPOS="790" CONTENT="et"/>
                  <SP HEIGHT="66" WIDTH="14" VPOS="1621" HPOS="872"/>
                  <String HEIGHT="66" WIDTH="82" VPOS="1621" HPOS="831" CONTENT="in"/>
                  <SP HEIGHT="66" WIDTH="14" VPOS="1621" HPOS="913"/>
                  <String HEIGHT="66"
                          WIDTH="123"
                          VPOS="1621"
                          HPOS="872"
                          CONTENT="cursu"/>
                  <SP HEIGHT="66" WIDTH="14" VPOS="1621" HPOS="995"/>
                  <String HEIGHT="66"
                          WIDTH="164"
                          VPOS="1621"
                          HPOS="954"
                          CONTENT="corporum"/>
                  <SP HEIGHT="66" WIDTH="14" VPOS="1621" HPOS="1118"/>
                  <String HEIGHT="66"
                          WIDTH="150"
                          VPOS="1621"
                          HPOS="1064"
                          CONTENT="huidorum."/>
               </TextLine>
               <TextLine ID="r1l84"
                         BASELINE="1714"
                         HEIGHT="45"
                         WIDTH="449"
                         VPOS="1669"
                         HPOS="762">
                  <String HEIGHT="45"
                          WIDTH="119"
                          VPOS="1669"
                          HPOS="749"
                          CONTENT="Dixit"/>
                  <SP HEIGHT="45" WIDTH="13" VPOS="1669" HPOS="868"/>
                  <String HEIGHT="45" WIDTH="79" VPOS="1669" HPOS="828" CONTENT="Et"/>
                  <SP HEIGHT="45" WIDTH="13" VPOS="1669" HPOS="907"/>
                  <String HEIGHT="45" WIDTH="92" VPOS="1669" HPOS="868" CONTENT="non"/>
                  <SP HEIGHT="45" WIDTH="13" VPOS="1669" HPOS="960"/>
                  <String HEIGHT="45" WIDTH="92" VPOS="1669" HPOS="920" CONTENT="est"/>
                  <SP HEIGHT="45" WIDTH="13" VPOS="1669" HPOS="1013"/>
                  <String HEIGHT="45" WIDTH="92" VPOS="1669" HPOS="973" CONTENT="hic"/>
                  <SP HEIGHT="45" WIDTH="13" VPOS="1669" HPOS="1066"/>
                  <String HEIGHT="45"
                          WIDTH="185"
                          VPOS="1669"
                          HPOS="1026"
                          CONTENT="necessitas"/>
                  <SP HEIGHT="45" WIDTH="13" VPOS="1669" HPOS="1211"/>
                  <String HEIGHT="45" WIDTH="53" VPOS="1669" HPOS="1158" CONTENT="co"/>
               </TextLine>
               <TextLine ID="r1l87"
                         BASELINE="1763"
                         HEIGHT="53"
                         WIDTH="487"
                         VPOS="1710"
                         HPOS="726">
                  <String HEIGHT="53"
                          WIDTH="118"
                          VPOS="1710"
                          HPOS="713"
                          CONTENT="pens,"/>
                  <SP HEIGHT="53" WIDTH="13" VPOS="1710" HPOS="831"/>
                  <String HEIGHT="53" WIDTH="79" VPOS="1710" HPOS="792" CONTENT="si"/>
                  <SP HEIGHT="53" WIDTH="13" VPOS="1710" HPOS="871"/>
                  <String HEIGHT="53"
                          WIDTH="118"
                          VPOS="1710"
                          HPOS="831"
                          CONTENT="motus"/>
                  <SP HEIGHT="53" WIDTH="13" VPOS="1710" HPOS="950"/>
                  <String HEIGHT="53"
                          WIDTH="145"
                          VPOS="1710"
                          HPOS="910"
                          CONTENT="fuerit,"/>
                  <SP HEIGHT="53" WIDTH="13" VPOS="1710" HPOS="1055"/>
                  <String HEIGHT="53" WIDTH="79" VPOS="1710" HPOS="1016" CONTENT="vt"/>
                  <SP HEIGHT="53" WIDTH="13" VPOS="1710" HPOS="1095"/>
                  <String HEIGHT="53"
                          WIDTH="92"
                          VPOS="1710"
                          HPOS="1055"
                          CONTENT="sit"/>
                  <SP HEIGHT="53" WIDTH="13" VPOS="1710" HPOS="1147"/>
                  <String HEIGHT="53"
                          WIDTH="118"
                          VPOS="1710"
                          HPOS="1095"
                          CONTENT="vacuum."/>
               </TextLine>
               <TextLine ID="r1l90"
                         BASELINE="1804"
                         HEIGHT="62"
                         WIDTH="497"
                         VPOS="1742"
                         HPOS="724">
                  <String HEIGHT="62"
                          WIDTH="128"
                          VPOS="1742"
                          HPOS="710"
                          CONTENT="Primo"/>
                  <SP HEIGHT="62" WIDTH="14" VPOS="1742" HPOS="838"/>
                  <String HEIGHT="62"
                          WIDTH="128"
                          VPOS="1742"
                          HPOS="795"
                          CONTENT="vero,"/>
                  <SP HEIGHT="62" WIDTH="14" VPOS="1742" HPOS="923"/>
                  <String HEIGHT="62"
                          WIDTH="170"
                          VPOS="1742"
                          HPOS="880"
                          CONTENT="quoniam,"/>
                  <SP HEIGHT="62" WIDTH="14" VPOS="1742" HPOS="1051"/>
                  <String HEIGHT="62" WIDTH="85" VPOS="1742" HPOS="1008" CONTENT="si"/>
                  <SP HEIGHT="62" WIDTH="14" VPOS="1742" HPOS="1093"/>
                  <String HEIGHT="62"
                          WIDTH="142"
                          VPOS="1742"
                          HPOS="1051"
                          CONTENT="vtamur"/>
                  <SP HEIGHT="62" WIDTH="14" VPOS="1742" HPOS="1193"/>
                  <String HEIGHT="62"
                          WIDTH="85"
                          VPOS="1742"
                          HPOS="1136"
                          CONTENT="motu"/>
               </TextLine>
               <TextLine ID="r1l94"
                         BASELINE="1838"
                         HEIGHT="48"
                         WIDTH="482"
                         VPOS="1790"
                         HPOS="730">
                  <String HEIGHT="48"
                          WIDTH="165"
                          VPOS="1790"
                          HPOS="718"
                          CONTENT="niversaler"/>
                  <SP HEIGHT="48" WIDTH="12" VPOS="1790" HPOS="883"/>
                  <String HEIGHT="48" WIDTH="59" VPOS="1790" HPOS="848" CONTENT="&amp;"/>
                  <SP HEIGHT="48" WIDTH="12" VPOS="1790" HPOS="906"/>
                  <String HEIGHT="48"
                          WIDTH="141"
                          VPOS="1790"
                          HPOS="871"
                          CONTENT="communi,"/>
                  <SP HEIGHT="48" WIDTH="12" VPOS="1790" HPOS="1012"/>
                  <String HEIGHT="48" WIDTH="82" VPOS="1790" HPOS="977" CONTENT="hoc"/>
                  <SP HEIGHT="48" WIDTH="12" VPOS="1790" HPOS="1059"/>
                  <String HEIGHT="48"
                          WIDTH="165"
                          VPOS="1790"
                          HPOS="1024"
                          CONTENT="manifestum"/>
                  <SP HEIGHT="48" WIDTH="12" VPOS="1790" HPOS="1188"/>
                  <String HEIGHT="48"
                          WIDTH="71"
                          VPOS="1790"
                          HPOS="1141"
                          CONTENT="est."/>
               </TextLine>
               <TextLine ID="r1l97"
                         BASELINE="1875"
                         HEIGHT="46"
                         WIDTH="486"
                         VPOS="1829"
                         HPOS="726">
                  <String HEIGHT="46"
                          WIDTH="109"
                          VPOS="1829"
                          HPOS="714"
                          CONTENT="licet"/>
                  <SP HEIGHT="46" WIDTH="12" VPOS="1829" HPOS="823"/>
                  <String HEIGHT="46"
                          WIDTH="97"
                          VPOS="1829"
                          HPOS="787"
                          CONTENT="quod"/>
                  <SP HEIGHT="46" WIDTH="12" VPOS="1829" HPOS="884"/>
                  <String HEIGHT="46"
                          WIDTH="122"
                          VPOS="1829"
                          HPOS="848"
                          CONTENT="vacuum"/>
                  <SP HEIGHT="46" WIDTH="12" VPOS="1829" HPOS="969"/>
                  <String HEIGHT="46" WIDTH="85" VPOS="1829" HPOS="933" CONTENT="non"/>
                  <SP HEIGHT="46" WIDTH="12" VPOS="1829" HPOS="1018"/>
                  <String HEIGHT="46" WIDTH="85" VPOS="1829" HPOS="981" CONTENT="est"/>
                  <SP HEIGHT="46" WIDTH="12" VPOS="1829" HPOS="1066"/>
                  <String HEIGHT="46"
                          WIDTH="182"
                          VPOS="1829"
                          HPOS="1030"
                          CONTENT="necessarium"/>
                  <SP HEIGHT="46" WIDTH="12" VPOS="1829" HPOS="1212"/>
                  <String HEIGHT="46" WIDTH="49" VPOS="1829" HPOS="1163" CONTENT="in"/>
               </TextLine>
               <TextLine ID="r1l99"
                         BASELINE="1915"
                         HEIGHT="38"
                         WIDTH="491"
                         VPOS="1877"
                         HPOS="722">
                  <String HEIGHT="38"
                          WIDTH="119"
                          VPOS="1877"
                          HPOS="707"
                          CONTENT="omni"/>
                  <SP HEIGHT="38" WIDTH="15" VPOS="1877" HPOS="826"/>
                  <String HEIGHT="38"
                          WIDTH="134"
                          VPOS="1877"
                          HPOS="782"
                          CONTENT="motu."/>
                  <SP HEIGHT="38" WIDTH="15" VPOS="1877" HPOS="915"/>
                  <String HEIGHT="38"
                          WIDTH="134"
                          VPOS="1877"
                          HPOS="871"
                          CONTENT="motus"/>
                  <SP HEIGHT="38" WIDTH="15" VPOS="1877" HPOS="1005"/>
                  <String HEIGHT="38"
                          WIDTH="104"
                          VPOS="1877"
                          HPOS="960"
                          CONTENT="eni"/>
                  <SP HEIGHT="38" WIDTH="15" VPOS="1877" HPOS="1064"/>
                  <String HEIGHT="38"
                          WIDTH="208"
                          VPOS="1877"
                          HPOS="1005"
                          CONTENT="alteratiuus,"/>
               </TextLine>
            </TextBlock>
         </PrintSpace>
      </Page>
   </Layout>
</alto>
