1416 2066
266 686 117 53 Idest,
348 686 128 53 demtro,
441 686 82 53 per
488 686 93 53 quam
547 686 163 53 declaratur
675 686 93 53 quod

221 725 178 48 impossibile
363 725 83 48 est
411 725 71 48 vt
446 725 130 48 spatium
541 725 130 48 finitum
624 725 118 48 pertran-

230 765 128 37 seantur
323 765 70 37 in
358 765 104 37 tpere
428 765 151 37 infinito,
544 765 81 37 per
590 765 104 37 illam
648 765 93 37 eandem

236 801 157 49 declarabitur
364 801 79 49 quod
413 801 148 49 impossibile
531 801 69 49 est
571 801 98 49 etiam,
640 801 59 49 vt
659 801 89 49 aliquid

238 837 127 52 motum
322 837 211 52 pertranseat
491 837 225 52 magnitudinem
675 837 99 52 in¬

234 877 110 45 finitam
314 877 60 45 in
344 877 90 45 tpere
404 877 110 45 finito,
484 877 120 45 quoniam,
575 877 100 45 quando
645 877 80 45 idem
695 877 70 45 mo¬

238 917 98 38 tum
294 917 224 38 pertransibit
476 917 126 38 illam
547 917 196 38 magnitudinem

235 950 153 47 infinitam
353 950 71 47 in
388 950 106 47 tpere
459 950 129 47 finito,
553 950 165 47 necessario
670 950 71 47 per-

233 991 165 46 transibit
360 991 127 46 partem
449 991 127 46 illius
538 991 203 46 magnitudinis
690 991 51 46 in

234 1024 109 50 parte
306 1024 121 50 illius
391 1024 157 50 temporis.
512 1024 60 50 &
536 1024 97 50 illa
597 1024 97 50 pars
645 1024 97 50 comsu-

237 1062 98 44 met
293 1062 127 44 totum
378 1062 155 44 tempus,
490 1062 70 44 &
518 1062 169 44 mensurat
631 1062 112 44 illud,

239 1108 84 30 cum
287 1108 120 30 fuerit
371 1108 143 30 finitum,
478 1108 60 30 &
502 1108 72 30 in
538 1108 167 30 temporibus
657 1108 84 30 aequa

231 1139 121 51 libus
311 1139 148 51 finitis
419 1139 189 51 pertransit
567 1139 121 51 motum
635 1139 94 51 magni

240 1180 138 45 tudines
341 1180 151 45 aequales
454 1180 151 45 secundum
567 1180 138 45 numerum
656 1180 75 45 tepo

234 1220 106 42 ium:
300 1220 80 42 ex
340 1220 93 42 quo
393 1220 160 42 sequitur
513 1220 80 42 vt
553 1220 106 42 tota
606 1220 133 42 magnitu-

236 1250 75 39 do
274 1250 88 39 sit
324 1250 138 39 finita.
424 1250 100 39 D.d.
487 1250 175 39 Manifestum
624 1250 88 39 est
662 1250 75 39 igi-

239 1285 81 51 tur
286 1285 69 51 ex
320 1285 127 51 dictis,
412 1285 81 51 &c.
459 1285 69 51 i.
493 1285 161 51 declaratum
620 1285 81 51 est
655 1285 92 51 igitur

238 1324 71 44 ex
274 1324 118 44 dictis
357 1324 95 44 quod
416 1324 178 44 impossibile
558 1324 95 44 est,
617 1324 71 44 vt
641 1324 107 44 aliquid

228 1359 198 50 continuum
380 1359 213 50 componatur
547 1359 91 50 ex
578 1359 167 50 indiuisi-

235 1397 143 51 bilibus,
342 1397 71 51 v.
378 1397 71 51 g.
413 1397 119 51 linea,
497 1397 83 51 aut
544 1397 190 51 superficies,
687 1397 59 51 aut

232 1437 146 38 corpus,
338 1437 93 38 aut
391 1437 146 38 tempus,
497 1437 93 38 aut
549 1437 132 38 motus.
642 1437 106 38 D.d.
708 1437 66 38 &

237 1473 185 41 declaratio
382 1473 145 41 illius,
487 1473 92 41 &c.
540 1473 79 41 i.
580 1473 79 41 ex
606 1473 132 41 demroni-

234 1509 81 49 bus
281 1509 140 49 pdictis.
386 1509 93 49 illa
444 1509 93 49 enim
502 1509 70 49 ex
537 1509 116 49 quibus
606 1509 140 49 declarauit

241 1554 98 45 per
297 1554 224 45 magnitudines
479 1554 98 45 non
535 1554 112 45 sunt
591 1554 154 45 indiuisi-

234 1584 137 42 biles,
330 1584 110 42 sunt
399 1584 110 42 tria
468 1584 151 42 genera,
577 1584 137 42 quorum
660 1584 82 42 Vnum

236 1627 99 40 est
292 1627 85 40 ex
335 1627 141 40 natura
433 1627 226 40 continuorum,
617 1627 71 40 &
631 1627 113 40 conti-

232 1657 151 50 guorum:
342 1657 164 50 Secundum
465 1657 123 50 autem
547 1657 96 50 est
602 1657 82 50 ex
629 1657 110 50 natura

237 1701 121 37 moti,
317 1701 67 37 &
344 1701 134 37 motus:
438 1701 147 37 Tertium
545 1701 121 37 autem
625 1701 80 37 ex
652 1701 94 37 natu-

239 1732 83 50 ra
281 1732 208 50 velocioris,
447 1732 69 50 &
475 1732 194 50 tardioris.
628 1732 83 50 Et
656 1732 83 50 ipse

235 1768 101 42 vult
299 1768 114 42 etiam
375 1768 152 42 inducere
489 1768 114 42 aliam
552 1768 190 42 demitrationem

233 1809 81 41 ex
274 1809 136 41 natura
369 1809 204 41 velocioris,
532 1809 68 41 &
559 1809 190 41 tardioris,
695 1809 54 41 in

758 686 100 56 qua
815 686 171 56 declarat
943 686 114 56 quod
1015 686 100 56 qui
1072 686 129 56 ponit
1143 686 129 56 magnitu

764 726 127 44 dinem
848 726 239 44 indiuisibilem
1046 726 183 44 continget
1186 726 85 44 ei
1215 726 56 44 ex

760 762 186 41 velociori
903 762 86 41 vt
946 762 201 41 diuidatur.
1104 762 72 41 &
1133 762 100 41 hoc
1176 762 100 41 inten

766 802 139 40 debat,
863 802 97 40 cum
919 802 125 40 dixit
1002 802 83 40 &,
1043 802 111 40 quia
1113 802 166 40 sequitur
1224 802 55 40 vt

761 844 187 46 idiuisibile
910 844 87 46 sit
960 844 187 46 diuisibile.
1110 844 75 46 i.
1147 844 62 46 &
1172 844 87 46 hoc
1210 844 62 46 ap-

764 884 86 37 paret
822 884 95 37 etiam,
888 884 114 37 secundum
974 884 76 37 quod
1022 884 162 37 declarabitur.
1155 884 105 37 quoniam
1221 884 48 37 se-

765 913 129 48 quitur
855 913 77 48 vt
894 913 206 48 indiuisibile
1061 913 90 48 sit
1100 913 167 48 diuisibile.

800 996 99 56 Qam
856 996 113 56 enim
927 996 85 56 in
969 996 113 56 omni
1040 996 127 56 tpere
1110 996 141 56 velocius

758 1037 74 45 &
788 1037 162 45 tardius
906 1037 118 45 est,
980 1037 177 45 velocius
1113 1037 133 45 autem
1186 1037 89 45 plus

759 1085 170 45 transit
882 1085 93 45 in
929 1085 170 45 aequali
1052 1085 186 45 tempore,
1176 1085 93 45 con-

757 1118 162 53 tingit
870 1118 146 53 autem
967 1118 81 53 &
1000 1118 178 53 duplam,
1129 1118 81 53 &
1145 1118 130 53 sesqui

753 1165 182 37 alteram
886 1165 199 37 transire
1019 1165 249 37 longitudinem.

761 1204 131 40 Gerit
848 1204 116 40 enim
920 1204 116 40 haec
993 1204 131 40 ratio
1080 1204 174 40 velocis.
1196 1204 73 40 7Ee

763 1244 116 46 ratur
840 1244 129 46 igitur
931 1244 90 46 id,
982 1244 103 46 quod
1047 1244 155 46 velocius
1163 1244 90 46 est
1202 1244 64 46 per

757 1280 229 50 sesquialteram
945 1280 81 50 in
986 1280 121 50 eodem
1067 1280 162 50 tempore,
1188 1280 67 50 &
1202 1280 67 50 di-

756 1322 180 48 uidantur
891 1322 256 48 magnitudines,
1102 1322 105 48 eae
1147 1322 120 48 quidem

764 1363 123 48 quae
840 1363 214 48 velocioris
1009 1363 138 48 sunt,
1101 1363 92 48 in
1147 1363 107 48 quo
1192 1363 77 48 AB.

764 1405 94 45 iO
811 1405 79 45 O
843 1405 94 45 in
890 1405 126 45 tres
969 1405 268 45 impartibiles,
1174 1405 94 45 quae

758 1452 129 38 vero
839 1452 129 38 sunt
919 1452 210 38 tardioris
1081 1452 97 38 in
1130 1452 145 38 duas,
1210 1452 65 38 in

761 1483 175 51 quibus
883 1483 123 51 EE.
953 1483 123 51 TO,
1023 1483 175 51 itaque
1146 1483 88 51 &
1163 1483 105 51 tem-

762 1526 113 44 pus
826 1526 209 44 diuidetur
987 1526 97 44 in
1036 1526 129 44 tria
1100 1526 177 44 impartibi

762 1565 121 50 lia,
837 1565 181 50 aequalem
973 1565 121 50 enim
1049 1565 91 50 in
1094 1565 166 50 aequali
1200 1565 75 50 tem

757 1602 134 53 pore
841 1602 235 53 transibit.
1026 1602 218 53 Diuidatur
1176 1602 101 53 igi-

753 1644 164 45 tur
846 1644 235 45 tempus
1011 1644 141 45 in
1058 1644 211 45 RLLMMN.

759 1684 147 47 Rursus
862 1684 132 47 autem
950 1684 162 47 quoniam
1068 1684 162 47 tardius
1171 1684 103 47 dela-

751 1725 116 54 tum
818 1725 116 54 est
884 1725 116 54 per
951 1725 149 54 ErTO,
1050 1725 83 54 &
1083 1725 166 54 tempus
1183 1725 83 54 di-

759 1765 166 45 uidetur
879 1765 90 45 in
925 1765 120 45 duas
1000 1765 166 45 partes.
1105 1765 166 45 diuidetur

757 1809 144 49 ergo
847 1809 126 49 id,
919 1809 144 49 quod
1009 1809 269 49 indiuiduum,
1224 1809 90 49 &
