1416 2066
180 179 130 48 tibus.
271 179 78 48 si
310 179 104 48 enim
375 179 91 48 hoc
427 179 91 48 non
478 179 195 48 concedatur,
621 179 91 48 nihil

190 229 187 58 concludet
333 229 86 58 ex
362 229 187 58 sollogismo.

228 269 136 45 Tertia
323 269 108 45 vero
391 269 217 45 ratiocinatio
567 269 95 45 est
608 269 95 45 illa,

201 309 112 52 quam
271 309 181 52 induximus
410 309 84 52 in
452 309 125 52 inito
536 309 139 52 istius
619 309 84 52 ser-

185 356 147 42 monis,
288 356 88 42 ex
332 356 103 42 qua
391 356 161 42 apparet
508 356 176 42 sagittam
626 356 73 42 que

190 383 122 44 scere
272 383 95 44 dum
326 383 217 44 transfertur.
502 383 109 44 D.d.
570 383 68 44 &
597 383 109 44 ista
652 383 54 44 se

192 424 124 47 quitur,
282 424 79 47 &c.
327 424 67 47 i.
360 424 124 47 videtur
450 424 90 47 quod
507 424 90 47 ista
552 424 157 47 roncinatione

197 463 87 49 hoc
246 463 162 49 sequitur,
371 463 100 49 quia
433 463 149 49 opinatus
545 463 87 49 est
595 463 100 49 quod
645 463 62 49 tem

196 500 96 48 pus
251 500 192 48 componitur
402 500 82 48 ex
443 500 219 48 instantibus,
607 500 96 48 quid,

194 534 73 45 si
230 534 122 45 esset,
316 534 159 45 instantia
439 534 122 45 essent
524 534 73 45 in
561 534 110 45 actu,
635 534 73 45 &,
659 534 49 45 si

198 573 81 51 hoc
245 573 115 51 esset,
325 573 58 51 &
348 573 104 51 esset
417 573 127 51 positum
509 573 92 51 quod
567 573 115 51 illud,
636 573 69 51 quid

200 613 136 49 mouetur
298 613 86 49 per
348 613 136 49 aliquai
447 613 210 49 magnitudinem,
620 613 86 49 est
657 613 49 49 in

199 656 76 41 eo
237 656 76 41 in
275 656 164 41 instanti,
401 656 101 41 cont
464 656 139 41 ingeret
565 656 114 41 motum
628 656 76 41 quie

193 687 120 36 scere
273 687 80 36 in
313 687 213 36 magnitudine.
486 687 107 36 D.d.
552 687 80 36 si
592 687 107 36 enim
645 687 67 36 hoc

202 721 91 49 non
254 721 194 49 concedatur,
409 721 91 49 &c.
461 721 65 49 &
487 721 104 49 hoc,
552 721 104 49 quid
603 721 104 49 dixit,

192 763 224 40 manifestum
352 763 96 40 est.

221 821 171 53 Quarta
340 821 154 53 autem
443 821 120 53 ea,
511 821 137 53 quae
597 821 102 53 de
631 821 85 53 ins

194 861 122 45 est,
270 861 122 45 quae
346 861 92 45 in
392 861 153 45 stadio
499 861 183 45 mouentur
621 861 92 45 ecom

198 908 162 41 trario
311 908 226 41 aequalibus
473 908 226 41 magnitudini,

191 948 118 43 bus
259 948 152 43 iuxta
360 948 220 43 aequales,
529 948 118 43 his
580 948 135 43 quidem

206 989 67 47 a
232 989 107 47 fine
299 989 147 47 stadum,
406 989 120 47 illis
486 989 107 47 vero
552 989 67 47 a
579 989 120 47 medio
646 989 53 47 ae

202 1029 137 49 quali
293 1029 228 49 velocitate.
476 1029 91 49 in
521 1029 107 49 quo
567 1029 137 49 accide,

202 1069 92 53 re
248 1069 137 53 putat
339 1069 168 53 aequale
461 1069 122 53 esse
537 1069 153 53 tempus
629 1069 76 53 di-

198 1108 194 54 midium
314 1108 155 54 duplo.

246 1148 154 63 Quarta
354 1148 124 63 vero
431 1148 247 63 ratiocinatio
616 1148 93 63 est,

207 1196 104 63 qua
267 1196 148 63 posuit
370 1196 74 63 i
400 1196 267 63 magnitudinibus
608 1196 104 63 aequa

199 1252 158 51 libus,
310 1252 126 51 quae
388 1252 189 51 mouentur
530 1252 142 51 cotra
609 1252 110 51 magni

195 1289 160 57 tudines
312 1289 174 57 aequales
442 1289 116 57 sibi
515 1289 116 57 motu
573 1289 131 57 contra-

200 1335 96 60 tio
255 1335 110 60 ita,
324 1335 110 60 quod
393 1335 124 60 illae
476 1335 179 60 moueantur
614 1335 69 60 a
627 1335 83 60 fine

206 1381 141 61 stadu,
304 1381 98 61 hae
361 1381 112 61 vero
431 1381 70 61 a
459 1381 141 61 medio,
557 1381 112 61 motu
614 1381 98 61 aequa

203 1429 83 60 li
245 1429 83 60 in
286 1429 208 60 velocitate.
452 1429 83 60 ex
494 1429 97 60 quo
549 1429 152 60 videtur
646 1429 69 60 se-

204 1476 99 63 qui
261 1476 114 63 quod
332 1476 142 63 tempus
431 1476 170 63 dimidium
559 1476 99 63 sit
616 1476 128 63 aequa

205 1523 84 53 le
233 1523 112 53 duplo.

234 1572 115 55 Ista
306 1572 173 55 deceptio
435 1572 173 55 fundatur
564 1572 129 55 super
636 1572 72 55 hoc

210 1612 108 52 quod,
282 1612 72 52 si
318 1612 108 52 motus
391 1612 96 52 sit,
451 1612 96 52 tunc
511 1612 96 52 mota
571 1612 145 52 aequalia
668 1612 48 52 in

213 1658 183 42 velocitate
357 1658 91 42 non
409 1658 222 42 pertransibunt
592 1658 78 42 in
618 1658 91 42 aequa

207 1687 82 43 li
248 1687 150 43 tempore
357 1687 150 43 spatium
467 1687 164 43 aequale,
589 1687 95 43 sed
644 1687 68 43 i
657 1687 55 43 eo

204 1725 110 49 dem
267 1725 173 49 tempore
393 1725 173 49 videtur
503 1725 205 49 pertransire

209 1762 127 40 vnum
288 1762 190 40 spatium,
431 1762 79 40 &
463 1762 127 40 suum
542 1762 175 40 duplum.
669 1762 79 40 &

209 1798 119 52 post
283 1798 208 52 declarabit
447 1798 119 52 hanc
506 1798 208 52 deceptionem.

720 173 91 45 Et
765 173 152 45 dicit,
872 173 122 45 quam
948 173 152 45 posuit
1055 173 91 45 in
1085 173 168 45 magnitudi

722 212 143 52 nibus,
822 212 100 52 &c.
879 212 86 52 i.
922 212 114 52 quam
994 212 157 52 accepit
1108 212 86 52 ex
1137 212 114 52 magni-

727 253 178 49 tudinibus
865 253 206 49 aequalibus,
1029 253 137 49 quorum
1112 253 137 49 vtrumque

723 293 167 50 mouetur
844 293 121 50 motu
920 293 167 50 aequali
1042 293 197 50 contrario
1178 293 61 50 mo

721 328 92 53 tui
773 328 145 53 reliqui
879 328 79 53 in
918 328 132 53 spatio
1010 328 158 53 aequali.
1129 328 105 53 D.d.
1181 328 66 53 ita

724 366 104 45 quod
789 366 117 45 illae
867 366 182 45 moueantur,
1011 366 91 45 &c.
1063 366 78 45 i.
1102 366 65 45 &
1128 366 104 45 tunc
1180 366 65 45 con

729 404 139 53 tingit
827 404 84 53 in
868 404 125 53 istis
952 404 251 53 magnitudinibus
1147 404 97 53 aequa

723 445 145 37 libus,
825 445 116 37 quae
898 445 189 37 mouentur,
1043 445 131 37 sicut
1116 445 131 37 homines

727 478 162 45 mouentur
849 478 81 45 in
890 478 149 45 stadio,
998 478 81 45 vt
1039 478 135 45 altera
1120 478 135 45 videatur

723 519 137 43 sensu
814 519 152 43 moueri
920 519 91 43 in
966 519 137 43 eodem
1057 519 167 43 tempore
1163 519 76 43 per

724 561 125 47 idem
803 561 188 47 spatium,
944 561 78 47 &
975 561 125 47 suum
1053 561 172 47 duplum,
1163 561 78 47 aut

721 597 149 50 altera
825 597 179 50 moueatur
959 597 104 50 per
1019 597 164 50 spatium
1123 597 119 50 duplum

720 644 108 30 ei,
781 644 108 30 per
843 644 123 30 quod
920 644 169 30 reliqua
1043 644 185 30 mouetur:
1166 644 77 30 cum

731 668 221 56 posuerimus
905 668 269 56 magnitudines,
1111 668 126 56 quarum

725 717 119 42 duae
800 717 119 42 sunt
874 717 179 42 aequales
1008 717 164 42 stadio,
1127 717 74 42 &
1142 717 104 42 omnes

721 740 109 47 sunt
790 740 177 47 aequales,
926 740 68 47 &
953 740 191 47 posuerimus
1104 740 109 47 quod
1172 740 123 47 aliae
1240 740 41 47 E

723 787 123 39 duae
800 787 200 39 incipiant
954 787 154 39 moueri
1061 787 92 39 in
1107 787 154 39 ordine
1200 787 46 39 a

729 820 125 52 medio
812 820 152 52 stadii,
923 820 69 52 &
951 820 125 52 aliae
1034 820 111 52 duae
1090 820 152 52 incipiant

728 862 139 36 moueri
825 862 83 36 ab
867 862 139 36 initio
964 862 139 36 stadii
1061 862 83 36 in
1102 862 139 36 ordine
1186 862 55 36 ad

733 896 143 46 partem
833 896 200 46 contrariam
990 896 100 46 ei,
1047 896 86 46 ad
1090 896 114 46 quam
1147 896 100 46 aliae

733 941 184 41 mouentur.
875 941 99 41 hoc
931 941 113 41 enim
1002 941 142 41 posito
1087 941 156 41 apparebit

726 971 115 40 duas
797 971 230 40 magnitudines
984 971 172 40 aequales
1114 971 115 40 esse
1186 971 86 40 in

730 1011 218 39 velocitate,
904 1011 145 39 quarum
1005 1011 145 39 altera
1107 1011 87 39 in
1136 1011 102 39 eodem

734 1044 146 50 tempore
840 1044 186 50 pertransit
986 1044 133 50 duplum
1079 1044 120 50 eius,
1146 1044 93 50 quoid

734 1092 191 30 pertransit
885 1092 164 30 reliqua,
1008 1092 82 30 vt
1035 1092 205 30 declarabitur,

732 1119 126 43 post.
816 1119 98 43 D.d
872 1119 84 43 ex
914 1119 98 43 quo
970 1119 154 43 videtur
1082 1119 140 43 sequi,
1166 1119 70 43 &c.

737 1157 78 50 i.
776 1157 65 50 &
802 1157 78 50 ex
841 1157 91 50 hoc
894 1157 144 50 videtur
998 1157 131 50 sequi,
1089 1157 104 50 quod
1142 1157 104 50 tempus

732 1197 149 45 dimidium
843 1197 87 45 sit
893 1197 137 45 aequale
992 1197 87 45 suo
1042 1197 124 45 duplo.
1117 1197 124 45 quoniam,

732 1233 101 50 cum
789 1233 202 50 posuerimus
948 1233 116 50 quod
1020 1233 116 50 idem
1093 1233 130 50 motum
1165 1233 72 50 ae-

731 1269 139 51 qualis
829 1269 209 51 velocitatis
996 1269 195 51 pertransit
1135 1269 112 51 magni-

731 1315 157 45 tndines
845 1315 172 45 aequales
974 1315 86 45 in
1017 1315 157 45 tempore
1117 1315 114 45 aequa-

730 1346 95 41 li,
785 1346 68 41 &
812 1346 109 41 quod
880 1346 190 41 pertransit
1029 1346 136 41 duplum
1111 1346 122 41 spatium

729 1382 83 53 in
771 1382 153 53 tempore
882 1382 139 53 duplo.
979 1382 69 53 &
1007 1382 139 53 illud,
1104 1382 111 53 quod
1174 1382 97 53 mo

730 1421 124 45 uetur
813 1421 82 45 ex
854 1421 96 45 his
909 1421 261 45 magnitudinibus,
1115 1421 124 45 videtur

729 1460 230 48 pertransire
913 1460 123 48 vnum
990 1460 184 48 spatium,
1128 1460 77 48 &
1143 1460 92 48 suum

733 1501 125 37 duplum
821 1501 75 37 in
859 1501 113 37 eodem
934 1501 125 37 tpere,
1022 1501 163 37 sequitur,
1147 1501 75 37 si
1172 1501 75 37 reti

730 1541 138 45 nentes
827 1541 166 45 fuerimus
951 1541 110 45 hoc,
1020 1541 110 45 quod
1089 1541 124 45 motum
1172 1541 97 45 per

734 1573 133 37 transit
830 1573 120 37 duplum
915 1573 120 37 spatil
999 1573 72 37 in
1035 1573 108 37 duplo
1107 1573 133 37 tperis,
1192 1573 48 37 vt

734 1611 130 39 duplum
825 1611 130 39 tperis
916 1611 91 39 sit
968 1611 143 39 aequale
1072 1611 91 39 suo
1111 1611 130 39 dimidio.

727 1652 71 40 &
755 1652 100 40 hoc
812 1652 214 40 intendebat,
984 1652 100 40 cum
1041 1652 143 40 dixit,
1141 1652 86 40 vt
1170 1652 71 40 tem

731 1685 103 50 pus
790 1685 176 50 dimidium
922 1685 103 50 sit
981 1685 161 50 aequale
1098 1685 147 50 duplo,
1186 1685 59 50 si

732 1722 178 40 sequitur
866 1722 89 40 ex
910 1722 104 40 hoc
969 1722 89 40 vt
1014 1722 148 40 tempus
1103 1722 148 40 dimidium

724 1756 95 55 sit
779 1756 150 55 aequale
888 1756 95 55 suo
929 1756 109 55 duplo.
