1416 2066
164 176 153 63 omne
259 176 172 63 ergo,
374 176 153 63 quod
450 176 229 63 rransmuta-

174 226 119 56 tur,
248 226 238 56 transmutatur
441 226 134 56 aliud
531 226 104 56 per
575 226 104 56 acci-

173 269 123 63 dens:
255 269 82 63 v.
296 269 82 63 g.
337 269 137 63 musicu
433 269 164 63 currere,
556 269 109 63 quia
611 269 68 63 ac-

179 316 119 63 cidit
258 316 93 63 ei,
311 316 93 63 qui
365 316 93 63 est
418 316 159 63 musicus,
537 316 80 63 vt
564 316 119 63 currat.

176 365 90 59 Et
221 365 150 59 aliud,
326 365 120 59 quia
401 365 120 59 pars
475 365 120 59 eius
535 365 150 59 trasmuta

176 413 102 55 tur
235 413 160 55 dicetur
351 413 218 55 simpliciter
525 413 116 55 ipsu
583 413 102 55 tras-

177 460 144 58 mutari.
282 460 79 58 v.
321 460 79 58 g.
361 460 131 58 illud,
453 460 105 58 quod
518 460 144 58 dicitur
610 460 66 58 se-

178 507 156 55 cundum
287 507 265 55 dispositionem
506 507 140 55 suaru
584 507 93 55 par-

181 549 133 45 tium.
270 549 163 45 dicimus
389 549 119 45 enim
463 549 178 45 Socratem
581 549 104 45 sana-

182 597 104 56 ri,
242 597 119 56 quia
316 597 148 56 oculus
420 597 119 56 eius
494 597 178 56 sanatur,
613 597 74 56 aut

175 644 146 55 pectus
278 644 131 55 eius:
365 644 73 55 &
394 644 117 55 haec
467 644 102 55 duo
526 644 117 55 sunt
598 644 117 55 duae

180 692 145 55 partes
281 692 145 55 totius
383 692 189 55 corporis.
528 692 87 55 Et
557 692 131 55 quaedam

167 737 189 60 mouentur
309 737 110 60 non
372 737 110 60 per
435 737 205 60 accidens,
577 737 110 60 neque

185 781 125 57 quia
264 781 141 57 aliud
358 781 188 57 existens
499 781 94 57 in
546 781 94 57 eo
577 781 110 57 moue-

183 829 126 64 tur,
262 829 110 64 sed
325 829 126 64 quia
404 829 142 64 ipsum
498 829 94 64 in
545 829 94 64 se
577 829 110 64 primo

178 876 191 59 mouetur:
321 876 80 59 &
353 876 111 59 hoc
417 876 111 59 est
480 876 127 59 motu
560 876 111 59 por
607 876 80 59 se.

188 923 77 59 &
218 923 138 59 etium
310 923 107 59 est
372 923 138 59 motum
464 923 107 59 per
525 923 138 59 alium
602 923 77 59 mo-

177 969 117 49 tum
244 969 235 49 caeterorum
429 969 184 49 modorum
546 969 134 49 motus,

186 1012 97 46 vt
234 1012 227 46 alteratum,
413 1012 81 46 &
446 1012 97 46 de
478 1012 211 46 alteratione

181 1061 142 46 etiam
276 1061 205 46 alteratum
433 1061 94 46 ad
480 1061 189 46 sanitate
606 1061 79 46 est

184 1109 126 46 aliud
268 1109 84 46 ab
310 1109 168 46 alterato
436 1109 84 46 ad
464 1109 224 46 calefactionem,

350 1157 155 46 Ntendit
463 1157 85 46 in
505 1157 99 46 hoc
548 1157 141 46 tractatu

345 1197 136 45 loqui
436 1197 91 45 de
481 1197 197 45 sueciebus
617 1197 61 45 mo

351 1231 126 52 tuum,
435 1231 70 52 &
463 1231 84 52 de
491 1231 197 52 accidentibus

331 1257 257 62 lessentialibus
545 1257 114 62 eis:
602 1257 86 62 quod

197 1316 85 30 u:
239 1316 198 30 declaratum
395 1316 99 30 est
452 1316 85 30 ex
495 1316 99 30 hoc
551 1316 85 30 in
580 1316 113 30 Tertio

186 1344 95 42 est
240 1344 122 42 quasi
321 1344 135 42 genus.
415 1344 68 42 &
442 1344 108 42 quia
510 1344 162 42 intendit
618 1344 68 42 nu-

189 1383 152 43 naerare
300 1383 152 43 species
410 1383 138 43 motuum
493 1383 194 43 esentialium,

186 1421 191 48 incoepit
329 1421 143 48 primo
425 1421 239 48 determinare
600 1421 96 48 mota

192 1460 194 38 essentialia
347 1460 65 38 a
373 1460 91 38 non
425 1460 233 38 essentialibus,
619 1460 65 38 &
632 1460 65 38 di-

191 1496 87 50 xit:
245 1496 87 50 Quod
300 1496 174 50 transmutatum
441 1496 185 50 vniversaliter
593 1496 76 50 est
626 1496 65 50 tri-

188 1530 100 49 bus
245 1530 143 49 modis.
345 1530 100 49 Aut
402 1530 100 49 per
459 1530 185 49 accidens,
601 1530 86 49 vt
630 1530 71 49 cum

190 1567 127 52 dicitur
283 1567 93 52 quod
341 1567 127 52 musicus
433 1567 127 52 currit.
526 1567 81 52 non
572 1567 93 52 enim
619 1567 69 52 cur-

189 1608 65 45 rit
226 1608 111 45 secundum
309 1608 74 45 quod
355 1608 111 45 musicus,
439 1608 65 45 sed
476 1608 111 45 secundum
559 1608 74 45 quod
606 1608 65 45 est
633 1608 56 45 aui-

184 1642 97 48 mal
240 1642 166 48 ambulas,
364 1642 97 48 cui
419 1642 166 48 accidit,
544 1642 83 48 vt
585 1642 97 48 sit
627 1642 69 48 mu-

190 1679 129 51 sicus,
280 1679 64 51 &
306 1679 90 51 sic
358 1679 129 51 cursus
448 1679 193 51 attribuitur
603 1679 77 51 ei
629 1679 64 51 per

188 1717 197 45 accidens.
339 1717 181 45 Secundus
475 1717 121 45 vero
551 1717 136 45 modus
626 1717 76 45 est

193 1756 107 45 illud,
268 1756 85 45 quid
321 1756 117 45 dicitur
407 1756 181 45 transinutatum
546 1756 149 45 simpercitur,

189 1793 109 49 quia
257 1793 218 49 transmutatur
434 1793 163 49 secundum
556 1793 150 49 partem,
652 1793 54 49 vt

691 173 89 46 cum
742 173 191 46 diiturortes
895 173 89 46 est
946 173 128 46 sanus,
1036 173 115 46 licet
1112 173 89 46 non
1163 173 89 46 sit
1202 173 38 46 D

695 213 123 45 sanus,
781 213 98 45 nisi
842 213 147 45 secundum
953 213 135 45 oculum,
1051 213 61 45 &
1063 213 135 45 infirmus,

691 253 117 42 quia
764 253 102 42 est
823 253 175 42 infirmus
955 253 146 42 oculo.
1057 253 73 42 &
1086 253 102 42 hoc
1130 253 73 42 in-

703 293 135 37 tedebat
801 293 86 37 cum
850 293 74 37 d.
887 293 74 37 Et
924 293 123 37 aliud,
1010 293 98 37 quia
1072 293 98 37 pers
1121 293 86 37 eius,

705 326 84 44 &c.
753 326 72 44 i.
789 326 60 44 &
813 326 132 44 quoddam
909 326 132 44 dicitur
1006 326 180 44 transnutari
1138 326 72 44 sim-

704 373 162 42 pliciter,
828 373 112 42 tamen
903 373 87 42 non
952 373 199 42 transmutatur
1114 373 75 42 ex
1139 373 62 42 eo,

699 405 100 37 nisi
762 405 88 37 vna
812 405 100 37 pars
875 405 138 37 tantum.
975 405 75 37 Et
1013 405 100 37 iste
1076 405 113 37 modus
1138 405 63 37 re-

698 439 142 43 ducitur
801 439 78 43 ad
840 439 129 43 illum,
931 439 90 43 qui
982 439 90 43 est
1034 439 90 43 per
1073 439 129 43 acciuns,

704 475 68 50 &
732 475 95 50 est
786 475 123 50 quasi
868 475 136 50 medium
964 475 123 50 inter
1045 475 136 50 illud,
1127 475 82 50 quid

701 516 81 53 est
748 516 81 53 per
794 516 151 53 accidens,
911 516 58 53 &
934 516 105 53 illud
1003 516 93 53 quod
1062 516 81 53 est
1108 516 81 53 per
1143 516 58 53 se.

703 564 91 39 pars
759 564 91 39 enim
816 564 91 39 pont
873 564 113 39 moueri
952 564 79 39 per
998 564 79 39 se,
1043 564 113 39 quando
1111 564 91 39 distin

704 588 120 60 guitur
788 588 60 60 a
812 588 108 60 toto,
884 588 96 60 quid
944 588 84 60 est
991 588 180 60 impossibile
1135 588 72 60 in
1159 588 48 60 mu

696 629 119 52 sica,
775 629 92 52 aut
828 629 79 52 in
867 629 171 52 albedine.
999 629 119 52 primo
1078 629 106 52 enim
1131 629 66 52 mo-

700 668 89 43 do
745 668 222 43 attribuitur
922 668 133 43 motus
1011 668 148 43 gratia
1099 668 104 43 eius,

706 703 91 52 quod
762 703 79 52 non
808 703 79 52 est
853 703 125 52 innatum
944 703 113 52 moueri
1023 703 136 52 scilicet
1114 703 91 52 quali-

701 748 125 45 tatum,
789 748 75 45 vt
827 748 88 45 cum
877 748 138 45 dicimus
977 748 100 45 quod
1040 748 138 45 musicus
1128 748 75 45 cur-

703 781 110 36 rit,
772 781 69 36 &
800 781 151 36 medicus
910 781 165 36 scribit:
1034 781 151 36 secundo
1130 781 69 36 ve-

705 821 76 46 to
743 821 191 46 attribuitur
896 821 114 46 motus
972 821 127 46 gratia
1061 821 114 46 eius,
1125 821 76 46 quid

702 856 147 42 innatum
809 856 94 42 est
862 856 147 42 moueri.
970 856 80 42 Et
1010 856 107 42 isti
1077 856 107 42 tres
1131 856 80 42 modi

705 893 204 51 inueniuntur
869 893 82 51 in
910 893 109 51 eis,
978 893 109 51 quae
1046 893 163 51 mouentur
1155 893 54 51 in

701 932 119 38 loco,
780 932 66 38 &
806 932 79 38 in
846 932 198 38 alteratione
1004 932 185 38 manifeste,
1136 932 66 38 il-

706 969 98 53 lud,
767 969 98 53 quid
828 969 135 53 mouetur
927 969 86 53 per
976 969 160 53 accidens,
1099 969 86 53 aut
1135 969 74 53 gra-

704 1004 95 49 tia
759 1004 149 49 partis,
867 1004 95 49 aut
921 1004 108 49 quia
989 1004 149 49 mouetur
1098 1004 95 49 per
1138 1004 68 49 se.

709 1044 91 51 sed
761 1044 130 51 Arist.
852 1044 91 51 non
904 1044 143 51 indiget
1007 1044 78 51 in
1046 1044 91 51 hoc
1098 1044 104 51 loco
1150 1044 65 51 di-

707 1080 151 42 uidere
813 1080 136 42 motum
904 1080 106 42 per
964 1080 91 42 se
1009 1080 91 42 in
1055 1080 106 42 hoc
1100 1080 106 42 Quin-

705 1119 100 43 to,
762 1119 100 43 sed
819 1119 85 43 in
861 1119 171 43 Septimo,
989 1119 71 43 &
1018 1119 85 43 in
1060 1119 142 43 Octauo
1146 1119 71 43 fa-

715 1157 104 38 ciet
780 1157 104 38 hoc.
845 1157 65 38 &
871 1157 169 38 contentus
1001 1157 91 38 est
1053 1157 78 38 ex
1092 1157 91 38 his
1131 1157 78 38 tri-

711 1196 86 47 bus
760 1196 111 47 modis
834 1196 148 47 scilicet
945 1196 99 47 motu
1007 1196 86 47 per
1056 1196 161 47 accidens,
1180 1196 62 47 &

713 1230 100 44 motu
775 1230 150 44 secundum
887 1230 137 44 partem,
987 1230 62 44 &
1012 1230 100 44 motu
1074 1230 87 44 per
1124 1230 87 44 se,
1161 1230 50 44 ad

716 1269 187 48 declarandum
865 1269 100 48 quod
928 1269 112 48 sermo
1003 1269 100 48 eius
1065 1269 87 48 non
1115 1269 100 48 est,
1165 1269 50 48 ni

713 1308 72 47 si
749 1308 72 47 de
785 1308 96 47 moto
845 1308 84 47 per
893 1308 84 47 se,
941 1308 132 47 quoniam
1037 1308 108 47 nulla
1109 1308 84 47 ars
1145 1308 72 47 com-

710 1340 143 49 syderat
814 1340 78 49 de
853 1340 104 49 moto
918 1340 91 49 per
970 1340 143 49 accins.
1073 1340 104 49 D.d.
1138 1340 65 49 &
1151 1340 65 49 est

709 1382 136 49 motum
799 1382 105 49 per
860 1382 136 49 alium
950 1382 151 49 motum,
1055 1382 90 49 i.
1101 1382 75 49 &
1116 1382 105 49 etiam

706 1421 174 37 mouetur
833 1421 111 37 per
896 1421 95 37 se
944 1421 127 37 motu
1023 1421 127 37 alio
1102 1421 79 37 a
1118 1421 95 37 motu

713 1454 253 44 translationis,
924 1454 84 44 vt
966 1454 141 44 illud,
1064 1454 112 44 quod
1121 1454 98 44 moue-

719 1495 84 47 tur
767 1495 144 47 secundum
875 1495 204 47 alterationem.
1043 1495 72 47 &,
1079 1495 96 47 quia
1127 1495 84 47 alte-

708 1531 128 39 ratio
793 1531 156 39 dicitur
906 1531 128 39 quasi
991 1531 198 39 aequiuoce,
1147 1531 71 39 &
1161 1531 57 39 d.

718 1568 63 42 &
744 1568 76 42 de
782 1568 190 42 alteratione
934 1568 127 42 etiam,
1022 1568 89 42 &c.
1073 1568 76 42 i.
1111 1568 63 42 &
1123 1568 89 42 illud

712 1605 120 47 quod
787 1605 210 47 significat
952 1605 105 47 hoc
1011 1605 135 47 nomen
1086 1605 135 47 altera-

712 1650 115 32 tio,
783 1650 115 32 quod
855 1650 100 32 est
912 1650 229 32 transmutatio
1098 1650 86 32 ad
1127 1650 100 32 sani-

720 1677 134 52 tatem,
813 1677 93 52 est
867 1677 120 52 aliud
947 1677 80 52 ab
987 1677 120 52 illo,
1067 1677 107 52 quod
1120 1677 107 52 sivni-

711 1717 129 45 ficat
797 1717 100 45 hoc
854 1717 129 45 nomen
940 1717 200 45 alteratio,
1097 1717 115 45 quod
1154 1717 72 45 est

716 1751 239 44 transmutatio
910 1751 90 44 ad
940 1751 209 44 caliditatem.
