1416 2066
177 179 116 39 iste
249 179 145 39 motus,
351 179 73 39 &
380 179 131 39 vtrum
467 179 131 39 motor
554 179 145 39 illius
641 179 73 39 sit

187 218 88 41 in
231 218 177 41 materia,
364 218 103 41 aut
423 218 103 41 non
482 218 88 41 in
526 218 177 41 materia.
644 218 59 41 Et

198 258 157 47 incoepit
315 258 157 47 diuidere
433 258 117 47 entia
511 258 78 47 in
550 258 117 47 omnes
616 258 91 47 dispo

194 292 105 52 nes,
260 292 105 52 quae
325 292 171 52 possibile
457 292 92 52 est
510 292 79 52 vt
536 292 171 52 existimetur

196 332 97 39 esse
256 332 145 39 secundum
365 332 109 39 ipsas
438 332 73 39 in
474 332 109 39 motu,
547 332 60 39 &
571 332 133 39 quiete.
656 332 48 39 Et

186 368 145 50 postea
287 368 188 50 dissoluit
432 368 203 50 quaestione
576 368 116 50 contin

187 408 154 50 gentem
294 408 92 50 in
341 408 123 50 hoc,
418 408 123 50 quod
494 408 123 50 omne
571 408 139 50 motum
648 408 62 50 ha

193 445 112 45 bet
257 445 176 45 motorem
385 445 96 45 ex
433 445 176 45 motibus
544 445 160 45 corporum

190 481 197 52 simplicium,
347 481 66 52 &
373 481 183 52 declarauit
518 481 105 52 quod
583 481 105 52 ista
635 481 66 52 non

190 525 153 44 mouentur
305 525 77 44 ex
343 525 89 44 se.
395 525 204 44 D.declarauit
561 525 102 44 quod
612 525 89 44 omnia

192 557 194 45 mouentia,
341 557 119 45 quae
416 557 179 45 mouentur
550 557 89 45 in
580 557 119 45 loco,r

196 594 193 40 feducuntur
348 594 83 40 ad
389 594 124 40 motum
472 594 83 40 ex
513 594 96 40 se.
568 594 83 40 Et
596 594 110 40 postea

195 634 199 48 declarauit,
354 634 106 48 quod
421 634 120 48 motum
501 634 133 48 istud,
594 634 66 48 &
607 634 93 48 motor

195 672 214 47 componitur
363 672 92 47 ex
409 672 107 47 vno
470 672 138 47 moto,
562 672 77 47 &
593 672 92 47 ex
623 672 77 47 pri

195 709 87 37 mo
239 709 160 37 motore,
355 709 102 37 qui
413 709 102 37 non
472 709 174 37 mouetur.
602 709 87 37 Et
631 709 73 37 cum

193 747 199 47 compleuit
346 747 122 47 hanc
422 747 260 47 declarationem
621 747 76 47 per

202 783 123 50 fecte,
288 783 62 50 &
312 783 86 50 est
362 783 111 50 illa,
435 783 98 50 quam
497 783 172 50 declarauit
632 783 74 50 in
657 783 49 50 Se

200 828 110 42 ptimo
273 828 86 42 non
322 828 159 42 perfecte:
444 828 134 42 quoniam
542 828 110 42 illic
615 828 86 42 non
652 828 49 42 de

188 868 188 31 clarauit
330 868 126 31 quod
408 868 157 31 primum
518 868 141 31 motum
596 868 110 31 debet

194 901 165 45 componi
314 901 90 45 ex
359 901 165 45 motore,
479 901 105 45 qui
539 901 105 45 non
584 901 105 45 moue-

195 931 115 47 tur,
267 931 72 47 &
295 931 86 47 ex
338 931 129 47 primo
425 931 129 47 moto:
511 931 173 47 reuersus
626 931 72 47 est

189 973 128 38 etiam
274 973 85 38 ad
316 973 142 38 illud,
416 973 113 38 quod
486 973 198 38 declarauit
642 973 85 38 in

195 1008 138 50 principio
302 1008 107 50 istius
376 1008 138 50 tractatus
483 1008 128 50 scilicet
579 1008 85 50 quod
621 1008 75 50 nulla

195 1045 87 46 est
244 1045 112 46 hora,
319 1045 75 46 in
357 1045 87 46 qua
406 1045 137 46 deficit
506 1045 125 46 motus,
593 1045 75 46 ad
618 1045 75 46 com-

189 1084 177 46 eludendum
326 1084 123 46 illam
408 1084 136 46 eandem
489 1084 205 46 conclusionem,

189 1125 115 45 quam
260 1125 186 45 conclusit
404 1125 86 45 in
447 1125 186 45 principio
575 1125 115 45 istius

191 1159 176 43 tractatus,
330 1159 76 43 ex
368 1159 101 43 hoc,
431 1159 101 43 quid
494 1159 176 43 declaratum
619 1159 76 43 fuit

192 1197 71 52 in
228 1197 83 52 eo,
275 1197 95 52 quod
335 1197 107 52 motus
406 1197 119 52 nunque
489 1197 143 52 deficit,
596 1197 59 52 &
620 1197 71 52 ex
643 1197 48 52 il

197 1235 78 43 lo,
241 1235 89 43 quid
297 1235 156 43 declaratum
419 1235 89 43 fuit
475 1235 67 43 in
508 1235 122 43 Septimo
586 1235 111 43 scilicet

192 1273 110 45 quod
261 1273 178 45 mouentia,
398 1273 110 45 quae
467 1273 165 45 mouentur
590 1273 82 45 in
617 1273 69 45 lo-

193 1310 90 37 co,
245 1310 181 37 reducuntur
387 1310 77 37 ad
425 1310 116 37 motum
503 1310 77 37 ex
541 1310 90 37 se.
580 1310 116 37 quoniam

192 1349 110 50 illa
261 1349 179 50 conclusio
399 1349 193 50 perfectius
537 1349 152 50 apparebit

188 1385 110 50 hic,
257 1385 97 50 cum
312 1385 124 50 sermo
395 1385 83 50 de
437 1385 207 50 proponibus,
588 1385 97 50 super

196 1421 106 46 quas
262 1421 146 46 fundata
368 1421 172 46 conclusio
500 1421 93 46 est
540 1421 159 46 perfectior

194 1460 97 38 Ihoc
255 1460 158 38 tractatu.
376 1460 61 38 &
401 1460 158 38 conclusio
523 1460 97 38 est,
583 1460 97 38 quod
632 1460 61 38 est

191 1498 91 40 hic
243 1498 117 40 motus
321 1498 104 40 vnus
386 1498 169 40 aeternus.
515 1498 91 40 Et,
567 1498 104 40 quia
619 1498 65 40 om-

191 1535 93 44 nia
244 1535 107 44 ista
311 1535 120 44 sunt,
391 1535 120 44 sicut
471 1535 200 44 narrauimus,
617 1535 67 44 re-

192 1581 140 45 uersus
290 1581 98 45 est
346 1581 84 45 ad
388 1581 140 45 primam
485 1581 182 45 proponem,
611 1581 84 45 quam

202 1620 186 30 verificauit
351 1620 75 30 in
388 1620 161 30 principio
512 1620 124 30 istius
587 1620 99 30 tracta

192 1652 100 42 tus,
254 1652 62 42 &
279 1652 75 42 d.
316 1652 87 42 Et,
366 1652 100 42 quia
429 1652 125 42 motus,
516 1652 87 42 &c.
566 1652 75 42 i.
604 1652 75 42 &,
629 1652 62 42 cum

185 1694 194 36 declaratum
338 1694 97 36 sit
393 1694 111 36 quod
463 1694 125 36 omnia
532 1694 153 36 mouentia,

191 1725 117 49 quae
264 1725 190 49 mouentur,
410 1725 204 49 reducuntur
571 1725 88 49 ad
600 1725 88 49 pri-

188 1764 119 47 mum
256 1764 152 47 motum
357 1764 102 47 ex
408 1764 119 47 se,
476 1764 135 47 quod
544 1764 152 47 componi

193 1805 97 45 tur
248 1805 83 45 ex
290 1805 124 45 primo
373 1805 124 45 moto,
455 1805 69 45 &
483 1805 83 45 ex
524 1805 152 45 motore,
621 1805 69 45 qui

714 181 91 52 non
766 181 156 52 mouetur,
883 181 65 52 &
909 181 91 52 iam
961 181 182 52 declaratum
1104 181 91 52 est
1156 181 104 52 quod
1208 181 39 52 i

718 220 85 38 in
760 220 127 38 nulla
845 220 113 38 hora
915 220 155 38 deficit
1028 220 141 38 motus,
1112 220 127 38 necesse

719 256 106 42 est
779 256 91 42 vt
825 256 151 42 primus
930 256 151 42 motor,
1036 256 91 42 ad
1081 256 121 42 quem
1141 256 91 42 redu

723 293 132 43 cuntur
815 293 106 43 alii
882 293 132 43 motus,
974 293 93 43 sit
1027 293 172 43 aeternus,
1160 293 66 43 &
1173 293 66 43 sit

719 332 181 38 absolutus
858 332 83 38 ab
900 332 111 38 omni
969 332 264 38 transmutatione,
1191 332 69 38 &

724 367 80 43 vt
764 367 121 43 motum
844 367 80 43 ab
884 367 80 43 eo
925 367 121 43 etiam
1005 367 94 43 sit
1059 367 174 43 absolutum
1179 367 54 43 ab

717 404 112 46 omni
787 404 267 46 transmutatione,
1012 404 112 46 nisi
1082 404 70 46 a
1110 404 112 46 motu
1180 404 84 46 in

718 445 118 50 loco:
797 445 66 50 &
823 445 105 50 siue
888 445 105 50 ille
954 445 131 50 motor,
1046 445 92 50 qui
1098 445 92 50 est
1137 445 92 50 talis

722 481 126 52 fuerit
811 481 113 52 vnus,
886 481 88 52 aut
937 481 139 52 plures.
1037 481 76 52 Et
1075 481 101 52 fuit
1126 481 113 52 necesse

722 519 88 50 vt
766 519 117 50 ipse
839 519 102 50 non
897 519 175 50 quiescat
1029 519 73 50 a
1058 519 160 50 mouere,
1160 519 73 50 nec

717 554 132 49 illud,
809 554 105 49 quid
875 554 145 49 mouetur
981 554 79 49 ab
1020 554 79 49 eo
1060 554 66 49 a
1086 554 119 49 motu,
1152 554 79 49 quia

716 596 99 38 est
772 596 99 38 cam
829 596 156 38 motuum.
942 596 85 38 Et
985 596 226 38 demonstratum
1154 596 71 38 est

719 633 96 50 quod
779 633 108 50 motus
851 633 120 50 nunque
936 633 145 50 deficit.
1044 633 72 50 &,
1080 633 72 50 si
1117 633 96 50 ille
1165 633 60 50 mo-

715 669 96 45 tor
770 669 82 45 in
811 669 137 45 aliqua
907 669 110 45 hora
976 669 96 45 non
1031 669 165 45 moueret,
1141 669 82 45 tunc

721 708 168 38 deficeret
850 708 129 38 motus.
941 708 78 38 Et
980 708 103 38 fuit
1044 708 142 38 necesse
1135 708 90 38 etiam

717 744 79 54 vt
756 744 92 54 non
809 744 92 54 sit
862 744 237 54 transmutabile,
1060 744 119 54 neque
1126 744 92 54 essen

718 784 136 42 tialiter,
822 784 94 42 neque
885 784 199 42 accidentaliter.
1053 784 126 42 quoniam,
1147 784 63 42 si
1168 784 52 42 ita

713 821 127 44 esset,
802 821 102 44 tunc
866 821 115 44 esset
943 821 115 44 motor
1019 821 115 44 prior
1096 821 115 44 illo.
1159 821 64 44 Et,

714 861 92 45 cum
766 861 183 45 manifestum
910 861 105 45 sit,
976 861 157 45 aeternum
1094 861 105 45 esse
1159 861 92 45 mo

714 909 165 30 torem,
829 909 82 30 &
862 909 148 30 motum
961 909 99 30 ab
1010 909 99 30 eo
1043 909 181 30 aeternum.

717 934 148 47 quoniam,
828 934 74 47 si
865 934 86 47 non
914 934 111 47 esset
988 934 161 47 aeteinum,
1112 934 99 47 tunc
1161 934 62 47 mo-

717 981 138 31 ueretur
818 981 75 31 ab
855 981 75 31 eo
893 981 88 31 per
943 981 163 31 accidens,
1068 981 63 31 &
1093 981 88 31 sic
1130 981 88 31 esset

718 1010 112 50 llic
788 1010 125 50 motor
871 1010 125 50 prior
955 1010 125 50 illo:
1039 1010 112 50 ergo
1095 1010 125 50 necesse

718 1040 73 56 em
754 1040 73 56 vt
791 1040 85 56 sit
839 1040 85 56 hic
887 1040 109 56 motus
960 1040 145 56 aeternus
1069 1040 109 56 Vtrum
1129 1040 85 56 autem

709 1087 108 43 iste
776 1087 121 43 motor
856 1087 94 43 est
910 1087 121 43 vius,
991 1087 94 43 aut
1045 1087 134 43 plures
1125 1087 81 43 per-

710 1125 196 37 scrutandum
864 1125 98 37 est
920 1125 84 37 in
963 1125 112 37 alia
1019 1125 154 37 scientia.

741 1180 285 54 IVnumquodque
973 1180 178 54 igitur
1080 1180 125 54 immo-

700 1226 157 43 bilium
810 1226 173 43 quidem,
936 1226 204 43 mouentium
1077 1226 126 43 autem,

713 1270 102 44 per
772 1270 146 44 petuum
874 1270 117 44 esse
947 1270 131 44 nihil
1034 1270 87 44 ad
1063 1270 146 44 prsentem

706 1313 210 48 sermonemn.
871 1313 120 48 Quod
946 1313 135 48 autem
1022 1313 195 48 necessarium

707 1345 102 57 est
766 1345 117 57 esse
839 1345 175 57 aliquid,
970 1345 117 57 quod
1043 1345 146 57 semper
1131 1345 73 57 im-

701 1391 174 47 mobile
822 1391 174 47 quidem
944 1391 156 47 ipsum
1048 1391 122 47 sit
1100 1391 104 47 omni

707 1428 200 49 extranea
858 1428 234 49 mutatione,
1041 1428 83 49 &
1058 1428 150 49 simpli-

704 1475 140 39 citer,
802 1475 70 39 &
830 1475 168 39 secundum
956 1475 182 39 accidens,
1082 1475 126 39 motiuum

709 1516 132 39 autem
797 1516 176 39 alterius
930 1516 206 39 manifestum
1091 1516 103 39 est
1136 1516 73 39 con

703 1556 220 44 syderantibus
882 1556 110 44 sic.
950 1556 96 44 Sit
1005 1556 137 44 autem,
1101 1556 82 44 si
1129 1556 82 44 quis

708 1597 157 45 velit,
818 1597 94 45 in
865 1597 204 45 quibusdam
1006 1597 204 45 contingens,

711 1632 75 50 vt
749 1632 88 50 sit
799 1632 176 50 aliquando,
938 1632 63 50 &
963 1632 88 50 non
1013 1632 88 50 sit
1064 1632 101 50 sine
1114 1632 88 50 gene-

703 1674 188 55 ratione,
844 1674 78 55 &
876 1674 251 55 corruptione.
1064 1674 141 55 fortas-

710 1716 94 46 sis
763 1716 107 46 enim
830 1716 201 46 necessarium
991 1716 107 46 est,
1058 1716 80 46 si
1098 1716 107 46 quid
1151 1716 54 46 im

710 1757 167 55 partibile
839 1757 141 55 aliquad
941 1757 128 55 quidem
1031 1757 103 55 est,
1083 1757 128 55 aliquand

702 1797 113 53 autem
778 1797 88 53 non
828 1797 100 53 est,
890 1797 100 53 sine
953 1797 163 53 mutatione
1065 1797 138 53 aliquando
