1416 2066
202 177 182 49 motorem,
338 177 76 49 &
369 177 106 49 rem
430 177 137 49 motam
521 177 106 49 sit
566 177 152 49 resisten

212 221 96 46 tia.
272 221 108 46 motor
344 221 96 46 enim
405 221 108 46 mouet
477 221 84 46 rem
525 221 120 46 motam,
598 221 120 46 secundum

212 269 110 34 quod
281 269 96 34 est
336 269 207 34 contrarium,
502 269 69 34 &
529 269 96 34 res
584 269 110 34 mota
653 269 96 34 mo¬

215 298 90 40 uetur
275 298 60 40 ab
305 298 90 40 illo,
365 298 120 40 secundum
455 298 80 40 quod
506 298 70 40 est
546 298 120 40 similis.
636 298 50 40 &
646 298 70 40 omnis

215 338 117 48 motus
293 338 104 48 erit
358 338 156 48 secundum
476 338 156 48 excessum
580 338 143 48 potentiae

214 378 168 40 motoris
336 378 138 40 super
428 378 107 40 rem
489 378 153 40 motam,
597 378 77 40 &
612 378 107 40 diuer

220 415 121 43 sitas
300 415 134 43 motuum
394 415 81 43 in
435 415 202 43 velocitate,
596 415 67 43 &
609 415 108 43 tardi-

216 452 93 56 tate
275 452 82 56 est
321 452 140 56 secundum
426 452 93 56 hanc
485 452 198 56 proportionem,
648 452 93 56 quae

220 492 90 55 est
271 492 115 55 inter
348 492 102 55 duas
412 492 179 55 potentias.
553 492 64 55 &
578 492 102 55 ista
629 492 90 55 resi-

218 532 139 53 stentia,
323 532 81 53 aut
369 532 93 53 erit
427 532 69 53 ex
461 532 93 53 ipso
519 532 104 53 moto,
589 532 116 53 quando
658 532 58 53 il-

223 572 92 47 ud,
275 572 105 47 quod
341 572 145 47 mouetur
447 572 79 47 ex
486 572 79 47 se
526 572 184 47 voluntate,
657 572 66 47 di-

223 613 148 37 uiditur
330 613 81 37 in
370 613 148 37 motorem
478 613 81 37 in
518 613 121 37 actu,
598 613 67 37 &
625 613 94 37 rem
665 613 54 37 mo

225 647 81 44 am
265 647 81 44 in
305 647 121 44 actu,
386 647 121 44 sicut
467 647 94 44 est
521 647 189 44 dispositio
669 647 81 44 in

219 683 214 44 animalibus,
390 683 71 44 &
419 683 86 44 in
462 683 200 44 corporibus
605 683 114 44 coele-

215 725 145 45 stibus,
321 725 93 45 aut
373 725 106 45 erit
439 725 79 45 ex
479 725 106 45 ipso
545 725 119 45 medio
624 725 79 45 in
651 725 66 45 quo

218 765 135 45 mouetur
316 765 62 45 &
341 765 86 45 hoc
390 765 111 45 erit,
464 765 123 45 quando
550 765 86 45 res
599 765 98 45 mota
661 765 86 45 non

221 804 152 44 diuiditur
338 804 70 44 in
373 804 140 44 motorem,
479 804 59 44 &
502 804 82 44 rem
549 804 105 44 motam
619 804 70 44 in
643 804 70 44 actu

222 845 111 51 sicut
296 845 86 51 est
345 845 111 51 dispo
419 845 111 51 etiam
492 845 74 51 in
529 845 172 51 corporibus
652 845 62 51 sim

217 885 161 46 plicibus:
340 885 87 46 aut
390 885 185 46 resistentia
538 885 99 46 erit
600 885 74 46 ex
624 885 87 46 vtro-

224 923 81 49 que
271 923 139 49 scilicet
375 923 69 49 ex
410 923 69 49 re
444 923 104 49 mota,
514 923 58 49 &
537 923 69 49 ex
572 923 116 49 medio,
641 923 81 49 sicut

219 965 90 37 est
271 965 116 37 dispo
348 965 77 37 in
386 965 193 37 animalibus,
541 965 103 37 quae
592 965 129 37 mouentur

215 1006 78 36 in
254 1006 117 36 aqua.
332 1006 104 36 illa
397 1006 130 36 autem,
487 1006 78 36 in
526 1006 130 36 quibus
617 1006 91 36 res
656 1006 52 36 mo

220 1039 76 43 ta
258 1039 76 43 ex
297 1039 76 43 se
335 1039 166 43 diuiditur
462 1039 76 43 in
500 1039 140 43 motorem
602 1039 76 43 in
628 1039 89 43 actu.

219 1078 70 44 &
247 1078 98 44 rem
303 1078 126 44 motam
387 1078 84 44 in
429 1078 126 44 actu,
513 1078 98 44 non
555 1078 168 44 necessario

213 1118 146 50 indigent
323 1118 122 50 medio,
408 1118 98 50 sed,
469 1118 73 50 si
505 1118 134 50 fuerit,
603 1118 98 50 erit
664 1118 85 50 per

218 1162 104 40 acens.
290 1162 83 40 illa
342 1162 93 40 autem
405 1162 83 40 quae
456 1162 125 40 mouentur
550 1162 62 40 ex
581 1162 73 40 se,
623 1162 83 40 quae
664 1162 52 40 non

216 1197 202 37 diuiduntur
374 1197 86 37 in
417 1197 173 37 motorem,
547 1197 72 37 &
576 1197 101 37 rem
619 1197 101 37 motam

218 1236 82 50 in
259 1236 124 50 actu,
342 1236 192 50 necessario
493 1236 165 50 indigent
616 1236 137 50 medio:

211 1277 68 49 &
239 1277 109 49 haec
307 1277 109 49 sunt
375 1277 150 49 corpora
484 1277 150 49 grauia,
593 1277 68 49 &
607 1277 109 49 leuia,

216 1317 86 37 &,
259 1317 86 37 si
302 1317 115 37 non,
374 1317 201 37 mouerentur
531 1317 86 37 in
574 1317 100 37 non
618 1317 100 37 tempo

222 1352 80 42 re:
267 1352 80 42 cum
313 1352 102 42 nihil
381 1352 80 42 sit
426 1352 91 42 actu
483 1352 114 42 illic,
563 1352 91 42 quid
608 1352 114 42 resistat

227 1390 141 53 potentiae
336 1390 130 53 motiuae,
434 1390 54 53 &
455 1390 76 53 est
499 1390 163 53 impossibile
629 1390 98 53 etiam
684 1390 43 53 vt

217 1431 156 45 habeant
330 1431 128 45 motus
415 1431 198 45 naturales,
571 1431 71 45 &
599 1431 113 45 sint
656 1431 71 45 sem

219 1471 83 49 per
267 1471 154 49 impedita.
385 1471 59 49 &
409 1471 95 49 ideo
468 1471 166 49 contingit,
598 1471 107 49 quod,
658 1471 59 49 cum

219 1509 215 49 posuerimus
388 1509 123 49 ista
465 1509 154 49 moueri
573 1509 92 49 in
603 1509 108 49 vacuo

223 1557 79 44 vt
262 1557 170 44 moueantur
393 1557 79 44 in
433 1557 92 44 non
485 1557 131 44 tpere,
577 1557 66 44 &
603 1557 79 44 vt
629 1557 92 44 motus

218 1589 137 45 grauis,
317 1589 62 45 &
342 1589 161 45 orauioris
466 1589 87 45 sit
515 1589 149 45 aequalis
627 1589 74 45 in
652 1589 62 45 ve-

223 1616 146 61 locitate,
335 1616 90 61 quid
391 1616 79 61 est
436 1616 180 61 impossibile.
582 1616 90 61 quod
627 1616 90 61 igitur

221 1665 187 53 existimauit
370 1665 112 53 Auem.
445 1665 100 53 est,
507 1665 100 53 quod
569 1665 100 53 ista
619 1665 100 53 simpli

226 1705 88 41 cia
277 1705 126 41 hisunt
365 1705 113 41 motus
440 1705 164 41 naturales
566 1705 101 41 sine
616 1705 101 41 medio-

255 1780 109 51 Sed,
323 1780 82 51 si
364 1780 95 51 per
419 1780 231 51 subtilissimum
609 1780 82 51 in
636 1780 82 51 tan-

209 1829 91 41 to
254 1829 167 41 tempore
376 1829 136 41 tanto
466 1829 121 41 motu
542 1829 152 41 fertur
648 1829 106 41 per

220 1866 167 57 vacuum,
341 1866 137 57 omnem
432 1866 182 57 exuperat
554 1866 167 57 rationem,

731 183 109 43 Sit
794 183 125 43 enim
872 183 94 43 E.
919 183 172 43 vacuum,
1044 183 172 43 aequale
1153 183 109 43 autem

736 221 258 45 magnitudine
942 221 172 45 ipsis.
1063 221 138 45 D.&.
1132 221 120 45 D.Ip-

735 266 113 48 sum
799 266 145 48 ergo.
896 266 97 48 A.
944 266 97 48 si
992 266 225 48 transibit,
1170 266 80 48 &
1186 266 64 48 mo

743 309 160 58 uebitur
860 309 146 58 quidem
962 309 87 58 in
1006 309 146 58 quodam
1093 309 146 58 tempore,

744 348 72 47 eo
780 348 143 47 scilicet
887 348 72 47 in
923 348 84 47 quo
971 348 95 47 est.
1030 348 72 47 O.
1066 348 72 47 in
1102 348 119 47 minori
1174 348 84 47 autem

736 392 119 48 quae
810 392 89 48 in
855 392 104 48 quo
914 392 119 48 est.
989 392 89 48 E.
1033 392 74 48 &
1063 392 119 48 hanc
1122 392 134 48 habebit

732 437 176 38 ratonem
860 437 160 38 vacuum
972 437 96 38 ad
1021 437 176 38 plenum.
1149 437 112 38 sed
1197 437 64 38 in

736 477 122 54 tanto
818 477 136 54 tpere,
913 477 149 54 quantum
1021 477 109 54 est,
1089 477 81 54 in
1130 477 95 54 quo
1171 477 81 54 est.

742 516 86 46 O.
785 516 157 46 ipsius.
899 516 114 46 D.A.
970 516 185 46 transibit
1112 516 143 46 linea.
1198 516 57 46 R.

735 563 173 40 transibit
868 563 133 40 autem,
961 563 80 40 si
1002 563 120 40 etiam
1082 563 93 40 sit
1122 563 133 40 quippiam

737 601 222 40 subtilitate
915 601 192 40 differens
1063 601 89 40 ab
1107 601 118 40 aere
1166 601 74 40 id,

739 645 83 52 in
781 645 97 52 quo
836 645 111 52 est.
905 645 83 52 E.
947 645 166 52 secundum
1071 645 111 52 hanc
1127 645 125 52 propor-

741 684 144 47 tionem,
846 684 105 47 quam
911 684 118 47 habet
989 684 144 47 tpmers,
1094 684 78 47 in
1133 684 92 47 quo
1173 684 78 47 est.

736 726 83 45 E.
778 726 83 45 ad
819 726 152 45 tempus,
929 726 83 45 in
971 726 97 45 quo
1026 726 110 45 est.
1095 726 83 45 O.
1137 726 83 45 Si
1164 726 83 45 enim

735 769 105 49 sit
795 769 136 49 tanto
886 769 196 49 subtilius
1036 769 166 49 corpus,
1157 769 90 49 in
1187 769 75 49 quo

736 820 130 39 est.
817 820 97 39 E.
865 820 146 39 ipso.
963 820 194 39 D.quanto
1092 820 162 39 exuperat

735 853 93 45 E.
782 853 156 45 ipsum.
891 853 93 45 O.
938 853 202 45 econuerso
1078 853 171 45 transibit

741 894 214 44 velocitate
909 894 92 44 in
954 894 153 44 tanto,
1061 894 183 44 quantum.
1183 894 61 44 Oa

736 936 151 44 ipsum.
842 936 91 44 E.
887 936 151 44 ipsum,
993 936 91 44 in
1038 936 106 44 quo
1099 936 106 44 est
1159 936 91 44 A.
1190 936 60 44 si

732 981 178 50 feratur.
866 981 89 50 si
910 981 119 50 ergo
984 981 148 50 nullum
1088 981 104 50 sit
1132 981 119 50 corpus

736 1020 93 47 in
783 1020 140 47 ipso.
876 1020 93 47 E.
923 1020 140 47 adhuc
1016 1020 202 47 velocius,
1171 1020 109 47 sed

736 1062 120 52 erat
811 1062 90 52 in
856 1062 134 52 ipso.
945 1062 90 52 O,
990 1062 134 52 quare
1080 1062 90 52 in
1110 1062 134 52 aequali

739 1105 175 42 tempore
867 1105 207 42 transibit
1026 1105 80 42 &
1058 1105 127 42 quod
1122 1105 127 42 plenum

736 1149 115 46 est,
808 1149 72 46 &
837 1149 159 46 vacuum.
952 1149 101 46 sed
1010 1149 216 46 impossibile
1168 1149 87 46 est.

785 1220 128 54 Sed,
865 1220 96 54 si
913 1220 112 54 res
977 1220 128 54 mota
1057 1220 176 54 mouetur
1169 1220 80 54 me-

735 1269 158 64 diante
846 1269 253 64 subtilissimo
1051 1269 189 64 corporum
1193 1269 95 64 in

739 1321 139 61 tanto
831 1321 170 61 tempore
955 1321 108 61 per
1017 1321 155 61 tantum
1110 1321 139 61 spatiu,

734 1368 128 51 tunc
814 1368 192 51 mediante
958 1368 144 51 vacuo
1053 1368 128 51 exit
1133 1368 96 51 ab
1165 1368 80 51 om-

741 1426 90 58 ni
786 1426 254 58 comparatione.
996 1426 105 58 Sit
1055 1426 150 58 igitur
1160 1426 75 58 &
1175 1426 75 58 va-

738 1467 128 63 cuum,
823 1467 85 63 et
866 1467 100 63 sit
923 1467 157 63 aequale
1037 1467 85 63 B:
1079 1467 85 63 Si
1122 1467 142 63 igitur
1207 1467 43 63 A

733 1516 216 55 pertrasit
899 1516 183 55 vacuum,
1032 1516 83 55 &
1065 1516 183 55 mouetur
1182 1516 66 55 in

735 1563 129 63 aliquo
825 1563 155 63 tempore,
941 1563 155 63 scilicet
1058 1563 77 63 in
1096 1563 142 63 tempore
1187 1563 64 63 Rsi

745 1613 96 61 st
793 1613 176 61 breuius
921 1613 176 61 tempore
1049 1613 96 61 H,
1097 1613 128 61 tunc
1161 1613 96 61 ista

741 1671 189 51 proportio
887 1671 102 51 non
945 1671 116 51 erit
1018 1671 189 51 proportio
1148 1671 102 51 vacui

739 1709 97 62 ad
787 1709 177 62 plenum.
916 1709 241 62 pertranseat
1109 1709 161 62 igitur
1206 1709 48 62 A

734 1756 91 64 in
779 1756 167 64 tempore
901 1756 167 64 aequali
1022 1756 91 64 R.
1067 1756 106 64 per
1113 1756 136 64 spatium

739 1804 86 62 E,
782 1804 72 62 &
810 1804 215 62 pertranseat
982 1804 129 62 etiam
1068 1804 172 62 secundum
1182 1804 72 62 pro

745 1853 281 61 portionalitatem,
984 1853 112 61 quae
1054 1853 98 61 est
1110 1853 127 61 inter
1181 1853 70 61 te
