1416 2066
212 260 171 61 Proportio
344 260 106 61 eius
410 260 145 61 omnibus
515 260 171 61 scientijs
634 260 79 61 spe-

219 305 146 42 culatiuis
331 305 135 42 scilicet
432 305 157 42 comparatio
556 305 146 42 scientiae
657 305 56 42 na-

218 345 135 42 turalis
316 345 86 42 est
365 345 148 42 secundum
476 345 197 42 proportionem
624 345 98 42 partis

214 389 77 37 ad
253 389 128 37 totum.
342 389 103 37 quia
406 389 128 37 seniae
496 389 205 37 speculatiuae
650 389 77 37 sunt

215 426 157 45 duobus
325 426 157 45 modis:
436 426 142 45 Tvnus
530 426 110 45 est
577 426 142 45 propter

214 466 235 33 exercitium,
402 466 141 33 sicut
481 466 219 33 Mathematica:

220 501 114 46 alius
296 501 126 46 perper
384 501 214 46 perfectionem,
561 501 139 46 propter
649 501 76 46 quam

212 538 126 40 ipsum
296 538 195 40 exercitium
449 538 112 40 est:
519 538 70 40 &
547 538 98 40 est
589 538 139 40 scientia

224 573 199 44 Naturalis,
380 573 71 44 &
394 573 128 44 Diuina.

258 612 160 46 Proportio
381 612 111 46 autem
455 612 123 46 istius
541 612 111 46 libri
615 612 74 46 ad
640 612 86 46 sciem

211 652 116 51 tiam
284 652 189 51 naturalem
429 652 102 51 est
488 652 131 51 sicut
560 652 160 51 proportio

220 692 198 46 elementorum
378 692 92 46 rei
431 692 79 46 ad
470 692 106 46 rem:
536 692 106 46 quia
602 692 106 46 iste
655 692 66 46 li-

214 728 91 42 ber
266 728 208 42 comprehendit
435 728 104 42 res,
499 728 104 42 quae
564 728 104 42 sunt
616 728 91 42 prin-

220 765 112 54 cipia,
298 765 56 54 &
321 765 124 54 radices
411 765 168 54 vniversales
545 765 135 54 illorum,
646 765 67 54 de
669 765 56 54 qui

214 805 96 53 bus
269 805 110 53 vult
338 805 151 53 alloqui
434 805 165 53 naturalis.

259 842 92 48 Via
312 842 171 48 doctrinae
443 842 119 48 huius
522 842 119 48 libri
601 842 105 48 sunt
654 842 66 48 spe

210 881 99 41 cies
272 881 161 41 doctrinae
396 881 149 41 vsitatae
507 881 74 41 in
544 881 87 41 hac
582 881 136 41 scientia:

210 919 82 43 &
242 919 131 43 sunt
324 919 131 43 modi
406 919 164 43 omnium
504 919 213 43 disciplina-

214 961 86 48 rum
263 961 148 48 scilicet
374 961 197 48 demonstratio
534 961 123 48 signi,
620 961 62 48 &
633 961 86 48 demon

210 997 156 44 stratio
323 997 156 44 causae,
436 997 71 44 &
464 997 226 44 demonstratio
634 997 85 44 sim-

211 1040 197 44 pliciter:
362 1040 167 44 quamuis
484 1040 167 44 signum,
605 1040 76 44 &
620 1040 106 44 causa

219 1070 96 45 sint
279 1070 96 45 plus
339 1070 131 45 vsitata
434 1070 72 45 in
470 1070 84 45 hac
518 1070 155 45 scientia:
637 1070 60 45 &
649 1070 72 45 ali-

217 1109 159 56 quando
329 1109 112 56 est
392 1109 175 56 vsitata
504 1109 223 56 demonstratio

205 1144 200 58 simpliciter.

253 1412 85 46 Et
295 1412 169 46 maneries
422 1412 226 46 disciplinae,
606 1412 113 46 quae
662 1412 71 46 fit

214 1455 81 43 in
255 1455 203 43 definitione
418 1455 203 43 diuisionis,
580 1455 68 43 &
594 1455 122 43 iductio

222 1493 110 52 nis,
291 1493 69 52 &
319 1493 165 52 exempli:
443 1493 110 52 quia
511 1493 179 52 vnoquoque
635 1493 83 52 isto

221 1531 107 42 rum
282 1531 137 42 trium
373 1531 152 42 vtitur
480 1531 107 42 ars
525 1531 198 42 Tdemonstra-

219 1573 139 37 tiua
305 1573 208 37 secundum
462 1573 156 37 modum
566 1573 156 37 datum
653 1573 69 37 in

223 1610 235 40 Posterioribus:
419 1610 92 40 sed
471 1610 65 40 T
498 1610 118 40 vsus,
576 1610 92 40 quo
615 1610 105 40 vtitur

222 1655 167 35 exemplo,
348 1655 70 35 &
375 1655 209 35 inductione,
543 1655 98 35 est
599 1655 125 35 alius
668 1655 56 35 ab

227 1688 116 50 vsu,
300 1688 102 50 quo
358 1688 145 50 vtitur
460 1688 204 50 Rhetorica,
620 1688 73 50 &
635 1688 87 50 Dia

212 1727 128 43 lectica.

725 189 126 54 quas
804 189 158 54 quidem
914 189 158 54 partes
1025 189 110 54 nos
1072 189 173 54 enumerabi

735 229 96 45 bus
790 229 83 45 in
832 229 165 45 psatione
956 229 234 45 vniuscuiusque
1135 229 110 45 libri.

772 268 60 46 Ro
802 268 81 46 vero
852 268 91 46 eius,
913 268 81 46 seu,
963 268 131 46 proportio
1064 268 121 46 scilicet
1144 268 101 46 sientiae

739 311 169 47 naturalis
869 311 78 47 ad
908 311 156 47 reliquas
1025 311 130 47 senias
1103 311 143 47 speculati

743 349 99 46 uas,
804 349 86 46 est
854 349 111 46 ratio
928 349 124 46 partis
1014 349 74 46 ad
1051 349 124 46 totum.
1138 349 99 46 quia
1187 349 62 46 du-

743 385 101 49 plex
806 385 88 49 est
857 385 113 49 genus
932 385 151 49 seniarum
1032 385 214 49 speculatiuarum:

747 423 92 51 vnum
804 423 92 51 est,
861 423 92 51 quid
919 423 69 51 vt
953 423 138 51 psecudum
1057 423 126 51 ponitur
1149 423 69 51 ad
1172 423 80 51 vsum,

737 462 65 40 &
763 462 105 40 sunt
828 462 118 40 ipsae
907 462 131 40 seniae
999 462 222 40 Mathematicae:
1169 462 78 40 alte

736 503 82 48 rum
783 503 106 48 vero,
854 503 94 48 quid
913 503 106 48 inter
983 503 106 48 ipsas
1054 503 188 48 perfectiones
1195 503 59 48 com

747 541 132 45 numeratur
849 541 61 45 ob
879 541 81 45 quas
930 541 122 45 scilicet
1021 541 71 45 sit
1062 541 81 45 ipse
1113 541 92 45 vsus:
1174 541 92 45 quae,

744 579 60 39 &
768 579 119 39 quidem
851 579 83 39 est
899 579 95 39 ipsa
959 579 107 39 senia
1030 579 131 39 Namlis,
1126 579 60 39 &
1138 579 107 39 Diuina.

781 615 76 44 At
819 615 114 44 ratio
895 615 114 44 huius
971 615 114 44 libri
1047 615 76 44 ad
1085 615 114 44 ipsam
1148 615 101 44 namlem

736 652 118 46 sciam
815 652 92 46 est
867 652 132 46 ratio,
960 652 92 46 vel
1012 652 171 46 proportio
1131 652 118 46 elemen-

742 693 121 38 torum
822 693 94 38 rei
876 693 81 38 ad
917 693 121 38 ipsam
998 693 108 38 rem:
1065 693 94 38 nam
1119 693 94 38 hic
1160 693 94 38 liber

744 732 137 47 continet
847 732 80 47 ea,
892 732 92 47 quae
950 732 69 47 se
984 732 126 47 hiabunt
1075 732 114 47 veluti
1144 732 103 47 princi-

745 769 85 49 pia,
798 769 53 49 &
820 769 170 49 vniversalies
958 769 117 49 radices
1043 769 64 49 ad
1075 769 74 49 ea,
1117 769 85 49 quae
1159 769 96 49 profes-

741 806 91 44 sor
793 806 118 44 huius
872 806 170 44 scientiae
1002 806 104 44 vult
1054 806 144 44 tractare.

776 845 128 51 Modus
861 845 128 51 autem
946 845 199 51 doctrinae,
1102 845 99 51 qui
1159 845 85 51 in
1187 845 57 51 eo

733 885 107 49 fit,
800 885 94 49 est
853 885 80 49 ex
893 885 174 49 generibus
1028 885 188 49 doctrinae,
1162 885 80 49 quae

744 922 81 38 in
784 922 94 38 hac
838 922 108 38 seia
905 922 121 38 fieri
986 922 148 38 solent:
1094 922 94 38 qui
1134 922 108 38 quidem

733 958 116 44 sunt
806 958 116 44 modi
879 958 145 44 omnium
980 958 218 44 doctrinarum
1140 958 102 44 trium

734 997 167 52 generum
855 997 242 52 demrationum,
1052 997 136 52 nempe
1128 997 121 52 signo-

740 1036 116 44 rum,
813 1036 102 44 seu
871 1036 277 44 demonstrationum
1104 1036 116 44 quod
1163 1036 87 44 est,

742 1075 66 37 &
768 1075 253 37 demonstrationum
981 1075 133 37 perper
1074 1075 120 37 quid,
1141 1075 106 37 necnon

738 1110 297 43 demonstrationum
988 1110 250 43 absolutarum,
1176 1110 78 43 vel

739 1153 223 43 simpliciter:
920 1153 126 43 licet
1004 1153 84 43 in
1046 1153 98 43 hac
1102 1153 112 43 arte
1157 1153 98 43 maior

738 1186 98 49 pars
799 1186 209 49 demtrationum,
971 1186 98 49 quae
1033 1186 74 49 in
1070 1186 74 49 ea
1106 1186 123 49 fiunt,
1180 1186 74 49 sint

743 1231 233 44 demonstrationes
939 1231 98 44 quod
1000 1231 98 44 est,
1061 1231 61 44 &
1086 1231 123 44 proper
1159 1231 86 44 quid:

738 1261 117 46 raro
811 1261 117 46 enim
884 1261 131 46 fiunt
972 1261 88 46 in
1016 1261 88 46 ea
1045 1261 204 46 demonstratio

739 1303 85 50 nes
787 1303 169 50 absolutae:
920 1303 121 50 contra
1005 1303 85 50 id,
1053 1303 97 50 quod
1114 1303 85 50 fit
1162 1303 73 50 in
1187 1303 60 50 ip-

741 1341 88 37 sis
791 1341 213 37 Mathematicis,
966 1341 75 37 in
1003 1341 113 37 quibu
1078 1341 138 37 silicet
1166 1341 88 37 fiunt

738 1378 80 48 vt
778 1378 160 48 psecudum
897 1378 253 48 demonstrationes
1097 1378 146 48 simplici-

742 1417 99 41 ter,
804 1417 62 41 &
828 1417 174 41 absolutae.
965 1417 124 41 vtitur
1052 1417 136 41 insuper
1151 1417 74 41 eo
1176 1417 74 41 modo

743 1461 149 42 doctrinae,
861 1461 75 42 qui
903 1461 75 42 fit
946 1461 75 42 per
989 1461 181 42 definitionem,
1138 1461 53 42 &
1160 1461 75 42 eo,
1192 1461 53 42 qui

742 1495 87 46 per
791 1495 186 46 diuisionem,
940 1495 62 46 &
965 1495 87 46 eo,
1015 1495 87 46 qui
1065 1495 87 46 per
1102 1495 149 46 enthymema,

744 1534 53 52 &
766 1534 75 52 eo,
808 1534 75 52 qui
851 1534 75 52 per
894 1534 171 52 inductionem,
1033 1534 53 52 &
1054 1534 75 52 eo,
1097 1534 75 52 qui
1140 1534 75 52 per
1172 1534 75 52 exen-

739 1573 118 47 plum.
818 1573 92 47 his
870 1573 132 47 etenim
963 1573 145 47 quinque
1068 1573 118 47 modis
1134 1573 118 47 omnibus

743 1610 137 48 vtuntur
842 1610 112 48 ipsae
917 1610 112 48 artes
992 1610 200 48 demtratiuae,
1155 1610 75 48 eo
1180 1610 62 48 pa-

737 1651 108 39 cto,
804 1651 94 39 quo
858 1651 81 39 in
898 1651 108 39 lib.
965 1651 202 39 Posteriorum
1113 1651 135 39 traditum

743 1687 105 54 fuit.
814 1687 82 54 sed
860 1687 82 54 hae
907 1687 94 54 alio
966 1687 94 54 modo
1024 1687 129 54 vtuntur
1118 1687 141 54 exemplo,
1212 1687 35 54 &

738 1727 185 46 inductione,
885 1727 86 46 qua
935 1727 123 46 vtatur
1021 1727 86 46 ars
1070 1727 185 46 Dialectita,
1218 1727 62 46 &

747 1768 85 39 ars
795 1768 169 39 Rhetorica:
928 1768 121 39 vtitur
1013 1768 97 39 enim
1074 1768 85 39 ars
1110 1768 145 39 Dialectica

737 1804 189 47 iductione,
885 1804 67 47 &
912 1804 94 47 ars
966 1804 175 47 Rhetorica
1087 1804 135 47 exemplo.
