1416 2066
172 181 127 55 idem
251 181 111 55 sit
315 181 158 55 motum,
426 181 79 55 &
457 181 222 55 quiescens:
616 181 79 55 nam

182 227 187 47 instans
318 227 136 47 idem
403 227 119 47 est
470 227 187 47 vltimum
589 227 102 47 duo-

184 285 127 45 rum
238 285 200 45 temporum.

182 332 112 39 Ista
252 332 112 39 alia
322 332 98 39 est
378 332 210 39 declaratio,
547 332 70 39 &
561 332 140 39 intentio

193 376 104 32 eius
258 376 104 32 est:
323 376 156 32 quoniam,
440 376 104 32 quia
506 376 117 32 motum
571 376 130 32 mouetur,

191 405 68 50 in
225 405 102 50 tpre,
293 405 57 50 &
315 405 136 50 quiescit
417 405 68 50 in
451 405 102 50 alio,
520 405 57 50 &
542 405 136 50 instans,
633 405 68 50 quid

189 445 129 38 diuidit
283 445 94 38 haec
342 445 82 38 duo
388 445 117 38 tpera.
470 445 82 38 est
517 445 105 38 idem,
588 445 70 38 vt
611 445 82 38 prae-

190 484 131 38 dictum
281 484 104 38 est,
347 484 65 38 &
373 484 117 38 omnis
451 484 117 38 pars,
529 484 78 38 in
568 484 91 38 qua
608 484 91 38 demon

192 520 146 42 stratur
298 520 93 42 res
351 520 106 42 mota
418 520 80 42 in
458 520 120 42 tpre,
537 520 80 42 in
577 520 93 42 quo
631 520 93 42 mo¬

188 556 136 43 uetur,
284 556 95 43 est
338 556 109 43 mota
406 556 82 43 in
447 556 95 43 ea,
501 556 68 43 &
529 556 123 43 omnis
597 556 95 43 pars,

189 594 88 40 in
233 594 103 40 qua
292 594 235 40 demonstratur
483 594 103 40 res
527 594 162 40 quiescens

192 633 79 41 in
231 633 157 41 tempore,
349 633 79 41 in
388 633 92 41 quo
441 633 170 41 quiescit,
572 633 92 41 est
624 633 79 41 in
651 633 52 41 ea

188 668 181 51 ouiescens,
330 668 78 51 si
369 668 181 51 dispositio
512 668 117 51 motus
589 668 78 51 in
628 668 91 51 in¬

173 699 160 47 stanti,
290 699 117 47 quod
363 699 160 47 diuidit
479 699 117 47 haec
552 699 102 47 duo
596 699 102 47 tempo

193 742 83 50 ra,
240 742 142 50 scilicet
347 742 118 50 tempus
429 742 142 50 quietis,
536 742 59 50 &
559 742 118 50 tempus
642 742 83 50 mo¬

191 781 88 50 tus
242 781 88 50 sit
292 781 101 50 ista
355 781 189 50 dispositio,
507 781 151 50 sequitur
620 781 76 50 vt
646 781 50 50 in

192 818 97 38 hoc
248 818 167 38 instanti
373 818 97 38 set
429 818 195 38 quiescens,
582 818 70 38 &
596 818 97 38 motum

191 854 154 53 insimul:
307 854 103 53 quia
371 854 90 53 est
423 854 142 53 commune
526 854 142 53 vtrique
616 854 77 53 ten-

195 900 129 38 pori:
280 900 71 38 &
309 900 143 38 illud,
409 900 114 38 quod
481 900 157 38 mouetur
595 900 86 38 in
624 900 71 38 vno

194 931 108 41 tpre,
266 931 84 41 est
314 931 156 41 quiescens
434 931 72 41 in
470 931 108 41 toto,
542 931 60 41 &
566 931 72 41 in
602 931 96 41 toto
650 931 48 41 al

192 970 128 38 terius
282 970 89 38 est
333 970 128 38 motum.
422 970 77 38 Si
460 970 128 38 igitur
550 970 153 38 quiescit
652 970 51 38 in

189 1004 106 51 hac
250 1004 137 51 parte
341 1004 182 51 communi,
477 1004 213 51 necessario
629 1004 61 51 mo

200 1044 142 49 aebitur
303 1044 77 49 in
342 1044 90 49 ea:
393 1044 77 49 ex
432 1044 90 49 quo
483 1044 154 49 sequitur
599 1044 77 49 vt
625 1044 64 49 il-

189 1076 97 53 lud
245 1076 97 53 sit
300 1076 83 53 in
341 1076 166 53 instanti
466 1076 194 53 quiescens,
618 1076 69 53 &
632 1076 69 53 mo-

191 1116 88 46 tum
242 1116 152 46 insimul.
356 1116 101 46 D.d.
419 1116 76 46 Et
457 1116 126 46 etiam,
545 1116 76 46 si
571 1116 126 46 instans,

193 1154 93 40 &c.
246 1154 80 40 i.
286 1154 80 40 &,
326 1154 93 40 cum
380 1154 187 40 posuerimus
526 1154 107 40 quod
580 1154 120 40 instans

191 1197 98 38 est
247 1197 127 38 idem,
332 1197 84 38 vt
374 1197 197 38 declaratum
528 1197 112 38 est,
599 1197 70 38 &
613 1197 84 38 com-

190 1236 99 39 mune
252 1236 137 39 vtrique
351 1236 149 39 tempori,
463 1236 62 39 &
488 1236 87 39 est
537 1236 162 39 possibile
649 1236 50 39 vt

194 1269 106 37 idem
260 1269 158 37 moueatur
378 1269 158 37 secundum
497 1269 119 37 totum
576 1269 79 37 in
603 1269 92 37 alte-

193 1301 93 54 ro
240 1301 156 54 duorum
349 1301 202 54 temporum,
505 1301 125 54 quae
567 1301 140 54 diuidit

193 1340 155 38 instans,
310 1340 65 38 &
335 1340 155 38 quiescit
452 1340 78 38 in
491 1340 142 38 altero.
594 1340 91 38 Et,
633 1340 65 38 cum

199 1376 175 52 posuerit
330 1376 116 52 hanc
403 1376 262 52 propositionem,
607 1376 87 52 con-

193 1415 127 50 iuuxit
282 1415 76 50 ei
320 1415 127 50 aliam,
409 1415 63 50 &
434 1415 127 50 dixit:
523 1415 63 50 &
548 1415 127 50 illud,
624 1415 76 50 quid

198 1452 125 50 mouetur
289 1452 137 50 secundum
391 1452 114 50 totum,
471 1452 80 50 &c.
517 1452 68 50 i.
551 1452 57 50 &
574 1452 103 50 omne,
631 1452 68 50 quod

201 1491 144 39 mouetur
305 1491 157 39 secundum
423 1491 117 39 totum
501 1491 78 39 in
540 1491 104 39 toto
593 1491 104 39 aliquo

197 1532 133 46 tpere,
290 1532 187 46 necessario
437 1532 147 46 mouetur
543 1532 80 46 in
570 1532 133 46 qualibet

197 1564 121 47 parte
277 1564 134 47 illius
371 1564 174 47 temporis,
505 1564 94 47 cum
559 1564 94 47 sit
599 1564 94 47 posi-

194 1602 94 41 tum
247 1602 121 41 ipsum
328 1602 134 41 moueri
422 1602 81 41 in
462 1602 148 41 omnibus
557 1602 134 41 partibus

196 1635 83 54 eius
247 1635 124 54 scilicet
341 1635 83 54 quod
393 1635 93 54 motus
455 1635 83 54 eius
506 1635 73 54 est
548 1635 145 54 possibilis
652 1635 41 54 in

197 1684 155 43 qualibet
314 1684 117 43 parte
391 1684 142 43 tperis,
495 1684 78 43 in
534 1684 91 43 quo
573 1684 129 43 mouetur,

198 1711 116 46 secundum
285 1711 96 46 totum.
353 1711 48 46 &
372 1711 125 46 similiter
468 1711 77 46 quod
516 1711 116 46 quiescit
603 1711 67 46 est
632 1711 58 46 quod

196 1749 116 50 scens
273 1749 77 50 in
312 1749 142 50 omnibus
415 1749 155 50 partibus
531 1749 168 50 temporis,
647 1749 52 50 in

194 1789 89 53 quo
245 1789 166 53 quiescit.
373 1789 89 53 Et,
424 1789 89 53 cum
474 1789 127 53 posuit
564 1789 102 53 has,
615 1789 76 53 pro

716 173 207 54 positiones,
882 173 124 54 quasi
964 173 234 54 praecedentes,
1143 173 83 54 qua-

717 213 84 41 rum
765 213 84 41 Vna
812 213 95 41 est,
872 213 95 41 quod
932 213 131 41 instans
1027 213 84 41 est
1075 213 131 41 commune
1158 213 72 41 duo-

722 258 90 32 pus
774 258 155 32 tperibus
890 258 155 32 insimul,
1006 258 64 32 &
1032 258 90 32 est
1083 258 103 32 vnum
1135 258 90 32 indi-

716 288 128 42 uisibile,
815 288 49 42 &
834 288 108 42 Secunda
913 288 79 42 est,
962 288 79 42 quod
1011 288 128 42 possibile
1110 288 69 42 est
1149 288 59 42 vt
1169 288 59 42 idem

723 329 120 50 secundum
813 329 90 50 totum
873 329 120 50 moueatur
963 329 60 50 in
993 329 70 50 vno
1033 329 90 50 tpere
1093 329 120 50 secundum
1173 329 50 50 to-

720 364 85 52 tum,
774 364 53 52 &
795 364 128 52 qniescat
891 364 64 52 in
923 364 85 52 alio
977 364 128 52 scilicet
1073 364 64 52 in
1105 364 107 52 duobus
1169 364 64 52 tem-

718 405 148 42 poribus,
829 405 99 42 quae
891 405 136 42 diuidit
990 405 136 42 instans
1089 405 148 42 commune:
1200 405 62 42 &

722 440 116 43 Tertia
804 440 93 43 est,
862 440 93 43 quod
920 440 70 43 in
955 440 140 43 qualibet
1060 440 105 43 parte
1118 440 105 43 tperis,

711 476 89 52 in
756 476 104 52 quo
815 476 104 52 res
874 476 118 52 mota
948 476 178 52 mouetur,
1081 476 104 52 est
1125 476 104 52 mota,

714 517 64 37 &
740 517 77 37 in
778 517 153 37 qualibet
893 517 115 37 parte
970 517 140 37 tperis,
1072 517 77 37 in
1110 517 89 37 quo
1148 517 77 37 quie

720 552 110 43 scit,
793 552 86 43 est
842 552 172 43 quiescens,
978 552 135 43 induxit
1063 552 160 43 consequens,

717 590 70 49 &
745 590 139 49 dixit:
843 590 167 49 sequitur
968 590 209 49 necessario,
1135 590 98 49 &c.
1191 590 70 49 &

719 628 101 40 ista
782 628 176 40 consecutio
921 628 164 40 manifesta
1047 628 101 40 est.
1097 628 126 40 quoniam,

720 665 101 42 cum
777 665 158 42 instans
892 665 144 42 fuerit
993 665 158 42 commune
1094 665 129 42 vtrique

715 706 177 41 tempori,
848 706 133 41 motum
936 706 162 41 mouetur
1054 706 88 41 in
1083 706 133 41 omnibus

722 742 157 45 partibus
840 742 118 45 vnius
918 742 170 45 temporis,
1050 742 66 45 &
1076 742 157 45 quiescit
1181 742 52 45 in

718 781 171 49 omnibus
842 781 186 49 partibus
981 781 186 49 alterius
1105 781 124 49 tempo-

720 816 103 52 ris.
784 816 77 52 &.
823 816 77 52 si
861 816 128 52 fuerit
951 816 167 52 possibile
1079 816 115 52 ipsum
1143 816 90 52 quie-

716 853 125 38 scere
799 853 83 38 in
841 853 180 38 instanti,
979 853 194 38 necessario
1117 853 111 38 mouebi

720 893 85 37 tur
768 893 73 37 in
805 893 85 37 eo:
853 893 61 37 &
877 893 85 37 sic
926 893 97 37 erit
987 893 73 37 in
1023 893 73 37 eo
1059 893 170 37 quiescens,
1193 893 61 37 &

718 928 126 52 motum.
806 928 100 52 quod
869 928 88 52 est
919 928 201 52 impossibile.
1082 928 100 52 ergo
1145 928 75 52 in
1170 928 63 52 hac

712 968 114 49 parte
788 968 114 49 neque
864 968 164 49 quiescit,
991 968 114 49 neque
1067 968 152 49 mouetur.
1168 968 63 49 Et,

724 1008 74 49 cum
767 1008 158 49 verificauit
893 1008 84 49 quod
945 1008 158 49 impossibile
1071 1008 74 49 est
1113 1008 63 49 vt
1134 1008 95 49 aliquid

716 1041 156 49 moueatur,
836 1041 84 49 aut
884 1041 144 49 quiescat
992 1041 72 49 in
1028 1041 156 49 instanti,
1136 1041 96 49 neces-

717 1079 78 43 se
756 1079 129 43 igitur
847 1079 91 43 est
898 1079 78 43 vt
937 1079 117 43 motum
1015 1079 91 43 non
1067 1079 168 43 moueatur,
1196 1079 65 43 &

717 1114 155 57 quescens
834 1114 91 57 non
885 1114 168 57 quiescat,
1015 1114 104 57 nisi
1080 1114 78 57 in
1105 1114 117 57 tempore

780 1188 224 38 SVMMA
905 1188 224 38 TERTIA.

809 1229 75 45 De
846 1229 162 45 diuisione
970 1229 124 45 ipsius
1045 1229 99 45 motus.

778 1277 193 54 Indiuisibile
934 1277 120 54 moueri
1019 1277 84 54 non
1055 1277 96 54 posse.

841 1324 239 46 Cap.
961 1324 119 46 1.

896 1372 101 46 Vod
953 1372 129 46 autem
1039 1372 158 46 mutatur
1140 1372 86 46 omne

890 1414 203 44 diuisibile
1049 1414 116 44 esse
1107 1414 116 44 neces-

888 1456 83 53 se
930 1456 110 53 est.
998 1456 110 53 Quam
1067 1456 110 53 enim
1136 1456 83 53 ex
1163 1456 69 53 quo

889 1501 114 46 dam
954 1501 98 46 in
1003 1501 179 46 quoddam
1117 1501 114 46 omnis

709 1540 185 46 mutatio
844 1540 135 46 est:
928 1540 101 46 &,
978 1540 118 46 cum
1046 1540 168 46 quidem
1147 1540 84 46 est

708 1581 106 54 in
761 1581 141 54 hoc,
850 1581 106 54 in
903 1581 141 54 quod
991 1581 194 54 mutatum
1115 1581 106 54 est,

714 1625 118 40 non
782 1625 186 40 amplius
917 1625 202 40 mutatur:
1068 1625 118 40 cum
1119 1625 118 40 autem

709 1662 110 52 est
772 1662 94 52 in
819 1662 110 52 eo,
882 1662 94 52 ex
929 1662 110 52 quo
992 1662 189 52 mutatur,
1134 1662 79 52 &
1149 1662 79 52 ip-

715 1703 120 50 sum,
790 1703 75 50 &
820 1703 151 50 partes
926 1703 136 50 omnes
1016 1703 105 50 non
1061 1703 166 50 mutantur:

716 1744 114 46 quod
787 1744 114 46 enim
858 1744 185 46 similiter
1000 1744 85 46 se
1042 1744 142 46 habet,
1142 1744 71 46 &
1156 1744 71 46 ip-

711 1790 139 36 sum,
797 1790 87 36 &
832 1790 173 36 partes
953 1790 104 36 id
1006 1790 121 36 non
1058 1790 173 36 mutatur:
