1416 2066
175 180 213 50 D.narrauit
342 180 106 50 quo
403 180 121 50 modo
463 180 228 50 assimilantur,

190 220 79 51 &.
229 220 79 51 d.
269 220 119 51 omnis
349 220 106 51 enim
415 220 119 51 quies
494 220 79 51 in
534 220 146 51 tempore
627 220 66 51 est

188 256 82 50 i.
229 256 68 50 &
257 256 150 50 necesse
366 256 96 50 est
421 256 82 50 vt
462 256 191 50 dispositio
598 256 96 50 motus

189 295 80 58 in
229 295 94 58 hoc
282 295 94 58 sit
336 295 120 58 sicut
416 295 187 58 dispositio
549 295 134 58 quietis,

194 335 116 46 quoniam
279 335 95 46 quies
342 335 116 46 dicitur
426 335 84 46 esse
479 335 63 46 in
510 335 116 46 tempore
584 335 105 46 secundum

187 380 163 38 modum,
301 380 131 38 quem
383 380 180 38 dicimus
513 380 147 38 motum
595 380 98 38 esse

181 414 65 57 in
214 414 119 57 tempore
300 414 130 57 scilicet
398 414 130 57 secundum
495 414 87 57 quod
549 414 152 57 mensuratur
658 414 32 57 a

191 453 165 45 tempore.
315 453 96 45 Et,
370 453 110 45 quia
439 453 138 45 anquis
536 453 138 45 potest
618 453 69 45 di-

191 493 90 51 cere
247 493 90 51 quod
304 493 79 51 res
349 493 90 51 sunt
405 493 68 51 in
439 493 135 51 tempore,
540 493 135 51 secundum
631 493 56 51 quo

191 531 111 51 sunt
260 531 138 51 motae:
357 531 69 51 &
385 531 180 51 quiescens
523 531 97 51 est
565 531 124 51 contra-

189 572 120 51 rium
264 572 134 51 moto:
353 572 120 51 ergo
428 572 194 51 quiescens
577 572 105 51 non
622 572 75 51 est

192 609 83 55 in
234 609 167 55 tempore,
359 609 167 55 secundum
484 609 111 55 quod
554 609 97 55 est
596 609 97 55 quie-

187 648 147 42 scens,
290 648 118 42 ideo
364 648 132 42 dixit
452 648 162 42 quoniam
569 648 103 42 non
614 648 73 42 om-

186 685 92 55 ne,
238 685 105 55 quod
304 685 92 55 est
356 685 79 55 in
396 685 118 55 motu,
474 685 92 55 &c.
527 685 79 55 i.
566 685 66 55 &
592 685 92 55 non
632 685 52 55 de

192 724 86 46 bet
241 724 134 46 aliquis
338 724 134 46 dicere,
436 724 98 46 quod
497 724 86 46 res
546 724 86 46 non
595 724 86 46 est
644 724 73 46 in

187 764 160 46 tempore,
307 764 107 46 nisi
373 764 93 46 sit
427 764 120 46 mota.
507 764 147 46 quoniam
600 764 80 46 quem

190 811 167 39 admodum
312 811 152 39 illud,
418 811 122 39 quod
494 811 107 39 est
555 811 91 39 in
585 811 107 39 motu,

190 842 75 55 i.
227 842 75 55 in
264 842 75 55 re
302 842 112 55 mota,
377 842 87 55 est
427 842 112 55 sicut
502 842 175 55 dispositio
627 842 62 55 no-

187 885 119 45 stra
261 885 104 45 cum
321 885 119 45 motu
395 885 163 45 totius,
513 885 104 45 non
558 885 133 45 contin-

188 921 85 58 git
237 921 73 58 in
273 921 73 58 eo
310 921 97 58 quod
370 921 85 58 fit
419 921 122 58 motum,
504 921 85 58 ita
553 921 85 58 est
590 921 97 58 dispo-

183 962 121 54 sitio
263 962 81 54 in
304 962 135 54 rebus,
398 962 108 54 quae
466 962 108 54 sunt
533 962 81 54 in
560 962 135 54 tempore,

181 999 121 44 idest
261 999 148 44 quoniam
369 999 162 44 sequitur
490 999 81 44 in
530 999 94 44 eis
584 999 81 44 vt
611 999 81 44 sint

186 1045 138 37 motae.
283 1045 193 37 D.incoepit
434 1045 179 37 declarare
571 1045 110 37 quod
626 1045 69 37 tem

191 1084 90 46 pus
242 1084 90 46 est
294 1084 141 46 dignius
396 1084 102 46 hoc,
460 1084 90 46 qua
511 1084 128 46 motus,
588 1084 102 46 secun-

187 1118 103 44 dum
246 1118 117 44 quod
319 1118 103 44 non
378 1118 103 44 est
437 1118 147 44 motus,
539 1118 103 44 sed
583 1118 103 44 nume-

181 1161 89 42 rus
232 1161 127 42 motus,
321 1161 76 42 &.
359 1161 76 42 d.
397 1161 127 42 tempus
486 1161 102 42 enim
549 1161 89 42 non
600 1161 89 42 est
638 1161 51 42 mo

190 1198 100 54 tus,
252 1198 87 54 &c.
302 1198 75 54 i.
339 1198 62 54 &
364 1198 125 54 tempus
451 1198 87 54 est
501 1198 137 54 dignius
601 1198 75 54 in
626 1198 62 54 hoc

190 1239 89 59 quam
245 1239 100 59 motus
312 1239 133 59 scilicet
412 1239 67 59 vt
446 1239 67 59 in
479 1239 67 59 eo
512 1239 156 59 inueniatur
623 1239 67 59 quie

180 1276 140 46 scens,
278 1276 154 46 quoniam
390 1276 140 46 tempus
488 1276 98 46 non
544 1276 98 46 est
586 1276 98 46 motus

187 1318 100 44 sed
244 1318 157 44 numerus
358 1318 142 44 motus:
457 1318 71 44 &
486 1318 185 44 possibile
614 1318 71 44 est

175 1357 91 51 vt
220 1357 197 51 quiescens
372 1357 212 51 inueniatur
538 1357 91 51 in
569 1357 121 51 numero

193 1398 138 44 motus,
290 1398 96 44 cum
345 1398 96 44 sit
400 1398 179 44 possibile
538 1398 83 44 vt
565 1398 124 44 inuenia

185 1437 97 41 tur
241 1437 83 41 in
282 1437 125 41 motu:
366 1437 97 41 sed
421 1437 111 41 esse
491 1437 111 41 eius
560 1437 83 41 in
588 1437 97 41 nume-

189 1475 83 53 ro
231 1475 124 53 motus
313 1475 96 53 est
368 1475 165 53 dignius.
492 1475 96 53 Et,
547 1475 110 53 quia
602 1475 83 53 quie

190 1512 121 42 scens
270 1512 147 42 dicitur
377 1512 228 42 transumptiue,
565 1512 80 42 vt
591 1512 94 42 dici-

192 1553 85 53 tur
241 1553 98 53 quod
302 1553 98 53 poli
363 1553 98 53 sunt
424 1553 98 53 quie
485 1553 146 53 scentes,
594 1553 61 53 &
607 1553 85 53 dici-

186 1595 93 49 tur
239 1595 106 49 vere
305 1595 79 49 in
345 1595 106 49 eis,
411 1595 106 49 quae
477 1595 132 49 innata
570 1595 106 49 sunt
623 1595 66 49 mo-

196 1631 97 55 ueri
256 1631 218 55 essentialiter,
438 1631 133 55 &quios,
535 1631 97 55 quae
595 1631 85 55 est
644 1631 73 55 in

191 1670 159 55 tempore,
310 1670 93 55 est
363 1670 106 55 vera
430 1670 133 55 quies,
523 1670 159 55 incoepit
629 1670 53 55 de

187 1712 145 51 clarare
292 1712 105 51 hoc,
358 1712 79 51 ne
397 1712 79 51 in
437 1712 79 51 eo
476 1712 118 51 cadat
542 1712 145 51 deceptio,

189 1754 75 40 &
219 1754 150 40 dixit:
324 1754 75 40 &
354 1754 105 40 non
414 1754 120 40 omne
489 1754 135 40 motum
564 1754 120 40 neces-

188 1791 80 54 se
228 1791 106 54 est,
294 1791 199 54 vtquiescat.
453 1791 93 54 &c.
506 1791 80 54 i.
546 1791 66 54 &
573 1791 93 54 non
612 1791 80 54 omne

190 1831 90 53 ens
241 1831 141 53 necesse
344 1831 90 53 est
395 1831 77 53 vt
433 1831 179 53 disponatur
574 1831 90 53 per
612 1831 77 53 quie

185 1877 113 37 tem,
255 1877 99 37 sed
312 1877 127 37 solum
397 1877 113 37 modo
467 1877 127 37 illa,
552 1877 99 37 que
594 1877 99 37 inna

714 181 81 44 ta
755 181 108 44 sunt
823 181 135 44 moueri
917 181 244 44 essentialiter.
1120 181 68 44 &
1134 181 81 44 ideo

716 218 144 47 dicimus
821 218 105 47 quod
886 218 144 47 corpora
991 218 184 47 quiescunt,
1135 218 66 47 &
1148 218 66 47 non

710 260 152 51 dicimus
821 260 111 51 quod
890 260 152 51 punctus
1001 260 97 51 est
1043 260 166 51 quiescens,

705 298 106 40 cum
766 298 106 40 non
826 298 106 40 sit
887 298 167 40 innatus
1008 298 167 40 moueri.
1130 298 76 40 &
1145 298 76 40 si-

709 335 126 43 milis
793 335 196 43 dispositio
947 335 98 43 est
1002 335 84 43 in
1044 335 154 43 omnibus
1142 335 70 43 ac-

709 378 207 40 cidentibus.
875 378 83 40 &,
916 378 96 40 cum
971 378 124 40 talis
1054 378 138 40 fuerit
1136 378 83 40 expo

708 416 145 42 sitio,
810 416 131 42 tunc,
897 416 102 42 cum
955 416 145 42 dixit:
1057 416 73 42 &
1086 416 102 42 non
1130 416 87 42 omne

711 452 163 46 motum,
825 452 195 46 intendit
971 452 81 46 &
1004 452 114 46 non
1069 452 130 46 omne
1134 452 81 46 ens

716 493 102 43 nisi
780 493 90 43 sit
831 493 115 43 error
908 493 77 43 in
946 493 128 43 libro.
1036 493 77 43 Et
1074 493 115 43 forte
1138 493 77 43 vult

707 533 222 41 notificare
882 533 143 41 modum
977 533 175 41 motarum
1088 533 127 41 rerum.

710 570 116 53 quae
782 570 188 53 recipiunt
927 570 130 53 motum
1013 570 203 53 quandoque,
1173 570 72 53 &

708 609 176 51 quietem
836 609 224 51 quandoque:
1011 609 80 51 &
1043 609 128 51 sunt
1107 609 112 51 mota,

718 653 100 52 quae
780 653 125 52 innata
867 653 100 52 sunt
930 653 125 52 carere
1017 653 112 52 motu.
1092 653 75 52 &,
1129 653 100 52 quod

713 686 93 44 u.
760 686 78 44 &
791 686 109 44 non
854 686 125 44 omne
932 686 140 44 motum
1025 686 171 44 necesse
1134 686 78 44 est

718 727 75 52 vt
756 727 163 52 quiescat,
881 727 88 52 sed
931 727 150 52 quiescit
1044 727 75 52 ex
1082 727 113 52 motis
1144 727 63 52 il-

710 765 119 53 lud,
784 765 119 53 quod
859 765 223 53 naturaliter
1037 765 134 53 habet
1126 765 119 53 moue
1185 765 45 53 i

712 806 95 52 ri,
766 806 68 52 &
793 806 122 52 caret
874 806 108 52 motu
941 806 108 52 apud
1009 806 162 52 quietem.
1130 806 68 52 &
1144 806 68 52 sic

709 842 144 48 innuit
809 842 115 48 quae
881 842 129 48 mota,
967 842 72 48 &
996 842 115 48 quae
1053 842 158 48 quiescen-

710 885 93 51 tia
763 885 106 51 sunt
829 885 80 51 in
869 885 160 51 tempore,
989 885 66 51 &
1016 885 106 51 quae
1082 885 93 51 non
1122 885 93 51 sunt.

710 932 113 42 mota
780 932 113 42 enim
851 932 141 42 semper
950 932 99 42 non
1006 932 113 42 sunt
1077 932 85 42 in
1105 932 99 42 tempo

712 962 92 41 re,
764 962 79 41 vt
804 962 132 41 orbis,
896 962 66 41 &
922 962 171 41 similiter
1041 962 171 41 quiescentia

708 1005 81 51 se
748 1005 121 51 mper,
829 1005 81 51 vt
869 1005 134 51 terra,
963 1005 94 51 cum
1017 1005 134 51 tempus
1111 1005 94 51 non
1151 1005 54 51 ex

712 1037 111 54 cedat
786 1037 111 54 ipsa.
860 1037 86 54 Et,
909 1037 86 54 cum
958 1037 148 54 narrauit
1069 1037 99 54 quod
1119 1037 86 54 quies

706 1080 215 56 mensuratur
875 1080 108 56 per
936 1080 169 56 tempus,
1060 1080 138 56 sicut
1136 1080 62 56 mo

706 1118 99 56 tus
762 1118 212 56 mensuratur:
932 1118 156 56 quoniam
1045 1118 141 56 modus,
1130 1118 71 56 que

709 1158 148 44 dicimus
816 1158 108 44 quod
883 1158 175 44 quiescens
1018 1158 94 44 est
1072 1158 81 44 in
1098 1158 108 44 tempo-

711 1194 100 49 re,
768 1194 100 49 est
825 1194 115 49 idem
897 1194 100 49 cum
954 1194 129 49 modo,
1040 1194 100 49 quo
1083 1194 129 49 dicimus

714 1242 101 53 quod
778 1242 114 53 motum
854 1242 89 53 est
904 1242 76 53 in
942 1242 152 53 tempore:
1056 1242 76 53 &,
1094 1242 101 53 quod
1145 1242 63 53 non

712 1277 170 52 sequitur
840 1277 85 52 vt
882 1277 128 52 omne,
968 1277 114 52 quod
1039 1277 99 52 est
1095 1277 85 52 in
1124 1277 85 52 tem-

705 1324 158 42 pore,
810 1324 123 42 sit
880 1324 175 42 motum,
985 1324 228 42 quemadmodum

714 1357 88 51 non
765 1357 152 51 sequitur
879 1357 76 51 vt
916 1357 126 51 illud,
1005 1357 101 51 quid
1068 1357 88 51 est
1119 1357 76 51 in
1144 1357 63 51 mo-

710 1399 98 48 tu,
766 1399 98 48 sit
822 1399 140 48 motum:
920 1399 112 48 immo
990 1399 140 48 illud,
1088 1399 112 48 quid
1144 1399 70 48 est

710 1436 73 49 in
746 1436 146 49 tempore,
856 1436 85 49 est
905 1436 146 49 remotius
1015 1436 73 49 ab
1051 1436 98 49 hoc,
1100 1436 110 49 quoniam

709 1473 159 49 tempus
820 1473 111 49 non
884 1473 111 49 est
947 1473 159 49 motus,
1058 1473 111 49 sed
1106 1473 111 49 nume-

710 1511 100 43 rus
767 1511 144 43 motus:
868 1511 86 43 &,
911 1511 100 43 cum
968 1511 100 43 sit
1025 1511 187 43 possibile
1155 1511 57 43 vt

710 1551 174 54 quiescens
843 1551 93 54 sit
897 1551 80 54 in
937 1551 120 54 moto,
1017 1551 147 54 dignius
1124 1551 93 54 est
1164 1551 53 54 vt

709 1591 199 43 inueiatur
862 1591 92 43 in
907 1591 153 43 numero
1014 1591 138 43 moti:
1106 1591 92 43 &,
1137 1591 76 43 cum

708 1636 140 48 uarrauit
813 1636 105 48 etiam
883 1636 93 48 quod
942 1636 187 48 quiescentia,
1093 1636 93 48 quae
1140 1636 70 48 sunt

712 1669 89 45 in
757 1669 177 45 tempore,
890 1669 118 45 sunt
964 1669 118 45 mota
1038 1669 118 45 quae
1097 1669 118 45 carent

704 1708 130 53 motu,
790 1708 173 53 incoepit
920 1708 217 53 demonstrare
1093 1708 87 53 ex
1122 1708 87 53 prae

712 1746 134 49 dictis,
809 1746 97 49 quod
870 1746 134 49 necesse
967 1746 85 49 est
1016 1746 73 49 ex
1053 1746 170 49 praedictis
1174 1746 49 49 vt

704 1789 142 55 tempus
803 1789 171 55 mensuret
931 1789 199 55 quiescens,
1088 1789 71 55 &
1102 1789 114 55 dixit:

711 1828 68 46 &
739 1828 123 46 sicut
821 1828 150 46 diximus
930 1828 178 46 superius,
1067 1828 96 46 &c.
1121 1828 82 46 i.
1162 1828 82 46 &,

707 1869 105 54 cum
767 1869 209 54 posuerimus
931 1869 149 54 illud,
1036 1869 120 54 quod
1095 1869 120 54 decla
