1416 2066
170 181 88 51 tur
221 181 164 51 superius.
347 181 101 51 D.d.
410 181 113 51 Illud
485 181 126 51 autem,
574 181 101 51 quod
624 181 63 51 au-

188 221 108 48 fert
255 221 229 48 impedimentum,
444 221 94 48 &c.
498 221 81 48 i.
538 221 67 48 &
565 221 162 48 intendit

186 258 102 48 quod
250 258 115 48 istud
327 258 89 48 est
378 258 128 48 mouens
467 258 89 48 per
518 258 153 48 accidens
633 258 89 48 non

189 295 239 52 essentialiter.
388 295 146 52 D.dedit
494 295 173 52 exemplum,
627 295 66 52 &
640 295 53 52 d.

187 338 90 50 v.g.
243 338 68 50 si
277 338 124 50 aliquis
367 338 102 50 homo,
435 338 79 50 &c.
480 338 68 50 i.
514 338 56 50 v
537 338 68 50 g.
571 338 68 50 si
593 338 102 50 aliquis

179 372 88 38 ho
223 372 147 38 aufert
327 372 177 38 columnam
459 372 236 38 sustentantem
636 372 59 38 po

188 410 107 51 dus,
255 410 107 51 tunc
322 410 107 51 ille
389 410 107 51 homo
456 410 147 51 mouebit
563 410 121 51 illud
630 410 67 51 pon

186 447 93 47 dus
239 447 80 47 ad
279 447 174 47 inferius,
413 447 67 47 &
439 447 120 47 cadet
519 447 120 47 illud
586 447 107 47 ponde-

191 485 101 39 rosum
258 485 67 39 ad
291 485 134 39 inferius
392 485 78 39 per
437 485 145 39 accidens.
549 485 56 39 &
560 485 123 39 similiter

187 519 121 52 quando
272 519 121 52 aufert
357 519 134 52 lapidem
454 519 134 52 positum
551 519 109 52 super
612 519 85 52 vtrem

183 557 163 37 inslatum,
309 557 100 37 ille
372 557 100 37 homo
434 557 138 37 dicitur
535 557 126 37 mouere
610 557 88 37 illum

191 604 110 40 vtrem
264 604 86 40 per
313 604 159 40 accidens.
436 604 61 40 &
460 604 135 40 dicitur
558 604 123 40 mouere
632 604 61 40 per

182 641 163 33 accidens,
308 641 100 33 quia
371 641 100 33 ista
433 641 151 33 potentia
546 641 88 33 est
584 641 113 33 violen-

182 670 81 51 ta,
229 670 140 51 scilicet
334 670 140 51 potentia
438 670 151 51 impedita.
554 670 93 51 D.d.
601 670 93 51 quemad

191 708 116 50 modum
268 708 116 50 pila,
346 708 90 50 &c.
397 708 77 50 i.
436 708 206 50 quemadmodum,
591 708 103 50 quando

186 755 199 38 proiiciens
342 755 170 38 proiecit
470 755 128 38 pilam
555 755 85 38 ad
584 755 99 38 parie

188 783 85 50 tem,
242 783 53 50 &
263 783 160 50 reffectitur
391 783 64 50 ab
423 783 75 50 eo,
465 783 75 50 non
508 783 117 50 dicitur
593 783 85 50 quod
636 783 53 50 pa-

190 820 103 46 ries
255 820 116 46 mouet
332 820 116 46 illam
409 820 103 46 illo
474 820 103 46 motu
538 820 142 46 ressexo
629 820 64 46 per

181 861 85 45 se,
230 861 85 45 sed
278 861 183 45 proliciens:
425 861 61 45 &
449 861 134 45 paries,
547 861 73 45 si
571 861 122 45 dicatur,

192 894 116 44 mouere,
277 894 116 44 dicitur
361 894 74 44 per
403 894 137 44 accidens.
508 894 53 44 &
529 894 74 44 ita
571 894 116 44 dicitur
644 894 53 44 il-

181 935 113 49 lud,
252 935 113 49 quod
323 935 142 49 aufert
422 935 241 49 impedimentum,
606 935 85 49 moue

186 974 71 44 re
222 974 130 44 lapidem
316 974 83 44 per
363 974 154 44 accidens:
481 974 59 44 &
505 974 94 44 quod
564 974 130 44 generat
647 974 47 44 ip

179 1010 117 41 sum,
252 1010 146 41 mouere
354 1010 131 41 ipsum
442 1010 233 41 eentialiter.
617 1010 73 41 Et,

185 1045 89 51 cum
236 1045 165 51 compleuit
363 1045 101 51 hanc
426 1045 228 51 declarationem,
603 1045 89 51 fecit

188 1093 256 29 rememorationem
401 1093 85 29 de
444 1093 114 29 hoc,
515 1093 71 29 &
543 1093 85 29 d.
571 1093 114 29 Decla-

188 1125 95 47 ratum
252 1125 74 47 est
294 1125 117 47 igitur,
379 1125 53 47 &
400 1125 64 47 c.
432 1125 64 47 i.
464 1125 148 47 declaratum
580 1125 74 47 est
612 1125 85 47 igitur

191 1164 101 35 quod
254 1164 126 35 nullum
342 1164 151 35 corporum
455 1164 176 35 simplicium
581 1164 113 35 natura-

194 1197 78 53 lium
243 1197 117 53 scilicet
331 1197 78 53 quod
379 1197 107 53 terrae,
457 1197 49 53 &
477 1197 88 53 ignis
535 1197 49 53 &
555 1197 136 53 caeterorum
652 1197 39 53 mo

189 1237 76 48 uet
233 1237 76 48 se,
276 1237 98 48 prper
342 1237 87 48 hoc,
396 1237 87 48 quod
451 1237 65 48 in
484 1237 65 48 eo
516 1237 76 48 est
549 1237 142 48 principium,

186 1271 98 46 quo
242 1271 140 46 moueat
340 1271 98 46 se,
396 1271 70 46 &
424 1271 98 46 hoc
465 1271 224 46 essentialiter,

170 1309 103 45 Inon
235 1309 245 45 accidentaliter,
441 1309 90 45 sed
493 1309 77 45 in
531 1309 77 45 eo
570 1309 90 45 est
609 1309 90 45 essen

194 1349 168 37 tialiter
320 1349 196 37 principium
473 1349 224 37 receptionis,
641 1349 56 37 vt

187 1383 176 44 moueatur
319 1383 88 44 ab
363 1383 220 44 extrinseco,
539 1383 103 44 non
583 1383 103 44 prin-

186 1428 139 38 cipium
283 1428 181 38 actionis,
423 1428 111 38 nisi
492 1428 97 38 per
534 1428 153 38 accidens,

237 1477 85 46 Si
279 1477 142 46 igitur
379 1477 142 46 omnia,
479 1477 114 46 quae
536 1477 156 46 mouentur,

189 1523 105 50 aut
249 1523 150 50 natura
354 1523 195 50 mouentur,
505 1523 105 50 aut
565 1523 135 50 peter
640 1523 60 50 na

197 1556 130 54 turam,
288 1556 65 54 &
314 1556 182 54 violentia:
457 1556 78 54 &,
496 1556 104 54 quae
561 1556 78 54 vi
600 1556 65 54 &
613 1556 78 54 prae

186 1598 116 44 ter
252 1598 182 44 naturam
384 1598 149 44 omnia
483 1598 83 44 a
516 1598 182 44 quodam,
648 1598 83 44 &

193 1652 76 30 ab
231 1652 115 30 alio:
308 1652 115 30 eorum
384 1652 127 30 autem,
473 1652 102 30 quae
537 1652 127 30 natura
614 1652 76 30 rur-

184 1682 128 47 sus,
264 1682 80 47 &
296 1682 128 47 quae
376 1682 80 47 a
408 1682 176 47 seipsis
520 1682 176 47 mouentur,

190 1720 82 53 ab
231 1720 137 53 aliquo
327 1720 178 53 mouentur,
464 1720 68 53 &
491 1720 109 53 quae
559 1720 96 53 non
614 1720 68 53 a
628 1720 68 53 se-

186 1766 141 44 ipsis,
284 1766 84 44 vt
327 1766 155 44 grauia,
439 1766 70 44 &
467 1766 127 44 leuia
551 1766 112 44 Caut
608 1766 84 44 enim

189 1812 83 38 ab
231 1812 97 38 eo,
286 1812 110 38 quid
355 1812 193 38 generauit,
507 1812 83 38 et
548 1812 124 38 fecit
617 1812 83 38 leue

717 181 106 51 aut
778 181 152 51 graue,
884 181 106 51 aut
945 181 91 51 ab
990 181 106 51 eo,
1051 181 122 51 quod
1112 181 106 51 impe-

716 221 170 46 dientia
839 221 77 46 &
870 221 232 46 prohibentia
1056 221 170 46 soluit:
1165 221 46 46 P

711 265 122 49 omnia
793 265 149 49 vtique,
901 265 108 49 quae
969 265 176 49 mouentur,
1104 265 81 49 ab
1131 265 81 49 ali-

708 302 124 47 quo
779 302 266 47 mouebuntur.
992 302 124 47 Hoc
1063 302 159 47 autem
1151 302 71 47 du

706 347 190 47 pliciter.
852 347 102 47 Aut
911 347 117 47 enim
984 347 102 47 non
1042 347 102 47 per
1086 347 131 47 seipsum

711 384 160 43 mouens,
828 384 102 43 sed
886 384 102 43 per
944 384 175 43 alterum,
1075 384 116 43 quod
1148 384 102 43 mo

707 436 110 38 uet
770 436 174 38 mouens,
897 436 110 38 aut
960 436 110 38 per
1023 436 189 38 seipsum.
1149 436 63 38 Et

705 469 120 37 hoc,
780 469 105 37 aut
840 469 150 37 primum
945 469 120 37 post
1021 469 180 37 vltimum,
1141 469 75 37 aut

713 509 109 46 per
776 509 156 46 plura.
885 509 93 46 vt
932 509 171 46 baculus
1056 509 140 46 mouet
1134 509 78 46 la-

708 556 188 42 pidem,
840 556 94 42 &
877 556 206 42 mouetur
1027 556 94 42 a
1065 556 150 42 manu
1140 556 75 42 mo

711 598 85 36 ta
753 598 85 36 ab
796 598 156 36 homine:
909 598 99 36 hic
966 598 128 36 autem
1051 598 99 36 non
1093 598 128 36 amplius

706 637 101 46 ex
757 637 118 46 eo,
824 637 135 46 quia
908 637 101 46 ab
959 637 135 46 alio
1026 637 185 46 moueatur.

715 668 162 57 vtraque
833 668 148 57 igitur
937 668 148 57 mouere
1040 668 177 57 dicimus,
1173 668 74 57 &

715 711 188 50 primum,
852 711 85 50 &
886 711 188 50 vltimum
1005 711 205 50 mouentium,

706 748 101 47 sed
763 748 130 47 magis
850 748 159 47 primum.
966 748 130 47 illed
1052 748 116 47 enim
1110 748 101 47 mouet

712 792 170 43 vltimum,
839 792 99 43 sed
896 792 99 43 non
953 792 99 43 hoc
1010 792 156 43 primum.
1123 792 71 43 &
1137 792 71 43 si-

704 830 93 43 ne
750 830 139 43 primo
843 830 155 43 quidem
951 830 170 43 vltimum
1075 830 108 43 non
1121 830 93 43 moue

707 871 117 43 bit,
781 871 132 43 illud
869 871 88 43 at
913 871 117 43 sine
986 871 117 43 hoc.
1060 871 88 43 vt
1089 871 132 43 baculus

704 913 116 41 non
771 913 182 41 mouebit
903 913 116 41 non
969 913 182 41 mouente
1085 913 132 41 homie.

747 957 109 53 Et,
810 957 109 53 cum
872 957 140 53 omnia
965 957 140 53 mota,
1058 957 109 53 aut
1105 957 109 53 mouen

712 1004 102 46 tur
771 1004 233 46 naturaliter,
960 1004 102 46 aut
1019 1004 131 46 extra
1092 1004 131 46 naturam

703 1053 85 45 &
737 1053 222 45 vtolente:
908 1053 85 45 &
942 1053 154 45 omnia
1044 1053 137 45 mota
1113 1053 102 45 vio-

702 1104 152 42 lente
803 1104 84 42 &
837 1104 152 42 extra
939 1104 203 42 naturam,
1074 1104 135 42 mouen-

703 1143 106 60 tur
763 1143 91 60 ab
809 1143 151 60 aliquo
914 1143 136 60 alio:
1005 1143 75 60 &
1035 1143 106 60 ea,
1095 1143 121 60 quae
1156 1143 60 60 mo

708 1189 154 61 uentur
816 1189 247 61 naturaliter,
1016 1189 77 61 &
1047 1189 93 61 ex
1094 1189 108 61 se,
1140 1189 77 61 mo-

707 1236 153 62 uentur
814 1236 92 62 ab
860 1236 153 62 aliquo
967 1236 153 62 etiam:
1073 1236 76 62 &
1089 1236 122 62 simili

704 1293 99 46 ter
760 1293 99 46 ea,
817 1293 113 46 quae
888 1293 99 46 non
944 1293 170 46 mouentur
1072 1293 85 46 ex
1114 1293 99 46 se,
1156 1293 57 46 vt

704 1341 159 50 grauia,
819 1341 87 50 et
863 1341 145 50 leuia,
964 1341 174 50 mouentur
1094 1341 101 50 aut
1138 1341 72 50 ex-

708 1379 291 59 transmutante,
948 1379 86 59 &
982 1379 171 59 agente
1085 1379 120 59 teue,

714 1436 106 51 aut
774 1436 151 51 graue,
880 1436 106 51 aut
941 1436 91 51 ex
986 1436 197 51 auferente
1122 1436 91 51 impe

702 1469 211 61 dimentum:
864 1469 179 61 necesse
994 1469 114 61 est
1059 1469 163 61 igitur
1157 1469 65 61 vt

714 1517 142 45 omnia
809 1517 126 45 mota
888 1517 190 45 moueatur
1030 1517 95 45 ab
1078 1517 142 45 alio.
1157 1517 63 45 Et

707 1565 112 45 hoc
771 1565 160 45 duobus
883 1565 160 45 modis.
995 1565 144 45 Motor
1091 1565 112 45 eni
1139 1565 80 45 aut

707 1612 108 63 non
768 1612 108 63 per
830 1612 93 63 se
877 1612 139 63 mouet
970 1612 155 63 motum,
1078 1612 108 63 sed
1124 1612 93 63 quia

712 1660 133 55 aliud
801 1660 133 55 mouet
890 1660 148 55 ipsum,
994 1660 104 55 aut
1053 1660 119 55 ita,
1127 1660 119 55 quod

718 1706 118 56 ipse
792 1706 147 56 moueat
895 1706 103 56 per
954 1706 103 56 se.
1013 1706 88 56 Et
1057 1706 118 56 iste
1116 1706 103 56 motor

709 1759 103 44 aut
768 1759 118 44 erit
842 1759 147 44 primum
945 1759 118 44 post
1019 1759 133 44 illud
1092 1759 118 44 aliud,

707 1798 114 60 aut
772 1798 130 60 erit
853 1798 163 60 medium
968 1798 130 60 plus
1049 1798 130 60 quam
1114 1798 98 60 vnu.
