1416 2066
175 180 205 52 gnitudinis,
339 180 109 52 quod
407 180 96 52 est
462 180 150 52 punctum
571 180 82 52 in
598 180 96 52 actu,

180 222 73 50 &
210 222 131 50 finis
297 222 146 50 motus.
399 222 146 50 puncta
501 222 146 50 autem,
603 222 116 50 quae

189 260 107 51 sunt
256 260 120 51 inter
336 260 201 51 principium,
496 260 67 51 &
523 260 120 51 finem
590 260 107 51 magni-

188 298 166 51 tudinis,
312 298 110 51 sunt
381 298 83 51 in
423 298 179 51 potentia:
561 298 97 51 cum
602 298 97 51 magni

186 338 93 51 tudo
245 338 152 51 diuidatur
361 338 140 51 secundum
466 338 93 51 illa
525 338 152 51 potentia,
630 338 58 51 non

179 373 81 46 in
220 373 122 46 actu.
301 373 149 46 punctus
410 373 135 46 autem,
504 373 95 46 qui
559 373 95 46 est
599 373 95 46 finis

185 412 223 52 magnitudinis,
369 412 92 52 est
421 412 79 52 in
461 412 118 52 actu,
539 412 66 52 &
566 412 92 52 est
605 412 92 52 finis

192 452 128 47 primi
277 452 142 47 motus,
377 452 71 47 &
405 452 199 47 principium
548 452 142 47 secundi,

191 487 77 44 v.
230 487 77 44 g.
268 487 115 44 finis
345 487 115 44 motus
422 487 77 44 ab
460 487 167 44 inferiori
588 487 77 44 ad
614 487 77 44 supe

176 526 126 52 rius,
260 526 70 52 &
288 526 196 52 principium
442 526 126 52 motus
525 526 70 52 a
539 526 154 52 superiori

190 565 80 37 ad
230 565 173 37 inferius.
362 565 106 37 D.d.
429 565 80 37 Et
468 565 173 37 similiter
601 565 93 37 est
641 565 53 37 de

190 601 148 41 motibus.
301 601 74 41 i.
338 601 62 41 &
363 601 87 41 hoc
412 601 136 41 necesse
511 601 87 41 est
560 601 74 41 in
585 601 99 41 omnibs

190 642 146 48 motibus
296 642 160 48 finitis.
416 642 106 48 D.d.
482 642 146 48 Necesse
589 642 93 48 est
629 642 66 48 igi

185 676 92 47 tur
237 676 79 47 vt
277 676 170 47 ressexum,
408 676 92 47 &c.
460 676 79 47 i.
499 676 183 47 manifestum
630 676 66 47 est

190 717 149 47 igitur,
299 717 81 47 ex
340 717 122 47 dando
421 717 136 47 causam
516 717 81 47 in
556 717 108 47 hoc,
611 717 81 47 quod

186 755 142 49 motum
281 755 205 49 describit
439 755 174 49 punctum
566 755 95 49 in
597 755 95 49 actu

185 794 134 48 super
275 794 253 48 magnitudinem,
483 794 75 48 &
513 794 104 48 est
558 794 134 48 magnitu

190 828 112 52 dinem
264 828 100 52 esse
327 828 137 52 finitam
427 828 75 52 in
464 828 112 52 actu,
539 828 100 52 quod
589 828 112 52 necesse

188 877 95 33 est
243 877 122 33 ipsum
324 877 190 33 quiescere.
474 877 82 33 In
514 877 149 33 sermone
610 877 82 33 enim

182 908 120 47 dedit
261 908 146 47 causam,
368 908 106 47 quod
434 908 120 47 causa
514 908 146 47 quietis
620 908 80 47 in
647 908 53 47 ex

188 949 129 45 tremo
274 949 230 45 magnitudinis
460 949 115 45 est,
532 949 115 45 quia
590 949 100 45 deser

189 980 94 38 bit
242 980 80 38 in
282 980 80 38 ea
323 980 147 38 punctum
430 980 80 38 in
470 980 121 38 actu,
550 980 94 38 hic
590 980 94 38 autem

191 1020 113 39 dedit
267 1020 126 39 causam
355 1020 75 39 in
392 1020 101 39 hoc,
455 1020 101 39 quod
518 1020 176 39 denscribit
644 1020 50 39 su

187 1056 109 47 per
249 1056 140 47 ipsum
342 1056 171 47 punctum
466 1056 93 47 in
512 1056 140 47 actu,
605 1056 78 47 &
621 1056 78 47 est

182 1100 226 43 magnitudinem
365 1100 141 43 rectam
464 1100 113 43 esse
535 1100 155 43 finitam
634 1100 56 43 in

181 1135 116 48 actu.
258 1135 77 48 Et
297 1135 103 48 ideo
361 1135 129 48 dixit:
451 1135 142 48 Necesse
554 1135 129 48 igitur
632 1135 64 48 est

183 1169 87 43 vt
227 1169 189 43 ressexum,
373 1169 102 43 &c.
431 1169 87 43 i.
475 1169 204 43 manifestum
620 1169 73 43 est

184 1205 138 45 ligitur
285 1205 88 45 hoc
335 1205 100 45 esse
398 1205 138 45 necesse
498 1205 75 45 in
536 1205 138 45 omnibus
624 1205 75 45 suis

183 1248 146 50 causis
286 1248 220 50 propinquis,
462 1248 73 50 &
491 1248 176 50 remotis.
608 1248 88 50 D.d.

191 1280 163 54 impossibile
322 1280 76 54 est
365 1280 109 54 igitur
442 1280 65 54 vt
474 1280 98 54 saper
540 1280 109 54 lineam
605 1280 87 54 rectam

186 1321 86 49 sit
235 1321 110 49 motus
308 1321 160 49 continuus
431 1321 160 49 aeternus.
554 1321 74 49 i.
579 1321 110 49 quoniam

180 1360 122 43 motus
262 1360 122 43 eius,
344 1360 109 43 quod
412 1360 150 43 mouetur
520 1360 122 43 super
588 1360 109 43 lineam

188 1397 147 50 rectam,
295 1397 94 50 est
348 1397 161 50 finitus.
469 1397 107 50 quia
536 1397 121 50 linea
603 1397 94 50 recta

185 1444 94 38 est
238 1444 148 38 finita,
346 1444 67 38 &
373 1444 162 38 refsexum
494 1444 162 38 quiescit
602 1444 94 38 inter

188 1474 149 49 motus:
292 1474 75 49 &
322 1474 119 49 quod
397 1474 179 49 quiescit
531 1474 89 49 in
576 1474 104 49 suo
620 1474 75 49 mo-

184 1509 100 45 tu,
241 1509 100 45 non
298 1509 157 45 mouetur
411 1509 185 45 continue.
554 1509 85 45 Et
596 1509 100 45 cum
639 1509 57 45 di

186 1552 104 49 xit,
251 1552 104 49 quod
316 1552 91 49 non
367 1552 142 49 oportet
471 1552 207 49 contradicere
626 1552 65 49 Se-

189 1589 101 38 nom
246 1589 101 38 per
304 1589 129 38 illam
390 1589 273 38 contradictionem
606 1589 86 38 prae

188 1625 115 41 dictam
268 1625 69 41 in
302 1625 115 41 Sexto,
383 1625 80 41 cum
429 1625 92 41 illa
486 1625 80 41 sit
532 1625 138 41 secundum
624 1625 69 41 ser-

185 1669 158 37 monem,
296 1669 111 37 non
359 1669 190 37 secundum
501 1669 126 37 rem,
565 1669 126 37 reuer-

188 1701 82 44 sus
235 1701 82 44 est
282 1701 71 44 ad
318 1701 153 44 narrandum
435 1701 94 44 quod
494 1701 141 44 secundum
600 1701 94 44 hunc
647 1701 47 44 mo

183 1740 82 51 dum
230 1740 175 51 dissoluitur
370 1740 94 51 illa
429 1740 152 51 quaestio.
546 1740 58 51 &
569 1740 82 51 est
616 1740 105 51 quod,

175 1778 107 40 dum
236 1778 138 40 motum
328 1778 184 40 mouetur,
466 1778 107 40 non
527 1778 169 40 diuidit
635 1778 61 40 ma

177 1815 182 51 gnitudinem
320 1815 78 51 in
359 1815 117 51 actu,
437 1815 156 51 scilicet
555 1815 117 51 super
620 1815 78 51 quam

714 180 144 55 mouetur.
822 180 96 55 D.d.
882 180 132 55 quoniam
978 180 120 55 illud,
1062 180 96 55 quod
1110 180 108 55 prtran-

710 220 80 51 sit
755 220 137 51 spatium,
858 220 126 51 necesse
949 220 91 51 est,
1006 220 80 51 &c.
1052 220 68 51 i.
1086 220 57 51 &
1109 220 103 51 quodo
1166 220 57 51 est

710 260 125 54 talis.
797 260 137 54 quoniam
897 260 112 54 omne,
972 260 100 54 quod
1034 260 175 54 pertransit
1159 260 62 54 spa

715 299 107 47 tium,
786 299 131 47 necesse
881 299 95 47 est,
941 299 71 47 vt
977 299 143 47 antequam
1072 299 154 47 pertranseat

712 338 114 40 torum
788 338 151 40 spatium,
902 338 139 40 perttam
1003 338 101 40 seat
1053 338 164 40 medietatem,

715 377 62 51 &
739 377 137 51 necesse
839 377 87 51 est
889 377 75 51 vt
927 377 150 51 antequae
1039 377 187 51 pertranseat
1176 377 50 51 il

714 412 95 51 lam
769 412 203 51 medietatem,
931 412 203 51 pertramseat
1080 412 135 51 medieta-

713 453 92 38 tem
765 453 131 38 illius
857 453 197 38 medietatis,
1015 453 66 38 &
1041 453 92 38 sic
1094 453 79 38 in
1120 453 105 38 infini

710 488 99 53 tum.
771 488 148 53 quoniam,
882 488 86 53 cum
932 488 160 53 magnitudo
1055 488 160 53 diuiditur
1166 488 49 53 in

710 530 164 43 medietates
839 530 164 43 infinitas,
968 530 129 43 necesse
1061 530 82 43 est
1108 530 70 43 vt
1131 530 82 43 illd,

723 564 82 50 uod
770 564 141 50 ptransit
876 564 106 50 totam
947 564 200 50 magnitudinem,
1111 564 106 50 anque
1170 564 35 50 i

714 601 141 52 transeat
820 601 118 52 illam,
903 601 106 52 ptram
974 601 94 52 seat
1032 601 177 52 magnitudies
1174 601 71 52 in

711 640 143 51 finitas.
818 640 71 51 &,
854 640 83 51 cum
901 640 83 51 ita
949 640 95 51 sit,
1008 640 143 51 contiget
1115 640 71 51 vt
1139 640 83 51 motum

710 678 112 52 ptram
784 678 99 52 seat
846 678 74 52 in
883 678 99 52 tpre
945 678 124 52 finito
1032 678 186 52 magnitudies
1168 678 50 52 in

719 724 124 46 finitas,
812 724 83 46 quod
863 724 72 46 est
904 724 155 46 ipossibile.
1028 724 83 46 D.d.
1080 724 72 46 Aut
1121 724 83 46 quod
1162 724 52 46 hoc

713 754 98 41 dicit
778 754 87 41 alio
832 754 98 41 modo.
898 754 76 41 &c.
941 754 65 41 i.
973 754 76 41 aut
1017 754 87 41 quod
1071 754 119 41 inducit
1147 754 65 41 quod

712 796 102 38 nem
771 796 117 38 alio
844 796 131 38 modo,
931 796 160 38 dicendo
1048 796 117 38 quod
1121 796 102 38 qui
1165 796 58 38 mo

713 831 120 51 uetur
793 831 93 51 per
846 831 147 51 aliquod
953 831 160 51 spatium,
1072 831 133 51 potest
1152 831 67 51 nu-

715 869 141 49 merare
814 869 198 49 medietatem
969 869 141 49 illius
1068 869 141 49 spatii
1152 869 71 49 al-

713 908 80 46 te
753 908 120 46 illud
832 908 160 46 spatium,
952 908 66 46 &
979 908 186 46 medietatem
1112 908 106 46 illius

712 946 210 42 medietatis
877 946 120 42 ante
952 946 135 42 aliam
1026 946 195 42 medietatem,

706 983 70 42 &
734 983 98 42 sic
790 983 84 42 in
832 983 195 42 infinitum.
985 983 84 42 ex
1027 983 98 42 quo
1069 983 153 42 contingit

717 1020 111 50 quod,
791 1020 74 50 si
828 1020 136 50 aliquis
927 1020 99 50 homo
988 1020 222 50 pertransiuerit
1161 1020 62 50 per

702 1058 174 52 aliquod
829 1058 190 52 sparium,
972 1058 95 52 vt
1019 1058 174 52 numeret
1130 1058 95 52 nume

709 1096 86 50 ros
758 1096 173 50 infinitos.
894 1096 99 50 quod
956 1096 86 50 est
1005 1096 198 50 impossibile.
1153 1096 62 50 Et,

709 1140 104 38 cum
769 1140 149 38 dixit,
873 1140 89 38 vt
918 1140 164 38 numeret
1022 1140 194 38 medietates,

711 1173 119 45 vnam
786 1173 119 45 post
860 1173 149 45 aliam,
964 1173 179 45 intendit
1083 1173 134 45 numera-

708 1209 86 41 re
751 1209 214 41 medietates,
922 1209 114 41 quae
993 1209 229 41 consequuntur
1165 1209 57 41 se

711 1253 209 37 adinuicem,
875 1253 134 37 sicut
965 1253 179 37 numerans
1084 1253 134 37 numerat

714 1286 178 48 vnitates,
851 1286 109 48 quae
919 1286 219 48 consequuntur
1097 1286 82 48 se
1124 1286 96 48 adin-

710 1321 126 41 uicem.
799 1321 101 41 sed,
862 1321 101 41 quia
925 1321 177 41 medietates
1064 1321 101 41 sunt
1114 1321 101 41 infini

708 1359 115 52 tae,
780 1359 173 52 sequitur
909 1359 173 52 numerare
1038 1359 158 52 numeros
1153 1359 86 52 in

713 1396 143 53 finitos,
821 1396 60 53 &
845 1396 96 53 iste
904 1396 108 53 modus
976 1396 167 53 impossibis
1107 1396 84 53 est
1143 1396 84 53 alius

710 1439 66 47 a
736 1439 185 47 praedicto,
882 1439 66 47 &
908 1439 93 47 est
961 1439 212 47 manifestior,
1134 1439 66 47 &
1147 1439 66 47 non

719 1477 130 37 otest
805 1477 202 37 contradici
964 1477 173 37 secundum
1079 1477 144 37 sermonem

711 1512 106 50 per
772 1512 289 50 contradictionem
1015 1512 152 50 dictam
1122 1512 91 50 in
1152 1512 76 50 Sex

709 1549 76 45 to.
752 1549 97 45 illic
817 1549 87 45 enim
872 1549 87 45 fuit
926 1549 108 45 dictum
1001 1549 97 45 quod,
1066 1549 65 45 si
1088 1549 130 45 pertransit

708 1589 197 37 medietates
863 1589 197 37 infinitas,
1018 1589 155 37 necesse
1130 1589 99 37 est
1173 1589 56 37 vt

707 1626 181 49 ptranseat
847 1626 98 49 eas
902 1626 84 49 in
944 1626 98 49 tem
1000 1626 153 49 poribus
1098 1626 126 49 infini-

711 1664 107 50 tis.
778 1664 94 50 Et,
831 1664 94 50 cum
885 1664 134 50 posuit
979 1664 107 50 hanc
1032 1664 188 50 quaestionem,

712 1703 161 43 incoepit
832 1703 188 43 dissoluere
979 1703 107 43 eam,
1046 1703 67 43 &
1060 1703 107 43 dixit:

726 1772 102 46 In
777 1772 170 46 primis
896 1772 136 46 ergo
981 1772 102 46 de
1032 1772 136 46 motu
1100 1772 119 46 sermo

710 1826 155 42 nibus
813 1826 259 42 soluebamus,
1020 1826 138 42 quia
1089 1826 138 42 tempus
