1416 2066
146 156 126 59 neque
230 156 84 59 in
272 156 210 59 quantitate,
440 156 126 59 neque
524 156 84 59 in
552 156 112 59 quali-

160 200 117 50 tate,
238 200 117 50 neque
316 200 78 50 in
355 200 104 50 vbi,
420 200 91 50 vel
472 200 78 50 in
511 200 156 50 reliquis
615 200 52 50 p-

159 239 229 43 dicamentis.
342 239 137 43 entia
434 239 137 43 autem
510 239 168 43 indiuidua

157 276 89 46 in
202 276 119 46 actu
276 276 193 46 quiescunt
425 276 163 46 quidem.
528 276 149 46 putabant

172 315 108 55 gitur
244 315 108 55 quod,
317 315 84 55 cum
365 315 84 55 non
413 315 84 55 sit
461 315 84 55 ens
509 315 72 55 in
545 315 108 55 actu,
606 315 72 55 erit

160 357 209 49 priuatio:
321 357 129 49 quia
401 357 112 49 non
465 357 145 49 datur
545 357 129 49 medium

156 404 111 43 apud
225 404 97 43 eos
281 404 125 43 inter
364 404 97 43 ens
419 404 83 43 in
461 404 125 43 actu,
544 404 69 43 &
557 404 111 43 priua-

163 436 149 53 tionem.
272 436 81 53 Si
312 436 108 53 ergo
380 436 95 53 est
434 436 176 53 priuatio,
569 436 95 53 non
609 436 68 53 ha-

160 475 106 40 bet
220 475 257 40 definitionem:
432 475 76 40 &
462 475 121 40 ideo
523 475 151 40 dicebant

163 513 103 45 quod
228 513 90 45 est
279 513 155 45 alietas,
395 513 64 45 &
421 513 103 45 quid
485 513 90 45 non
524 513 142 45 existens,

162 552 71 43 &
190 552 100 43 non
247 552 114 43 ens.
319 552 114 43 erat
390 552 128 43 autem
475 552 114 43 apud
547 552 100 43 eos
589 552 86 43 dif-

172 591 134 43 ficile
265 591 107 43 dare
332 591 80 43 ei
372 591 227 43 definitionem,
559 591 94 43 cum
599 591 67 43 nen

170 631 155 51 possint
283 631 99 51 eum
339 631 141 51 ponere
438 631 85 51 in
480 631 113 51 ipso
551 631 127 51 actu,
622 631 56 51 ne

168 669 108 43 que
229 669 92 43 in
275 669 231 43 priuatione,
460 669 123 43 quia
522 669 154 43 videbant

170 708 118 48 ipsum
249 708 105 48 esse
315 708 158 48 aliquid,
433 708 66 48 &
459 708 105 48 quod
525 708 158 48 differat
631 708 39 48 a

175 749 195 41 priuatione.
331 749 65 41 &
357 749 104 41 ideo
422 749 156 41 dicendum
539 749 104 41 est,
591 749 78 41 quod

171 785 123 52 licet
253 785 96 52 sit
308 785 191 52 manifestum
458 785 82 52 ex
499 785 82 52 se
540 785 123 52 ipsum
609 785 68 52 es-

169 824 94 53 se
216 824 141 53 actum
310 824 251 53 imperfectum,
499 824 172 53 nihilomi-

165 862 96 44 nus
220 862 96 44 est
275 862 192 44 difficilis
426 862 261 44 apprehensionis,
632 862 41 44 &

164 909 235 45 conceptionis:
357 909 69 45 &
385 909 110 45 ideo
454 909 110 45 erat
523 909 97 45 res
565 909 110 45 diffi-

170 942 133 53 cilis
259 942 118 53 apud
318 942 163 53 Antiquos.

313 981 145 50 Caput
394 981 145 50 Sextum.

188 1020 114 46 CVm
253 1020 146 46 autem
350 1020 163 46 dictum
464 1020 114 46 sit
530 1020 81 46 a
546 1020 130 46 nobis,

229 1060 142 47 motum
324 1060 126 47 esse
403 1060 142 47 actum
497 1060 158 47 ipsius
592 1060 79 47 mo-

174 1098 127 49 bilis:
263 1098 76 49 ex
301 1098 89 49 hoc
352 1098 114 49 autem
428 1098 152 49 videatur
542 1098 114 49 sequi
605 1098 76 49 du

171 1134 122 44 bium
247 1134 183 44 quoddam,
384 1134 198 44 videlicet
536 1134 91 44 si
566 1134 107 44 pona-

168 1176 109 42 mus
231 1176 140 42 motum
324 1176 125 42 esse
402 1176 94 42 in
449 1176 125 42 ipso
527 1176 172 42 mobili,
636 1176 47 42 &

175 1221 113 37 non
239 1221 97 37 in
288 1221 177 37 motore:
417 1221 129 37 quod
498 1221 161 37 quidem
594 1221 81 37 du-

173 1253 125 56 bium
251 1253 156 56 dignum
360 1253 109 56 est
407 1253 265 56 consideratione,

180 1294 145 45 Dubium
281 1294 145 45 igitur
382 1294 116 45 tale
455 1294 116 45 est.
527 1294 87 45 Si
556 1294 116 45 mouens

160 1332 94 38 est
214 1332 121 38 aliud
294 1332 67 38 a
321 1332 148 38 mobili,
428 1332 67 38 &
455 1332 121 38 eorum
536 1332 121 38 actio
603 1332 67 38 si-

174 1373 105 37 mul
234 1373 105 37 est
294 1373 150 37 motus,
399 1373 135 37 vtrum
490 1373 135 37 eorum
565 1373 105 37 actio

180 1409 93 53 sit
233 1409 107 53 vna,
300 1409 93 53 vel
353 1409 120 53 duae.
433 1409 107 53 Qam,
500 1409 80 53 si
540 1409 120 53 actio
606 1409 67 53 mo-

178 1450 138 48 uentis
275 1450 97 48 est
330 1450 166 48 eademmet
454 1450 124 48 actio
537 1450 138 48 ipsius
620 1450 55 48 mo

178 1488 117 55 bilis,
260 1488 94 55 tunc
319 1488 164 55 sequeretur
448 1488 94 55 quod
506 1488 117 55 agens,
588 1488 59 55 &
600 1488 70 55 pas-

173 1529 92 42 sum
225 1529 132 42 essent
318 1529 118 42 idem,
397 1529 66 42 &
423 1529 145 42 docens,
528 1529 66 42 &
541 1529 132 42 discens.

172 1567 126 42 quod
251 1567 111 42 est
314 1567 205 42 absusdum.
473 1567 111 42 At,
536 1567 95 42 si
567 1567 111 42 eorum

186 1612 146 39 actiones
296 1612 98 39 sint
357 1612 159 39 diuersae,
479 1612 73 39 vt
515 1612 73 39 re
552 1612 98 39 vera
601 1612 85 39 videm

183 1645 91 41 tur
235 1645 117 41 esse,
313 1645 91 41 cum
366 1645 131 41 altera
457 1645 131 41 motio,
548 1645 131 41 altera
627 1645 52 41 ve

179 1685 83 53 io
221 1685 180 53 mobilitas
359 1685 207 53 nuncupetur,
525 1685 124 53 vtrum
594 1685 83 53 igi-

180 1725 97 53 tur
235 1725 110 53 ipsa
304 1725 124 53 motio
387 1725 152 53 existat
498 1725 83 53 in
539 1725 152 53 agente,
636 1725 41 53 &

180 1766 164 50 mobilitas
306 1766 75 50 in
344 1766 164 50 patiente,
470 1766 88 50 vel
520 1766 138 50 vtraque
608 1766 63 50 si-

180 1812 93 44 mul
233 1812 198 44 reperiantur
391 1812 106 44 siue
457 1812 79 44 in
497 1812 145 44 agente,
590 1812 79 44 siue

174 1844 83 54 in
216 1844 181 54 patiente.
355 1844 97 54 nam
411 1844 97 54 non
466 1844 97 54 est
522 1844 125 54 danda
592 1844 83 54 quar

690 156 81 62 ta
730 156 148 62 diuisio
837 156 121 62 super
918 156 94 62 has
972 156 108 62 tres
1039 156 202 62 diuisiones:

693 205 130 51 quoniam
788 205 119 51 dicere
871 205 95 51 quod
930 205 107 51 motio
1001 205 83 51 sit
1049 205 71 51 in
1073 205 130 51 patiente,

694 244 74 50 &
724 244 191 50 mobilitas
871 244 88 50 in
915 244 147 50 agente
1018 244 132 50 esset
1091 244 118 50 absur-

692 282 125 41 dum.
770 282 125 41 sed,
848 282 94 41 si
895 282 172 41 dicamus
1004 282 203 41 mobilitatem

689 325 116 48 esse
762 325 87 48 in
806 325 145 48 passo,
907 325 73 48 &
936 325 174 48 motionem
1067 325 87 48 in
1096 325 102 48 agen-

696 360 88 50 te,
746 360 75 50 ea
783 360 150 50 ratione,
896 360 88 50 qua
946 360 100 50 sunt
1008 360 100 50 duae
1071 360 100 50 res,
1121 360 88 50 idest

688 401 104 41 duo
747 401 148 41 motus,
851 401 119 41 tunc
925 401 163 41 alterum
1044 401 148 41 duorum
1133 401 74 41 se-

693 437 127 51 quetur,
786 437 150 51 videlicet
901 437 81 51 vel
947 437 92 51 quod
1005 437 92 51 omne
1063 437 115 51 mouens
1132 437 69 51 Test

695 476 152 46 mobile,
805 476 96 46 vel
861 476 110 46 quod
929 476 124 46 motus
1012 476 193 46 reperietur
1150 476 55 46 in

691 516 86 46 re
734 516 186 46 immobili,
877 516 86 46 &,
920 516 86 46 vt
963 516 129 46 semel
1049 516 143 46 dicam,
1135 516 72 46 se-

693 563 172 46 queretur
822 563 86 46 ex
865 563 100 46 hoc
922 563 86 46 vt
965 563 100 46 res
1023 563 158 46 moueret
1123 563 72 46 se-

695 592 151 50 ipsam.
801 592 136 50 Quod,
891 592 91 50 si
937 592 76 50 &
967 592 151 50 motio,
1073 592 76 50 &
1088 592 121 50 mobili

694 636 90 38 tas
746 636 128 38 essent
835 636 116 38 simul
913 636 141 38 vtraque
1015 636 77 38 in
1054 636 141 38 agente,
1144 636 64 38 aut

695 670 82 56 in
736 670 178 56 patiente,
873 670 109 56 tunc
941 670 191 56 sequeretur
1092 670 96 56 hoc
1133 670 68 56 in-

700 711 155 43 conueniens
821 711 133 43 scilicet
921 711 88 43 quod
976 711 99 43 actio
1042 711 122 43 propria
1120 711 77 43 alicu

696 747 86 39 ius
745 747 86 39 rei
794 747 86 39 non
843 747 110 39 esset
916 747 74 39 in
953 747 74 39 ea
990 747 86 39 re:
1039 747 61 39 &
1063 747 98 39 erit
1112 747 86 39 actio

693 789 146 54 ipsius
795 789 160 54 mobilis
912 789 87 54 in
956 789 116 54 ipso
1028 789 175 54 mouente,
1159 789 73 54 &

693 828 138 54 actio
785 828 185 54 mouentis
923 828 92 54 in
969 828 123 54 ipso
1046 828 169 54 mobili:
1154 828 46 54 &

692 868 96 38 sic
747 868 137 38 mobile
843 868 110 38 erit
911 868 137 38 moues,
1007 868 68 38 &
1035 868 137 38 mouens
1117 868 82 38 erit

691 906 150 40 mobile
796 906 180 40 respectu
931 906 180 40 eiusdem.
1066 906 120 40 quod
1126 906 75 40 est

694 943 199 43 absurdum.
847 943 92 43 Ad
892 943 122 43 haec
969 943 229 43 sequeretur,
1137 943 61 43 vt

692 985 87 49 in
736 985 174 49 eademmet
867 985 87 49 re
910 985 232 49 reperirentur
1099 985 102 49 duo
1143 985 58 49 mo

694 1021 101 53 tus
751 1021 129 53 varil
837 1021 144 53 simul.
938 1021 115 53 Quid
1010 1021 144 53 igitur
1096 1021 101 53 obse-

697 1061 109 37 ero
760 1061 140 37 erunt
853 1061 93 37 il
900 1061 109 37 duo
962 1061 155 37 motus?
1055 1061 140 37 Tandem,

698 1102 94 49 si
745 1102 172 49 ponamus
870 1102 187 49 vtrunque
1011 1102 141 49 motum
1089 1102 109 49 simul

691 1138 118 52 esse
765 1138 89 52 in
809 1138 177 52 mouente,
942 1138 118 52 tunc
1001 1138 192 52 sequeretur,

700 1178 80 49 p
732 1178 176 49 Tmobile
860 1178 112 49 non
924 1178 224 49 moueretur.
1101 1178 96 49 &,
1133 1178 64 49 si

699 1216 178 50 ponantur
833 1216 89 50 in
877 1216 119 50 ipso
951 1216 163 50 mobili,
1070 1216 119 50 tunc
1129 1216 59 50 se

700 1257 142 49 quetur
799 1257 113 49 quod
870 1257 85 49 Tn
913 1257 142 49 mouens
1012 1257 99 49 non
1054 1257 128 49 mouebit

696 1301 95 48 Hae
751 1301 136 48 igitur
846 1301 109 48 sunt
914 1301 245 48 difficultates,
1118 1301 68 48 &
1132 1301 54 48 am

697 1334 200 54 biguitates,
856 1334 106 54 quae
923 1334 186 54 insurgunt,
1069 1334 80 54 si
1096 1334 93 54 pona-

697 1372 92 51 mus
749 1372 92 51 has
802 1372 105 51 duas
868 1372 158 51 actiones
986 1372 105 51 esse
1039 1372 158 51 simperscus

698 1412 107 50 vnam,
770 1412 83 50 aut
817 1412 95 50 duas
877 1412 214 50 simpeisesitue,
1055 1412 60 50 &
1067 1412 131 50 absolute.

721 1452 99 50 Nos
777 1452 127 50 autem
862 1452 155 50 dicimus
975 1452 113 50 quod
1045 1452 127 50 eorum
1115 1452 99 50 actio

693 1492 102 52 est
752 1492 146 52 partim
854 1492 117 52 vna,
927 1492 146 52 partim
1014 1492 102 52 duae.

735 1533 96 37 Vna
790 1533 137 37 quidem
886 1533 150 37 ratione
995 1533 164 37 subiecti
1105 1533 109 37 eorum,

691 1580 122 37 quod
767 1580 168 37 vocatur
889 1580 153 37 motus,
996 1580 122 37 Duae
1073 1580 122 37 vero
1134 1580 61 37 in

698 1605 152 46 respectu.
815 1605 82 46 seu
862 1605 70 46 in
897 1605 164 46 relatione,
1026 1605 141 46 quoniam,
1132 1605 70 46 si
1155 1605 47 46 ca

703 1647 131 45 piatur
794 1647 91 45 id,
847 1647 104 45 quod
912 1647 144 45 vocatur
1016 1647 117 45 motus
1095 1647 91 45 per
1134 1647 65 45 se,

702 1685 102 52 erit
766 1685 128 52 quidem
856 1685 77 52 in
894 1685 102 52 ipso
958 1685 141 52 mobili,
1060 1685 102 52 sed,
1124 1685 77 52 si
1150 1685 51 52 re

694 1725 168 45 feratur
816 1725 92 45 ad
862 1725 168 45 mouens,
984 1725 198 45 vocabitur
1121 1725 76 45 Mo-

694 1765 106 45 tio,
760 1765 79 45 &,
800 1765 79 45 si
839 1765 79 45 ad
879 1765 132 45 mobile
972 1765 185 45 referatur,
1104 1765 93 45 voca-

688 1800 131 42 bitur
775 1800 203 42 Mobilitas:
934 1800 102 42 nam
992 1800 131 42 eadem
1079 1800 102 42 est
1123 1800 73 42 ra-

695 1840 91 53 tio
747 1840 130 53 huius,
838 1840 104 53 quae
903 1840 91 53 est
956 1840 182 53 reliquorum
1086 1840 104 53 respe
