1416 2066
173 173 110 56 quod
242 173 124 56 motus
325 173 138 56 habeat
422 173 152 56 inotum,
532 173 83 56 i.
560 173 138 56 indigeat

190 216 73 42 ad
226 216 85 42 hoc
275 216 97 42 quod
335 216 97 42 sit,
396 216 97 42 motu
456 216 194 42 praecedenti,
613 216 73 42 vt
638 216 60 42 ens

182 260 209 45 generatum
343 260 193 45 indigeat
487 260 129 45 motu
551 260 145 45 genera-

193 289 155 54 tionis,
306 289 70 54 &
334 289 211 54 impossibile
503 289 99 54 est
545 289 155 54 imaginari

185 330 89 39 vt
230 330 133 39 motus
318 330 148 39 habeat
421 330 148 39 motum,
525 330 118 39 nisi
584 330 118 39 altero

181 365 186 38 istorum
316 365 169 38 duorum
435 365 203 38 modorum,
570 365 118 38 incoe

192 401 99 45 pit
248 401 211 45 perserutari
417 401 85 45 de
460 401 127 45 prima
530 401 169 45 diuisione,

190 442 60 47 &
214 442 121 47 dixit:
299 442 85 47 Aut
347 442 97 47 ita,
407 442 97 47 quod
468 442 85 47 sit
516 442 169 47 subiectum,
637 442 60 47 &c.

188 477 87 38 in.
237 477 87 38 aut
287 477 100 38 ita,
349 477 100 38 quod
412 477 112 38 motus
486 477 87 38 sit
536 477 162 38 subiectum
648 477 50 38 mo

191 517 97 49 tui,
251 517 97 49 ita,
312 517 97 49 quod
372 517 133 49 dicatur
469 517 97 49 quod
530 517 109 49 motus
590 517 109 49 mouetur

188 550 99 52 per
245 550 128 52 motum
330 550 184 52 existetem
471 550 85 52 in
514 550 142 52 ipeso,
599 550 99 52 sicut

188 586 149 48 dicitur
297 586 108 48 quod
364 586 108 48 homo
432 586 162 48 mouetur,
553 586 108 48 quia
607 586 95 48 trans

194 626 158 50 mutatur
308 626 86 50 de
351 626 172 50 albedine
480 626 86 50 in
509 626 186 50 nigredinem,

189 662 95 44 aut
244 662 82 44 de
285 662 150 44 frigore
394 662 82 44 in
435 662 164 44 calorem,
558 662 95 44 aut
612 662 82 44 de
639 662 55 44 lo

188 708 86 30 co
231 708 86 30 in
274 708 143 30 locum,
374 708 100 30 aut
431 708 86 30 de
475 708 215 30 diminutione
647 708 86 30 in

182 737 225 50 augmentum,
359 737 112 50 aut
423 737 225 50 econuerso.
584 737 112 50 Dein-

193 772 67 39 de
226 772 112 39 dixit:
305 772 101 39 sicut
372 772 124 39 dicitur
462 772 67 39 in
496 772 101 39 motu,
563 772 67 39 i.
586 772 112 39 secundum

191 809 109 41 hunc
259 809 136 41 igitur
355 809 123 41 modum
436 809 163 41 dicitur,
559 809 109 41 quod
627 809 95 41 mo¬

197 848 98 51 tus
253 848 168 51 mouetur,
379 848 168 51 scilicet
505 848 112 51 quia
561 848 140 51 transmu-

191 887 147 36 tatur,
294 887 74 36 &
324 887 162 36 mouetur
442 887 103 36 per
501 887 133 36 alium
574 887 118 36 motum,

194 924 127 39 sicut
278 924 155 39 diximus
391 924 99 39 hoc
447 924 85 39 in
490 924 85 39 re
532 924 169 39 subiecta
645 924 56 39 mo

191 963 109 39 tui,
260 963 164 39 scilicet
382 963 123 39 ipsam
464 963 150 39 moueri.
573 963 109 39 D.d,
628 963 68 39 Sed

192 996 86 54 hoc
241 996 86 54 est
290 996 197 54 impossibile,
450 996 86 54 &c.
499 996 123 54 idest,
585 996 86 54 sed
622 996 74 54 hoc,

197 1036 111 47 quod
266 1036 124 47 motus
349 1036 97 47 sit
405 1036 180 47 subiectum
543 1036 138 47 motui,
626 1036 69 47 ma-

190 1073 175 52 nifestum
322 1073 102 52 est
380 1073 117 52 quod
453 1073 102 52 est
497 1073 190 52 impossibile

192 1111 147 44 quoniam,
302 1111 74 44 si
339 1111 110 44 motus
413 1111 110 44 esset
486 1111 160 44 subiectum
597 1111 98 44 motui,

193 1152 115 34 tunc
264 1152 129 34 motus
351 1152 187 34 reciperet
494 1152 144 34 motum,
595 1152 72 34 &
609 1152 86 34 quie

195 1196 100 42 tem.
257 1196 137 42 quoniam
357 1196 125 42 illud,
444 1196 100 42 quod
506 1196 137 42 innatum
606 1196 87 42 est
643 1196 50 42 mo

191 1227 121 48 ueri.
271 1227 148 48 innatum
379 1227 94 48 est
433 1227 188 48 quiescere:
581 1227 67 48 &
594 1227 108 48 impos-

194 1262 132 44 sibile
286 1262 92 44 est
339 1262 79 44 vt
378 1262 119 44 motus
458 1262 158 44 recipiat
563 1262 132 44 quietem,

174 1301 142 37 quoniam
277 1301 116 37 motus
355 1301 90 37 est
406 1301 181 37 contrarius
548 1301 142 37 quieti:
638 1301 52 37 ex

189 1336 88 53 hoc
240 1336 125 53 igitur
327 1336 138 53 apparet
428 1336 100 53 quod
490 1336 188 53 impossibile
628 1336 63 53 est

193 1381 81 36 vt
233 1381 81 36 in
274 1381 108 36 motu
341 1381 95 36 sit
395 1381 135 36 motus,
490 1381 162 36 scilicet
611 1381 81 36 vt
638 1381 54 36 mo

190 1412 100 38 tus
247 1412 100 38 sit
304 1412 186 38 subiectum
433 1412 114 38 motui.

235 1452 108 63 Aut
296 1452 92 63 ex
342 1452 108 63 eo,
404 1452 123 63 quia
481 1452 169 63 aliquod
588 1452 108 63 aliud

182 1503 231 43 subiectum
360 1503 107 43 ex
413 1503 231 43 mutatione
574 1503 125 43 muta-

188 1541 116 53 tur
255 1541 99 53 in
304 1541 182 53 alteram
436 1541 182 53 formam,
569 1541 99 53 vt
602 1541 99 53 homo

188 1581 93 54 ex
234 1581 232 54 aegritudine
419 1581 93 54 in
465 1581 216 54 sanitateme
620 1581 77 54 Sed

188 1629 107 37 neque
260 1629 84 37 hoc
307 1629 95 37 poss
367 1629 107 37 ibile
439 1629 95 37 est,
498 1629 95 37 nisi
558 1629 143 37 secundum
653 1629 48 37 ac

185 1662 182 42 eidens.
318 1662 116 42 hic
384 1662 133 42 enim
467 1662 149 42 motus
566 1662 99 42 ex
600 1662 99 42 alia

181 1700 152 47 forma
282 1700 101 47 in
333 1700 152 47 aliam
434 1700 185 47 mutatio
568 1700 135 47 est.
653 1700 84 47 &

182 1745 203 49 generatio
338 1745 156 49 etiam,
448 1745 140 49 atque
525 1745 172 49 corruptio

182 1789 234 37 similiter.
366 1789 150 37 verum
466 1789 117 37 hae
533 1789 167 37 quidem
633 1789 67 37 in

714 189 203 35 opposita
866 189 135 35 sic,
951 189 152 35 motus
1052 189 152 35 autem
1154 189 118 35 non

711 221 229 45 similiter.
890 221 147 45 Simul
988 221 163 45 igitur
1086 221 147 45 mutatur

712 261 98 52 ex
761 261 197 52 sanitate
908 261 98 52 in
957 261 279 52 aegritudinem,
1187 261 82 52 &

716 301 97 45 ex
764 301 113 45 hac
829 301 129 45 ipsa
909 301 209 45 mutatione
1070 301 97 45 in
1102 301 129 45 aliam.

718 343 215 51 Manifestum
887 343 138 51 autem
979 343 138 51 quod,
1071 343 108 51 cum
1117 343 108 51 aeger

719 383 159 43 fuerit,
834 383 159 43 mutatus
950 383 116 43 erit
1022 383 87 43 in
1051 383 174 43 quamlibet.

716 420 212 54 contingit.
883 420 121 54 enim
958 420 212 54 quiescere.
1125 420 91 54 Et
1155 420 76 54 am-

715 464 143 46 plius
811 464 112 46 non
874 464 96 46 ad
922 464 175 46 quamuis
1050 464 175 46 semper.
1177 464 80 46 &

714 505 137 49 illa
800 505 103 49 ex
851 505 172 49 quodam
971 505 103 49 in
1023 505 189 49 quoddam
1143 505 86 49 al-

722 548 153 38 terum.
829 548 138 38 Quare
920 548 92 38 et
966 548 183 38 opposita
1104 548 122 38 erit
1165 548 61 38 sa

711 593 146 34 natio,
814 593 103 34 sed
872 593 88 34 ex
916 593 103 34 eo,
975 593 117 34 quia
1048 593 176 34 accidit.
1165 593 59 34 vt

715 627 90 40 si
760 627 90 40 ex
805 627 240 40 recordatione
999 627 90 40 in
1029 627 195 40 obliuionem,

713 664 232 50 mutaretur.
896 664 199 50 quoniam,
1045 664 116 50 cui
1094 664 133 50 inest,

712 708 153 38 illud
814 708 204 38 mutatur,
967 708 221 38 aliquando
1121 708 102 38 qui-

709 748 117 38 dem
776 748 100 38 in
826 748 233 38 scientiam,
1009 748 217 38 aliquando
1159 748 67 38 ve

711 788 94 39 ro
758 788 94 39 in
790 788 188 39 sanitatem.

756 841 146 57 Alius
853 841 129 57 vero
934 841 146 57 modus
1031 841 129 57 est,
1112 841 97 57 vt
1144 841 81 57 sit

711 889 131 55 aliud
799 889 204 55 subiectum,
959 889 102 55 cui
1018 889 160 55 accidit
1120 889 102 55 trans

712 941 193 53 mutatio,
857 941 80 53 &
889 941 257 53 transferatur
1097 941 96 53 ad
1130 941 96 53 alia

711 981 167 61 formam,
832 981 91 61 v.
878 981 91 61 g.
923 981 121 61 homo
999 981 91 61 de
1030 981 197 61 aegritudine

720 1028 87 47 in
764 1028 203 47 sanitatem.
924 1028 87 47 Et
967 1028 102 47 hoc
1026 1028 131 47 etiam
1113 1028 102 47 non
1156 1028 73 47 est

717 1076 172 57 possibile
849 1076 79 57 in
889 1076 119 57 motu,
968 1076 106 57 nisi
1035 1076 93 57 per
1074 1076 146 57 accidens.

712 1120 106 59 ipse
778 1120 106 59 enim
844 1120 119 59 motus
923 1120 92 59 est
976 1120 185 59 transtatio
1121 1120 79 59 de
1148 1120 79 59 ali-

720 1169 94 60 quo
773 1169 81 60 in
813 1169 148 60 aliquid
921 1169 134 60 aliud,
1015 1169 174 60 generatio
1136 1169 81 60 enim

714 1213 80 62 et
754 1213 174 62 corruptio
887 1213 107 62 sunt
954 1213 134 62 tales,
1047 1213 147 62 praeter
1141 1213 80 62 hoc,

712 1260 115 62 quod
784 1260 130 62 motus
870 1260 86 62 ad
913 1260 187 62 opposita.
1057 1260 101 62 est
1115 1260 86 62 in
1144 1260 72 62 hoc

717 1309 149 60 quodam
821 1309 134 60 modo,
911 1309 74 60 &
940 1309 89 60 in
985 1309 104 60 hoc
1044 1309 119 60 alio
1119 1309 134 60 modo.

714 1357 270 62 Transmutatum
933 1357 169 62 igitur
1035 1357 185 62 transmuta

716 1412 99 50 tur
773 1412 85 50 de
815 1412 213 50 aegritudine
986 1412 85 50 in
1028 1412 199 50 sanitatem,
1170 1412 57 50 et

716 1449 104 54 cum
776 1449 104 54 hoc
835 1449 89 54 de
880 1449 104 54 hac
939 1449 268 54 transmutatione
1162 1449 89 54 in

716 1493 150 65 aliam.
821 1493 195 65 ianifestu
971 1493 105 65 est
1031 1493 165 65 igitur,
1136 1493 90 65 quod

713 1541 248 61 transmutatio
914 1541 140 61 eius,
1007 1541 109 61 cum
1069 1541 155 61 fuerit
1162 1541 62 61 ad

715 1588 238 63 aegritudinem,
911 1588 112 63 erit
981 1588 84 63 ad
1023 1588 154 63 aliquam
1121 1588 98 63 tranl

722 1637 212 65 nutationem,
891 1637 212 65 quaecunque,
1061 1637 113 65 sit.
1117 1637 113 65 quonia

713 1684 175 56 possibile
847 1684 94 56 est
901 1684 188 56 quiescere.
1049 1684 81 56 Et
1089 1684 108 56 etia
1143 1684 81 56 pos-

714 1732 149 57 sibile
818 1732 104 57 est
878 1732 89 57 vt
923 1732 149 57 semper
1012 1732 209 57 transmutetur

712 1779 92 63 no
758 1779 92 63 ad
804 1779 200 63 quamlibet
958 1779 292 63 transmutatione:
