1416 2066
188 180 96 53 ain
243 180 110 53 motu
312 180 110 53 enim
381 180 138 53 locali
477 180 96 53 non
532 180 151 53 apparet
628 180 83 53 com.

188 220 196 46 trarietas,
342 220 126 46 sicut
426 220 154 46 apparet
537 220 84 46 in
579 220 140 46 istis.
677 220 70 46 &

211 264 107 35 post
278 264 188 35 declarabit
425 264 107 35 hoc.
492 264 94 35 Et,
546 264 94 35 cum
586 264 134 35 narrauit

208 298 99 48 quod
270 298 198 48 transmutatio
430 298 74 48 in
468 298 111 48 istis
542 298 124 48 tribus
628 298 87 48 est
666 298 50 48 de

200 336 163 51 opposito
323 336 82 51 in
364 336 191 51 oppositum,
513 336 163 51 incoepit
622 336 82 51 dice

204 374 83 49 re
246 374 166 49 opposita
370 374 83 49 in
412 374 180 49 vnoquoque
551 374 139 49 eorum,
648 374 69 49 &
662 374 55 49 d.

212 413 62 51 v.
243 413 62 51 g.
274 413 113 51 quoniam
356 413 72 51 duo
397 413 134 51 terniini,
500 413 72 51 &c.
542 413 62 51 i.
573 413 62 51 v.
604 413 62 51 g.
624 413 93 51 quoniam

210 453 161 50 opposita
330 453 80 50 in
370 453 214 50 generationc,
545 453 67 50 &
558 453 161 50 corruptio-

205 494 98 36 ne,
261 494 112 36 quae
331 494 182 36 terminant
471 494 126 36 istos
555 494 112 36 duos
611 494 98 36 motus

205 526 98 44 sunt
266 526 111 44 esse,
340 526 61 44 &
365 526 86 44 non
414 526 111 44 esse.
487 526 160 44 Ceneratio
610 526 98 44 enim
660 526 61 44 est

209 563 78 51 de
248 563 91 51 non
300 563 104 51 esse
365 563 78 51 in
404 563 117 51 esse,
483 563 169 51 corruptio
613 563 104 51 vero
665 563 52 51 de

204 605 95 51 esse
264 605 72 51 in
300 605 84 51 non
347 605 107 51 esse.
419 605 60 51 &
443 605 84 51 non
490 605 167 51 intelligit
622 605 84 51 hic
657 605 60 51 per

209 640 66 53 non
246 640 84 53 esse,
302 640 66 53 non
340 640 75 53 esse
387 640 169 53 simpeilriciter
527 640 66 53 sed
565 640 66 53 non
602 640 75 53 esse
640 640 75 53 alicu-

205 677 79 54 ius
250 677 135 54 scilicet
351 677 79 54 non
396 677 90 54 esse
452 677 101 54 huius
519 677 146 54 generati,
631 677 79 54 vel
665 677 56 54 hu-

211 718 95 47 ius
266 718 176 47 corrupti.
401 718 108 47 D.d.
469 718 68 47 &
496 718 95 47 duo
550 718 149 47 termini
644 718 68 47 al-

205 757 177 39 terationis
345 757 101 39 sunt
408 757 89 39 duo
459 757 177 39 contraria,
598 757 76 39 i.
636 757 63 39 &
649 757 63 39 duo

206 794 140 40 termini
308 794 114 40 motus
384 794 203 40 alterationis
549 794 102 40 sunt
612 794 89 40 duo
651 794 63 40 com

210 832 127 41 traria,
303 832 92 41 iter
360 832 92 41 quae
418 832 81 41 fit
464 832 92 41 iste
521 832 115 41 motus.
602 832 69 41 vt
625 832 92 41 album,

204 869 65 53 &
230 869 129 53 nigrum
320 869 78 53 in
359 869 181 53 coloribus,
501 869 65 53 &
527 869 155 53 calidum,
643 869 65 53 &
656 869 65 53 fri

205 916 121 42 gidum
285 916 80 42 in
325 916 228 42 tangibilibus,
513 916 67 42 &
540 916 107 42 alia
593 916 121 42 contra-

207 951 88 35 lia
258 951 176 35 existentia
396 951 75 35 in
433 951 113 35 modis
508 951 138 35 istorum
596 951 113 35 motuum,

216 983 72 49 a
244 983 187 49 declarata
389 983 115 49 sunt
461 983 86 49 in
504 983 159 49 Septimo
605 983 115 49 istius

210 1021 121 54 libri.
295 1021 109 54 illic
367 1021 97 54 enim
428 1021 169 54 declarauit
561 1021 73 54 in
597 1021 85 54 quo
633 1021 85 54 gerne

208 1060 76 51 re
246 1060 178 51 qualitatum
386 1060 165 51 inuenitur
514 1060 102 51 iste
577 1060 127 51 motus.
653 1060 64 51 Et,

201 1107 90 42 cum
253 1107 142 42 induxit
356 1107 168 42 opposita,
485 1107 103 42 quae
549 1107 103 42 sunt
614 1107 77 42 in
640 1107 77 42 gene

208 1138 156 40 ratione,
325 1138 65 40 &
351 1138 208 40 corruptione,
520 1138 65 40 &
533 1138 182 40 alteratione,

209 1173 130 52 induxit
304 1173 107 52 etiam
375 1173 83 52 ea,
423 1173 95 52 quae
482 1173 95 52 sunt
541 1173 71 52 in
577 1173 95 52 motu
624 1173 95 52 quanti

207 1220 144 44 tatis,
307 1220 72 44 &
336 1220 86 44 d.
379 1220 72 44 &
408 1220 101 44 duo
466 1220 158 44 termini
566 1220 144 44 augmenti

213 1252 69 38 &
241 1252 236 38 diminutionis,
435 1252 97 38 &c.
491 1252 83 38 i.
532 1252 69 38 &
560 1252 97 38 duo
602 1252 111 38 termi-

187 1292 77 50 m
217 1292 185 50 oppositi
356 1292 201 50 augmento,
510 1292 77 50 &
526 1292 185 50 diminutio-

206 1326 82 51 ni
247 1326 109 51 sunt
315 1326 136 51 magnu,
410 1326 68 51 &
437 1326 149 51 paruum.
546 1326 82 51 Et
587 1326 95 51 est
628 1326 82 51 ita,

208 1364 109 38 sicut
281 1364 73 38 d.
317 1364 134 38 quoniam
414 1364 85 38 res
463 1364 158 38 naturales
585 1364 122 38 habent
657 1364 49 38 ma

207 1400 203 53 gnitudines
367 1400 218 53 terminatas.
542 1400 160 53 minimus
643 1400 73 53 igi

209 1441 95 41 tur
264 1441 108 41 homo
331 1441 95 41 est
386 1441 190 41 terminatus
521 1441 190 41 naturaliter,

210 1478 60 44 &
234 1478 156 44 similiter
354 1478 144 44 maximus.
462 1478 72 44 si
499 1478 96 44 enim
547 1478 168 44 magnitudines

207 1517 110 50 rerum
280 1517 86 50 non
329 1517 122 50 essent
415 1517 183 50 terminatae,
561 1517 98 50 tunc
610 1517 98 50 magni-

206 1553 133 51 tudines
303 1553 85 51 non
351 1553 145 51 haberent
460 1553 194 51 perfectionem
618 1553 97 51 quae
667 1553 48 51 si

205 1595 95 39 tam
259 1595 81 39 in
299 1595 135 39 natura
394 1595 95 39 per
448 1595 122 39 motum
529 1595 176 39 augmenti.
650 1595 54 39 ma

209 1629 131 52 nifestum
307 1629 76 52 est
351 1629 87 52 enim
405 1629 76 52 per
449 1629 76 52 se,
493 1629 131 52 quoniam,
591 1629 142 52 quemadmo

211 1668 84 51 dum
259 1668 84 51 non
307 1668 155 51 quaelibet
426 1668 108 51 actio
498 1668 84 51 fit
546 1668 84 51 per
582 1668 131 51 quamlibet

209 1716 153 34 qualitatem
329 1716 131 34 scilicet
428 1716 77 34 per
471 1716 142 34 quamlibet
581 1716 120 34 formam,
657 1716 55 34 ita

207 1745 85 42 est
255 1745 169 42 manifestum
388 1745 85 42 per
437 1745 73 42 se
473 1745 97 42 esse
534 1745 181 42 impossibile
667 1745 48 42 vt

203 1783 174 50 quaelibet
337 1783 121 50 actio
417 1783 134 50 entium
511 1783 94 50 sit
565 1783 94 50 per
605 1783 107 50 quamli

204 1825 107 49 bet
265 1825 261 49 magnitudinem:
480 1825 107 49 sed
526 1825 184 49 vnaquaeque

728 188 124 38 actio
811 188 165 38 actionum
935 188 193 38 propriarum
1087 188 165 38 cuilibet
1197 188 55 38 ex

735 229 77 47 ti
774 229 115 47 habet
850 229 179 47 qualitatem
991 229 166 47 propriam,
1118 229 64 47 &
1131 229 115 47 quanti-

734 263 122 49 tatem
816 263 176 49 propriam.
952 263 122 49 Sicut
1033 263 136 49 igitur
1128 263 122 49 actio
1196 263 54 49 ho

735 299 125 50 minis
818 299 97 50 non
874 299 111 50 pont
943 299 180 50 prouenire
1081 299 111 50 nisi
1150 299 69 50 a
1164 299 83 50 for-

740 336 67 43 ma
773 336 122 43 homins,
862 336 78 43 ita
907 336 167 43 impossibile
1040 336 78 43 est
1084 336 67 43 vt
1118 336 100 43 actio
1173 336 67 43 eius

734 376 203 48 proueniat,
893 376 116 48 nisi
966 376 73 48 a
995 376 102 48 sua
1038 376 203 48 magnitudine,

736 412 181 52 magnitudo
875 412 139 52 igitur
973 412 125 52 homis
1056 412 97 52 est
1098 412 153 52 terminata

734 448 227 50 naturaliter,
918 448 71 50 &
947 448 185 50 similiter
1089 448 99 50 sua
1131 448 114 50 forma,

736 487 58 54 &
760 487 152 54 similiter
877 487 70 54 in
912 487 152 54 vnaquaque
1029 487 105 54 rerum
1087 487 152 54 naturalium.

737 526 107 52 D.d.
804 526 94 52 aut
857 526 188 52 perfectio,
1005 526 94 52 aut
1058 526 174 52 diminutio
1179 526 67 52 ma-

734 568 216 42 vnitudinis.
906 568 86 42 i.
950 568 86 42 in
993 568 115 42 motu
1065 568 187 42 augmenti,
1209 568 72 42 &

733 611 214 44 diminutionis.
909 611 88 44 Et,
960 611 88 44 cum
1010 611 176 44 declarauit
1148 611 101 44 quod
1199 611 50 44 im

742 638 156 54 possibile
862 638 96 54 est,
922 638 96 54 quod
982 638 96 54 isti
1041 638 108 54 motus
1113 638 96 54 sint
1161 638 84 54 conti

736 678 83 44 nui,
788 678 125 44 aeterni,
881 678 125 44 secundum
974 678 83 44 quod
1026 678 83 44 sunt
1078 678 83 44 idem
1130 678 104 44 motus,
1192 678 52 44 cum

731 718 99 44 sint
793 718 74 44 de
830 718 161 44 contrario
954 718 74 44 in
991 718 186 44 contrarium,
1140 718 62 44 &
1165 718 74 44 de
1189 718 50 44 op

738 751 120 51 posito
822 751 72 51 in
858 751 168 51 oppositum,
990 751 60 51 &
1015 751 96 51 quod
1075 751 84 51 est
1123 751 108 51 tale,
1183 751 60 51 est

738 791 141 50 finitum,
844 791 59 50 &
867 791 82 50 pot
914 791 129 50 aliquis
1008 791 117 50 dicere
1090 791 117 50 forte,
1173 791 94 50 quod

739 830 182 52 continuatio
884 830 73 52 in
920 830 85 52 eis
969 830 85 52 est
1017 830 109 52 prper
1078 830 157 52 translatio-

733 869 97 51 nem
789 869 139 51 ipsius
886 869 111 51 moti
955 869 83 51 de
997 869 111 51 alio
1066 869 125 51 motu,
1150 869 83 51 in
1178 869 69 51 mo-

733 908 94 52 tum
786 908 174 52 oppositum
920 908 80 52 ei
960 908 80 52 in
1000 908 107 52 illo
1067 908 147 52 genere,
1161 908 80 52 ita,

730 947 92 46 quod
788 947 127 46 interim
881 947 81 46 non
927 947 81 46 sit
973 947 116 46 quies,
1054 947 69 46 v.
1089 947 69 46 g.
1123 947 69 46 vt
1147 947 92 46 altera

730 983 97 51 tum
786 983 166 51 moueatur
910 983 83 51 de
952 983 166 51 albedine
1077 983 83 51 in
1104 983 139 51 nigredi-

735 1020 102 54 nem,
799 1020 127 54 deinde
888 1020 76 54 de
926 1020 165 54 nigredine
1053 1020 76 54 in
1078 1020 153 54 albedinem,

734 1060 93 38 ita,
792 1060 93 38 quod
850 1060 81 38 non
897 1060 70 38 in
932 1060 104 38 medio
1001 1060 81 38 sit
1047 1060 116 38 quies,
1129 1060 58 38 &
1152 1060 81 38 sic
1187 1060 46 38 in

731 1097 158 49 infinitum,
855 1097 68 49 d.
888 1097 146 49 iundendo,
1001 1097 56 49 &
1023 1097 101 49 illa,
1091 1097 90 49 quae
1147 1097 90 49 sunt
1192 1097 45 49 in

737 1133 118 40 parte
815 1133 183 40 contrarias
959 1133 105 40 sunt
1025 1133 183 40 contraria.
1169 1133 78 40 i.
1195 1133 39 40 &

728 1174 96 50 non
783 1174 96 50 est
838 1174 165 50 dicendum
962 1174 110 50 quod
1031 1174 124 50 motus
1100 1174 138 50 oppositi

731 1213 139 37 istarum
833 1213 114 37 rerum
909 1213 101 37 sint
972 1213 165 37 continui.
1099 1213 114 37 motus
1162 1213 76 37 enim

734 1246 90 53 qui
786 1246 103 53 sunt
850 1246 77 53 ad
889 1246 129 53 partes
979 1246 181 53 oppositas,
1121 1246 103 53 sunt
1173 1246 64 53 op-

732 1286 138 49 positi.
833 1286 63 49 &
858 1286 150 49 intendit
971 1286 88 49 per
1021 1286 125 49 partes
1096 1286 138 49 oppositas

733 1332 158 42 contraria
854 1332 73 42 in
891 1332 194 42 alteratione.
1049 1332 97 42 D.d,
1110 1332 97 42 quod
1170 1332 85 42 non

734 1365 126 46 mouetur
825 1365 114 46 semper
905 1365 103 46 fuit,
974 1365 80 46 &c.
1020 1365 69 46 i.
1054 1365 57 46 &
1077 1365 103 46 omne,
1145 1365 92 46 quod
1191 1365 46 46 mo

728 1411 124 48 uetur
811 1411 124 48 motu,
894 1411 97 48 qui
949 1411 124 48 habet
1032 1411 207 48 principium,
1198 1411 69 48 &

731 1442 123 49 finem,
817 1442 62 49 &
841 1442 148 49 antequae
952 1442 148 49 mouebat,
1063 1442 98 49 erat
1124 1442 98 49 ens,
1174 1442 62 49 ne-

732 1478 111 52 cesse
806 1478 74 52 vt
843 1478 86 52 est
892 1478 148 52 moueatur
1003 1478 99 52 post
1064 1478 148 52 quietem,
1175 1478 86 52 non

737 1516 111 51 post
806 1516 138 51 motum,
903 1516 83 51 si
945 1516 124 51 prius
1028 1516 180 51 mouebatur
1152 1516 83 51 motu

732 1554 157 53 contrario
852 1554 181 53 posteriori.
997 1554 60 53 &
1021 1554 72 53 d.
1057 1554 84 53 hic
1105 1554 96 53 quod
1154 1554 84 53 omnis

729 1591 114 53 motus
806 1591 153 53 desinens
920 1591 89 53 non
971 1591 153 53 desinit,
1085 1591 102 53 nisi
1136 1591 102 53 quando

726 1629 167 55 aufertur
851 1629 167 55 potentia
976 1629 83 55 ab
1018 1629 97 55 eo,
1073 1629 83 55 in
1115 1629 97 55 quo
1157 1629 83 55 fuit

732 1674 200 41 transmutatio.
897 1674 59 41 &
920 1674 82 41 hoc
967 1674 106 41 erit,
1037 1674 117 41 quando
1120 1674 106 41 illud
1178 1674 59 41 est

731 1709 68 45 in
765 1709 102 45 actu.
833 1709 57 45 &
856 1709 102 45 omne,
924 1709 91 45 quod
981 1709 80 45 est
1026 1709 68 45 in
1060 1709 102 45 actu,
1129 1709 80 45 est
1163 1709 68 45 quie

730 1749 112 45 scens
804 1749 187 45 necessario:
953 1749 149 45 quoniam,
1065 1749 75 45 si
1090 1749 137 45 moueretun

726 1784 114 42 esset
802 1784 76 42 in
840 1784 164 42 potentia:
966 1784 76 42 &,
1004 1784 76 42 si
1042 1784 114 42 esset
1117 1784 76 42 in
1143 1784 88 42 poten

726 1820 110 54 tia,
795 1820 110 54 tunc
864 1820 124 54 motus
946 1820 96 54 non
1001 1820 192 54 finiretur.
1152 1820 110 54 quod
