1416 2066
149 181 110 53 aut
212 181 142 53 aliud
307 181 173 53 simile,
433 181 189 53 secundum
559 181 110 53 autem

167 233 269 65 comparationem
388 233 237 65 diuersatur.
562 233 111 65 sicut

163 283 179 63 Sopnistae
301 283 152 63 dicunt,
412 283 110 63 quod
481 283 166 63 Socrates
591 283 69 63 di-

157 332 199 55 uersatur,
310 332 107 55 cum
371 332 153 55 fuerit
479 332 92 55 in
525 332 138 55 domo,
617 332 77 55 &

163 381 105 61 cum
223 381 151 61 fuerit
329 381 90 61 in
374 381 136 61 foro:
464 381 166 61 quoniam
570 381 105 61 ipsum

163 429 105 63 esse
229 429 79 63 in
268 429 118 63 locis
347 429 158 63 diuersis
465 429 118 63 facit
531 429 145 63 diuersita

158 476 117 62 tem.
231 476 88 62 Et
275 476 146 62 instas
377 476 175 62 sequitur
494 476 175 62 translatu,

167 533 136 53 sicut
258 533 152 53 tempus
364 533 182 53 sequitur
500 533 152 53 motum.
591 533 76 53 quo

162 567 128 73 niam
242 567 112 73 per
306 567 224 73 translatum
467 567 208 73 cognoscimus

159 624 150 68 prius,
264 624 75 68 &
294 624 195 68 posterius
444 624 90 68 in
489 624 135 68 motu,
579 624 75 68 &
594 624 75 68 fe-

164 673 163 50 cundum
278 673 130 50 quod
359 673 163 50 prius,
473 673 82 50 &
490 673 179 50 posterius

167 724 113 60 sunt
237 724 198 60 numeratum,
393 724 99 60 est
449 724 169 60 instans.
576 724 85 60 Et
604 724 71 60 si-

160 769 166 58 militer
281 769 151 58 etiam,
387 769 181 58 secundum
523 769 121 58 quod
598 769 106 58 in¬

165 817 127 62 stans
250 817 99 62 est
306 817 85 62 in
348 817 141 62 aliqua
447 817 127 62 hora,
532 817 99 62 est
574 817 99 62 idem.

163 869 173 62 quoniam
289 869 157 62 prius,
399 869 79 62 &
431 869 205 62 posterius
573 869 94 62 sunt

158 916 86 63 in
201 916 129 63 motu.
287 916 86 63 in
330 916 115 63 esse
402 916 115 63 vero
459 916 201 63 diuersantur,

160 964 188 63 quoniam,
301 964 188 63 secundum
442 964 125 63 quod
520 964 157 63 prius,
614 964 63 63 et

158 1012 195 62 posterius
308 1012 105 62 est
368 1012 210 62 numeratum,
534 1012 105 62 est
594 1012 105 62 in¬

160 1060 149 63 stans.
265 1060 75 63 &
295 1060 105 63 hoc
354 1060 164 63 proprie
474 1060 105 63 est
534 1060 134 63 magis
608 1060 60 63 co

156 1110 154 63 gnitum.
268 1110 140 63 motus.
366 1110 112 63 enim
436 1110 210 63 cognoscitur
604 1110 98 63 per

156 1144 106 67 rem
216 1144 152 67 motam,
323 1144 91 67 et
368 1144 212 67 transtatio
535 1144 106 67 per
580 1144 91 67 tral

157 1205 172 64 latum.
277 1205 190 64 quoniam
415 1205 241 64 transtatum
588 1205 86 64 est

156 1252 187 55 aliquod
292 1252 290 55 demonstratum,
531 1252 85 55 &
548 1252 119 55 motus

158 1305 103 65 non
217 1305 103 65 est
276 1305 118 65 ita.
349 1305 147 65 instas
452 1305 147 65 igitur
541 1305 132 65 quodam-

147 1356 141 62 modo
235 1356 123 62 est
306 1356 158 62 quasi
411 1356 141 62 idem
499 1356 176 62 semper
604 1356 53 62 &

158 1405 157 62 quodam
268 1405 126 62 modo
347 1405 110 62 non
410 1405 110 62 est
473 1405 142 62 quasi
552 1405 110 62 idem.

163 1453 169 62 quoniam
286 1453 215 62 transtatum
454 1453 108 62 est
501 1453 108 62 tale.

199 1516 123 53 Vult
275 1516 108 53 hic
337 1516 215 53 dissoluere
491 1516 184 53 questionem

160 1560 150 50 dictam
265 1560 90 50 de
310 1560 195 50 instanui,
461 1560 180 50 dicentem
581 1560 90 50 quo-

165 1596 111 47 modo
235 1596 153 47 dicitur
346 1596 153 47 instans
457 1596 111 47 esse
526 1596 125 47 vnum,
596 1596 69 47 aut

160 1635 141 54 plura,
258 1635 70 54 &
286 1635 84 54 d.
329 1635 84 54 Et
371 1635 155 54 Instans
483 1635 169 54 mensurat
596 1635 70 54 tem

165 1676 103 46 pus,
229 1676 90 46 &c.
281 1676 77 46 i.
320 1676 64 46 &
345 1676 142 46 instans
448 1676 90 46 est
500 1676 116 46 causa
577 1676 77 46 in
603 1676 64 46 men

165 1722 170 44 suratione
296 1722 170 44 temporis:
427 1722 144 44 quoniam
532 1722 144 44 diuidit
624 1722 52 44 mo

163 1752 93 55 tum
216 1752 80 55 in
256 1752 133 55 prius,
349 1752 66 55 &
375 1752 186 55 posterius.
522 1752 66 55 &
548 1752 106 55 haec
602 1752 66 55 est

163 1792 119 42 diuisio
250 1792 108 42 ipsius
325 1792 140 42 temporis,
433 1792 130 42 scilicet
531 1792 130 42 quoniam,
617 1792 54 42 cum

165 1830 219 54 diuiserimus
340 1830 146 54 tempus
442 1830 102 54 per
486 1830 175 54 instantia,

160 1877 150 37 accidet
270 1877 82 37 in
310 1877 82 37 eo
351 1877 136 37 prius,
447 1877 68 37 &
474 1877 191 37 posterius.
611 1877 68 37 Cau

685 178 87 56 sa
729 178 146 56 igitur
831 178 87 56 in
875 178 233 56 mensuratione
1049 178 146 56 temporis

682 220 115 51 est
747 220 197 51 instans:
895 220 246 51 quemadmodum
1075 220 115 51 causa

685 261 86 52 in
728 261 228 52 mensuratione
913 261 143 52 lineae
1013 261 114 52 sunt
1070 261 128 52 puncta.

702 301 103 38 D.d.
766 301 77 38 Et
805 301 116 38 potes
882 301 141 38 dicere,
985 301 90 38 &c.
1036 301 77 38 i.
1075 301 64 38 &
1087 301 116 38 instans

686 339 231 52 quodammodo
868 339 116 52 est
934 339 149 52 idem,
1034 339 83 52 &
1050 339 149 52 quodam-

688 376 118 42 modo
762 376 191 42 diuersum.
909 376 74 42 &
938 376 118 42 ideo
997 376 206 42 dissoluitur,

694 418 137 54 quaestio
796 418 160 54 praedicta.
922 418 126 54 quoniam
1013 418 91 54 illa
1070 418 137 54 quaestio
1161 418 46 54 ac

687 459 107 48 cidit
759 459 71 48 ex
794 459 95 48 hoc,
854 459 95 48 quod
913 459 131 48 instans
1009 459 155 48 accipitur
1116 459 83 48 vnum,

687 501 98 48 aut
743 501 127 48 plura
828 501 225 48 simpliciter.
1010 501 98 48 cum
1066 501 141 48 igitur
1151 501 56 48 ac

692 536 174 53 cipitur
818 536 126 53 vnum
897 536 158 53 quodam
1008 536 142 53 modo,
1102 536 79 53 &
1118 536 79 53 plu

689 574 78 45 ra
728 574 105 45 alio
794 574 118 45 modo,
872 574 196 45 dissoluetur
1029 574 170 45 quaestio.
1147 574 52 45 D.

692 611 168 57 exposuit
818 611 126 57 istos
902 611 112 57 duos
973 611 140 57 modos,
1071 611 70 57 &
1085 611 112 57 dixit:

694 654 121 52 secundum
784 654 80 52 enim
835 654 80 52 quod
885 654 70 52 est
925 654 60 52 in
956 654 91 52 alio,
1016 654 50 52 &
1036 654 80 52 alio
1086 654 70 52 est
1117 654 80 52 diuer-

688 692 81 53 sum,
739 692 71 53 &c.
779 692 61 53 i.
810 692 112 53 quoniam
891 692 122 53 instans,
982 692 122 53 secundum
1073 692 81 53 quod
1114 692 91 53 accidit

690 732 78 39 ei
729 732 78 39 vt
768 732 91 39 sit
820 732 117 39 idem,
897 732 168 39 inuenitur
1027 732 78 39 in
1066 732 117 39 rebus
1130 732 65 39 di-

688 773 168 48 uersis,
810 773 92 48 vt
856 773 122 48 vnum
932 773 229 48 indiuiduum,
1100 773 92 48 quod

692 813 168 37 inuenitur
821 813 77 37 in
860 813 155 37 pluribus
976 813 116 37 locis
1053 813 90 37 est
1092 813 103 37 diuei-

687 847 110 43 sum,
756 847 83 43 vt
797 847 165 43 Socratem
921 847 110 43 esse
990 847 83 43 in
1032 847 124 43 foro,
1101 847 96 43 aliud

690 889 92 45 est
743 889 79 45 ab
782 889 106 45 ipso
848 889 106 45 esse
914 889 79 45 in
954 889 119 45 domo.
1033 889 106 45 D.d.
1099 889 66 45 &
1112 889 79 45 haec

685 928 90 42 est
736 928 115 42 ratio
813 928 179 42 instantis,
954 928 77 42 i,
993 928 64 42 &
1019 928 128 42 natura
1095 928 103 42 instan

692 968 75 53 tis
735 968 75 53 est
778 968 64 53 in
810 968 171 53 diuersitate.
949 968 118 53 quoniam
1035 968 129 53 secundum
1121 968 64 53 nume

687 1007 141 43 ratum,
786 1007 85 43 in
828 1007 99 43 quo
884 1007 113 43 est,
955 1007 155 43 ratione
1068 1007 99 43 est
1110 1007 85 43 nume

686 1046 136 37 ratum,
782 1046 68 37 &
809 1046 163 37 secundum
931 1046 177 37 subiectum
1067 1046 95 37 est
1108 1046 82 37 idem

691 1083 90 53 D.d.
747 1083 134 53 secundum
848 1083 90 53 vero
904 1083 90 53 quod
960 1083 123 53 instans
1049 1083 78 53 est
1094 1083 67 53 in
1117 1083 78 53 eodem

693 1124 144 39 subiecto
801 1124 84 39 est
849 1124 108 39 idem,
921 1124 72 39 i.
957 1124 144 39 secundum
1053 1124 144 39 subiectum.

692 1165 67 45 &
718 1165 121 45 dixit
799 1165 80 45 in
839 1165 134 45 aliqua
933 1165 121 45 hora,
1013 1165 80 45 in
1054 1165 107 45 loco
1107 1165 94 45 eius,

697 1201 106 49 quod
763 1201 93 49 est
816 1201 80 49 in
856 1201 173 49 subiecto,
989 1201 119 49 sicut
1068 1201 119 49 fecit
1148 1201 80 49 in

692 1244 152 46 priori,
802 1244 69 46 &
830 1244 207 46 posteriori,
995 1244 110 46 quia
1050 1244 152 46 subiectum

687 1280 103 45 est
746 1280 88 45 in
790 1280 147 45 aliqua
893 1280 132 45 hora.
981 1280 73 45 &
1010 1280 132 45 quasi
1084 1280 117 45 dicat,

692 1321 141 50 secundum
798 1321 106 50 autem
869 1321 94 50 quod
928 1321 83 50 est
975 1321 71 50 in
1010 1321 118 50 aliquo
1093 1321 94 50 vno,
1140 1321 59 50 est

693 1357 116 45 vnum,
770 1357 103 45 quia
835 1357 90 45 est
887 1357 77 45 in
925 1357 142 45 aliquo,
1028 1357 64 45 &
1054 1357 90 45 est
1106 1357 77 45 in
1132 1357 64 45 vna

685 1397 126 53 hora,
769 1397 70 53 &
797 1397 196 53 translatum
951 1397 98 53 est
1006 1397 126 53 idem.
1090 1397 70 53 &
1104 1397 98 53 expo-

692 1436 112 47 sitio
766 1436 112 47 debet
841 1436 100 47 esse
904 1436 125 47 talis,
991 1436 100 47 quia
1053 1436 137 47 instans
1141 1436 62 47 non

692 1477 102 53 est
750 1477 87 53 in
793 1477 145 53 aliqua
895 1477 131 53 hora.
982 1477 87 53 Et
1025 1477 131 53 sermo
1098 1477 102 53 compo

688 1516 123 53 nitur
770 1516 109 53 sic.
838 1516 150 53 Instans
947 1516 95 53 est
1002 1516 82 53 in
1043 1516 136 53 aliquo
1124 1516 82 53 exi-

685 1556 134 51 stente
779 1556 81 51 in
819 1556 256 51 dispositionibus
1034 1556 175 51 diuersis:
1169 1556 67 51 &

692 1600 93 42 quod
750 1600 81 42 est
797 1600 104 42 tale,
866 1600 81 42 est
912 1600 93 42 vnum
970 1600 139 42 secundum
1063 1600 139 42 subiectum,

690 1637 62 49 &
714 1637 86 49 duo
764 1637 148 49 secundum
874 1637 160 49 rationem:
998 1637 99 49 ergo
1059 1637 135 49 instans
1145 1637 62 49 est

691 1676 123 39 vnum
767 1676 92 39 in
813 1676 199 39 subiecto,
967 1676 77 39 &
998 1676 107 39 duo
1044 1676 153 39 ratione.

702 1717 109 37 D.d.
770 1717 204 37 quantitatem
933 1717 109 37 enim
1001 1717 95 37 &c.
1056 1717 82 37 i.
1096 1717 68 37 &
1110 1717 95 37 causa

691 1753 68 49 in
725 1753 91 49 hoc,
782 1753 91 49 quod
838 1753 125 49 instans
929 1753 80 49 est
975 1753 102 49 tale,
1043 1753 80 49 est
1088 1753 91 49 hoc,
1134 1753 68 49 quod

690 1792 132 42 dicam.
782 1792 93 42 iam
835 1792 106 42 enim
902 1792 199 42 praediximus
1060 1792 106 42 quod
1113 1792 93 42 motus

688 1830 163 45 sequitur
811 1830 204 45 quantitatem
974 1830 82 45 in
1015 1830 109 45 hoc,
1083 1830 109 45 quod
1138 1830 68 45 sit

691 1871 150 43 continuus,
809 1871 53 43 &
830 1871 85 43 ens,
884 1871 128 43 scilicet
980 1871 117 43 quoniam
1054 1871 150 43 continuatio,
