1416 2066
172 180 102 54 sic
231 180 117 54 erit
304 180 117 54 pars
377 180 190 54 Daequalis
523 180 132 54 parti
611 180 88 54 A,
655 180 73 54 &

186 222 124 44 parti
269 222 83 44 i,
310 222 69 44 &
338 222 69 44 a
365 222 124 44 parti
448 222 83 44 c.
489 222 83 44 &,
530 222 110 44 quia
585 222 110 44 magni-

191 255 140 43 tudines
293 255 102 43 sunt
357 255 229 43 indiuisibiles,
547 255 114 43 motus
611 255 89 43 erunt

186 294 201 44 idiuisibiles.
352 294 83 44 Et,
399 294 83 44 cum
446 294 165 44 declarauit
576 294 106 44 quod,
635 294 59 44 cum

189 334 192 47 magnitudo
337 334 148 47 fuerit
441 334 192 47 composita
588 334 89 47 ex
618 334 74 47 in-

190 368 181 53 diuisibili,
335 368 96 53 quod
395 368 108 53 motus
467 368 96 53 erit
527 368 169 53 compositus
648 368 48 53 ex

193 407 208 50 indiuisibili,
364 407 172 50 declarauit
499 407 110 50 etiam
573 407 110 50 quod,
634 407 61 50 cum

185 453 126 29 motus
269 453 140 29 fuerit
367 453 252 29 indiuisibilis,
576 453 98 29 res
618 453 84 29 mota

189 484 96 39 etiam
253 484 85 39 erit
307 484 181 39 indiuisibilis
456 484 128 39 scilicet
541 484 43 39 2.

228 541 91 47 Si
273 541 166 47 igitur,
394 541 196 47 praesente
545 541 136 47 motu,
621 541 76 47 ne-

187 577 141 57 cesse
281 577 110 57 est
344 577 157 57 moueri
454 577 204 57 quippiam,
611 577 94 57 &,
642 577 63 57 si

185 621 190 45 mouetur
323 621 225 45 quippiam,
496 621 190 45 necesse
617 621 87 45 est

186 668 162 38 adesse
299 668 162 38 motum,
413 668 81 38 &
445 668 162 38 moueri
559 668 114 38 ipm
608 668 97 38 erit

182 701 92 51 ex
228 701 305 51 indiuisibilibus.
487 701 107 51 Per
548 701 76 51 A
564 701 137 51 igitur,

186 748 155 48 motum
289 748 121 48 est
358 748 155 48 ipsum
462 748 138 48 per,
548 748 121 48 quo
600 748 103 48 pmo-

187 784 113 42 tum
252 784 113 42 est
316 784 146 42 motu,
414 784 81 42 p
446 784 146 42 vero,
543 784 113 42 quo
592 784 113 42 ipsum

182 829 99 46 s,
232 829 83 46 &
265 829 149 46 ipsum
364 829 248 46 csimiliter,
562 829 116 46 quo
612 829 66 46 T.

237 883 88 55 Si
281 883 146 55 igitur
384 883 161 55 necesse
501 883 117 55 est,
574 883 102 55 cum
618 883 73 55 mo-

192 919 107 59 tus
253 919 168 59 fuerit,
375 919 92 59 vt
421 919 168 59 aliquid
529 919 168 59 moueatur.

188 972 85 53 &
222 972 119 53 cum
290 972 187 53 aliquid
426 972 204 53 mouetur,
580 972 102 53 vt
614 972 85 53 mo-

183 1012 98 62 tus
239 1012 112 62 sit,
309 1012 153 62 necesse
420 1012 98 62 est
476 1012 84 62 vt
518 1012 112 62 motu
587 1012 98 62 sit
629 1012 70 62 com

189 1060 145 62 positum
294 1060 79 62 ex
334 1060 224 62 indiuisibili.
518 1060 158 62 Eigitur.
636 1060 92 62 mo¬

180 1109 158 45 uetur
286 1109 210 45 perfecte
444 1109 123 45 per
514 1109 158 45 Amotu
601 1109 88 45 D,&

189 1155 113 55 per
253 1155 81 55 E
286 1155 129 55 motu
366 1155 97 55 H,
415 1155 81 55 &
447 1155 113 55 per
511 1155 81 55 C
528 1155 177 55 similiter

157 1212 169 39 motum.

234 1243 92 54 Cum
287 1243 132 54 posuit
379 1243 119 54 quod,
458 1243 92 54 cum
511 1243 132 54 fuerit
590 1243 106 54 motus,

173 1280 153 54 necesse
284 1280 97 54 est
340 1280 83 54 vt
381 1280 97 54 res
437 1280 111 54 mota
507 1280 111 54 sit,
576 1280 69 54 &
604 1280 97 54 iam
645 1280 56 54 po

192 1325 137 50 suerat
288 1325 109 50 quod
356 1325 123 50 mota,
438 1325 109 50 quae
507 1325 109 50 sunt
575 1325 123 50 super
643 1325 55 50 ma

184 1356 196 54 gnitudinem
338 1356 253 54 indiuisibilem,
549 1356 112 54 sunt
605 1356 98 54 indi-

191 1398 179 44 uisibilia,
332 1398 153 44 sequitur
447 1398 77 44 vt
485 1398 102 44 isti
549 1398 115 44 motus
613 1398 89 44 indi-

191 1444 201 30 uisibiles
345 1444 170 30 habeant
468 1444 108 30 rem
530 1444 154 30 motam.
623 1444 77 30 nam

192 1477 133 38 omnis
281 1477 133 38 motus
370 1477 177 38 iuenitur
503 1477 89 38 in
547 1477 133 38 moto.
636 1477 89 38 &,

186 1509 116 48 quia
258 1509 116 48 isti
331 1509 131 48 motus
418 1509 116 48 sunt
476 1509 218 48 indiuisibiles

191 1553 145 34 necesse
296 1553 92 34 est
349 1553 79 34 vt
389 1553 92 34 res
441 1553 105 34 mota
507 1553 92 34 sit
547 1553 158 34 indiuisibi

199 1585 93 41 is.
252 1585 199 41 impossibile
411 1585 106 41 enim
477 1585 93 41 est
530 1585 79 41 vt
570 1585 119 41 motum
636 1585 66 41 sit

186 1623 141 43 maius
280 1623 141 43 motu.
374 1623 94 43 Et
421 1623 157 43 iduxit
531 1623 125 43 hunc
593 1623 110 43 sermo

192 1661 107 52 nem
253 1661 92 52 in
299 1661 138 52 forma
391 1661 214 52 syllogismi
544 1661 153 52 hypothe-

195 1702 105 48 tici,
265 1702 58 48 &
288 1702 116 48 dixit:
370 1702 70 48 Si
405 1702 128 48 igitur,
497 1702 81 48 &c.
544 1702 70 48 i.
579 1702 70 48 si
602 1702 93 48 igitur

191 1746 146 33 lecesse
297 1746 106 33 est,
363 1746 93 33 cum
416 1746 133 33 fuerit
509 1746 133 33 motus,
602 1746 80 33 vt
629 1746 66 33 res

198 1774 118 47 mota
272 1774 118 47 sit:
346 1774 74 47 &
375 1774 206 47 posuerimus
537 1774 133 47 motus
625 1774 103 47 in¬

187 1813 225 46 diuisibiles
367 1813 105 46 per
427 1813 240 46 magnitudinem
608 1813 90 46 indi

715 172 190 47 uisibilem:
865 172 68 47 &
892 172 95 47 res
946 172 108 47 mota
1014 172 95 47 non
1068 172 95 47 est
1122 172 136 47 maior¬
1203 172 41 47 i

717 218 135 49 motu,
807 218 135 49 neque
897 218 240 49 magnitudine,
1091 218 105 49 per
1136 218 90 49 quam

718 256 165 47 mouetur:
842 256 151 47 necesse
952 256 96 47 est
1007 256 83 47 vt
1048 256 96 47 res
1103 256 110 47 mota
1158 256 69 47 pri

718 291 79 51 mo
757 291 92 51 sit
810 291 238 51 indiuisibilis.
1008 291 79 51 ex
1048 291 92 51 quo
1088 291 145 51 sequitur,

715 329 92 41 vt
761 329 123 41 mota
837 329 215 41 composita,
1006 329 123 41 sint
1067 329 169 41 composita

720 363 70 48 ex
755 363 221 48 indiuisibilibus
941 363 140 48 scilicet
1046 363 93 48 mota
1104 363 81 48 non
1139 363 93 48 primo.

716 405 158 49 D.dedit
831 405 187 49 exemplum,
975 405 72 49 &
1004 405 144 49 dixit:
1104 405 72 49 &
1119 405 115 49 icitur

719 433 171 59 mouetur,
847 433 100 59 &c.
904 433 71 59 x
932 433 157 59 igitui,
1046 433 114 59 quod
1117 433 100 59 est
1160 433 71 59 res

718 478 117 51 mota,
796 478 143 51 mouetur
900 478 91 51 per
952 478 65 51 A
978 478 169 51 Idiuisibi
1108 478 91 51 le,
1147 478 78 51 quod

719 517 100 49 est
776 517 114 49 pars
847 517 100 49 Ac,
904 517 114 49 motu
975 517 242 49 indiuisibili,
1160 517 71 49 qui

724 564 77 38 est
768 564 87 38 pars
822 564 77 38 pre
866 564 131 38 scilicet
965 564 87 38 motu
1019 564 87 38 per,
1074 564 55 38 &
1096 564 120 38 mouetur
1172 564 55 38 per

716 593 89 48 u,
761 593 119 48 quod
835 593 104 48 est
894 593 119 48 pars
969 593 238 48 magnitudinis
1147 593 74 48 mo-

724 629 87 48 tu
767 629 101 48 ri,
825 629 72 48 &
854 629 159 48 mouetur
969 629 101 48 per
1027 629 144 48 partem
1113 629 116 48 indiui

720 665 157 49 sibilem,
837 665 104 49 quae
903 665 91 49 est
955 665 91 49 ec,
1007 665 104 49 motu
1059 665 170 49 indiuisibi-

720 703 94 51 li,
773 703 107 51 quod
840 703 94 51 est
894 703 67 51 2
921 703 80 51 2.
961 703 134 51 igitur
1055 703 107 51 quod
1122 703 94 51 est
1162 703 67 51 res

717 740 119 39 mota,
796 740 185 39 necessario
942 740 93 39 est
981 740 212 39 indiuisibilis.

761 781 89 54 Omi
812 781 127 54 igitur
901 781 140 54 necesse
1003 781 89 54 est
1053 781 89 54 id,
1104 781 102 54 quod
1168 781 89 54 mo¬

714 821 141 46 uetur
808 821 188 46 alicunde
949 821 172 46 aliquo,
1074 821 109 46 non
1121 821 109 46 simul

717 861 176 51 moueri,
845 861 80 51 &
877 861 144 51 motum
973 861 144 51 esse,
1069 861 112 51 quo
1117 861 112 51 moue-

718 900 139 54 batur,
815 900 139 54 quando
913 900 194 54 mouebatur:
1065 900 97 54 svt
1121 900 83 54 si
1149 900 83 54 The-

722 929 94 54 bas
775 929 107 54 quis
842 929 94 54 it,
896 929 201 54 impossibile
1057 929 94 54 est
1097 929 134 54 simulire

720 982 182 47 Thebas,
853 982 83 47 &
886 982 165 47 iuisse
1002 982 182 47 Thebas?
1134 982 116 47 per
1183 982 50 47 A

715 1025 165 41 ligitur
835 1025 225 41 impartibile
1015 1025 135 41 motum
1105 1025 105 41 est
1150 1025 75 41 ipm

716 1066 118 41 per,
790 1066 177 41 quatenus
923 1066 89 41 pr
967 1066 133 41 motus
1056 1066 162 41 aderat.
1159 1066 74 41 Qua

707 1105 103 44 re,
766 1105 89 44 si
811 1105 192 44 posterius
958 1105 148 44 quidem
1047 1105 177 44 transiuit,

719 1149 115 53 quam
791 1149 202 53 transibat,
949 1149 202 53 diuisibile
1094 1149 115 53 vtique

716 1196 124 47 erit.
799 1196 96 47 cum
854 1196 110 47 enim
923 1196 193 47 transibat,
1074 1196 124 47 neque
1143 1196 83 47 quie

717 1227 151 53 scebat,
827 1227 124 53 neque
909 1227 206 53 transierat,
1074 1227 96 53 sed
1129 1227 82 53 in
1156 1227 69 53 me-

717 1267 97 48 dio
773 1267 125 48 erat.
856 1267 83 48 Si
897 1267 125 48 autem
980 1267 125 48 simul
1063 1267 166 48 transit,
1188 1267 69 48 &

717 1308 198 46 transiuit,
873 1308 99 46 id,
929 1308 113 46 quod
986 1308 227 46 proficiscitur,

715 1349 111 45 cum
779 1349 286 45 proficiscitur,
1017 1349 206 45 profectum
1160 1349 63 45 eo

714 1394 158 41 erit,
820 1394 88 41 &
855 1394 176 41 motum,
978 1394 123 41 quo
1030 1394 176 41 mouetur.

762 1431 85 60 Si
804 1431 141 60 igitur
903 1431 155 60 necesse
1016 1431 99 60 est
1073 1431 85 60 in
1115 1431 113 60 moto
1172 1431 57 60 de

716 1477 104 45 vbi
776 1477 89 45 in
820 1477 119 45 vbi,
894 1477 89 45 vt
939 1477 104 45 non
998 1477 163 45 insimul
1102 1477 119 45 mouea-

715 1524 130 54 tur,
796 1524 81 54 &
829 1524 114 54 iam
894 1524 114 54 sit
959 1524 146 54 motum
1056 1524 98 54 ad
1089 1524 130 54 illud,

717 1573 96 59 ad
765 1573 128 59 quod
845 1573 224 59 mouebatur:
1021 1573 144 59 verbi
1101 1573 128 59 gratia

718 1620 168 64 quoniam
840 1620 92 64 si
886 1620 168 64 aliquis
1008 1620 168 64 ambulat
1130 1620 92 64 ad
1160 1620 61 64 a-

711 1662 141 64 uquam
805 1662 219 64 ciuitatem,
977 1662 234 64 impossibile
1149 1662 78 64 est

722 1711 92 59 vt
768 1711 169 59 insimul
891 1711 169 59 ambulet
1014 1711 92 59 ad
1060 1711 138 59 illam
1137 1711 92 59 ciui

712 1757 172 45 tatem,
832 1757 86 45 &
866 1757 120 45 iam
935 1757 223 45 ambulauit
1107 1757 103 45 ad
1141 1757 86 45 il-

705 1805 111 57 lam
769 1805 222 57 ciuitatem:
943 1805 79 57 &
975 1805 95 57 in
1023 1805 127 57 moto
1102 1805 95 57 R,
1150 1805 111 57 per
