1416 2066
194 173 147 58 quoniam
301 173 107 58 vnus
368 173 94 58 vir
421 173 80 58 de
462 173 161 58 triginta
582 173 94 58 non
622 173 94 58 mouet

195 219 132 39 nauem
283 219 146 39 solus.
385 219 88 39 &,
429 219 102 39 cum
488 219 132 39 motio
575 219 117 39 eius
634 219 73 39 com

196 258 172 52 iungitur
325 258 100 52 cum
382 258 258 52 praeparatione,
597 258 72 52 &
612 258 100 52 poten

201 301 107 37 tia
262 301 229 37 proueniente
445 301 76 37 a
476 301 168 37 viginti
598 301 76 37 &
613 301 107 37 nouem

200 332 202 46 hominibus
356 332 171 46 mouebit
481 332 140 46 nauem
558 332 156 46 necessa-

203 373 106 49 rio.
269 373 106 49 ergo
336 373 199 49 vnusquisque
495 373 80 49 de
535 373 160 49 triginta
642 373 66 49 lar

203 413 118 47 gitur
282 413 105 47 naui
347 413 79 47 de
386 413 223 47 praeparatione
570 413 79 47 ad
596 413 118 47 moueri,

204 446 115 53 quod
275 446 129 53 nauis
361 446 100 53 non
418 446 157 53 habebat
533 446 143 53 prius.
619 446 100 53 Illud

205 485 154 50 aigitur,
321 485 103 50 quod
385 485 142 50 viginti
488 485 64 50 &
514 485 116 50 nouem
578 485 129 50 largiun-

211 522 78 41 tur
256 522 67 41 de
289 522 190 41 proparatione,
446 522 78 41 est
490 522 112 41 illud,
569 522 89 41 quod
613 522 101 41 vltimus

207 560 124 42 motor
290 560 166 42 extrahet
414 560 83 42 in
456 560 124 42 actu.
539 560 83 42 Et
566 560 152 42 similiter

204 596 94 40 est
257 596 81 40 de
298 596 108 40 mina
365 596 135 40 milil.
460 596 81 40 Et
500 596 81 40 d.
541 596 81 40 Et
581 596 108 40 ideo
635 596 81 40 ser-

200 635 81 46 mo
241 635 149 46 Senonis
350 635 95 46 non
404 635 95 46 est
458 635 136 46 verus.
553 635 68 46 &
580 635 95 46 est
635 635 109 46 quod

210 670 114 54 vnum
281 670 143 54 granum
381 670 143 54 milil,
481 670 200 54 quodcumque
624 670 86 54 sit,

205 708 113 50 quando
284 708 113 50 cadit,
363 708 102 50 facit
431 708 113 50 sonum,
510 708 68 50 i.
544 708 79 50 sed
589 708 79 50 non
623 708 90 50 quodli

193 745 101 51 bet
250 745 145 51 motum:
352 745 159 51 quoniam
468 745 174 51 potentia
584 745 130 51 motoris

202 789 103 45 est
261 789 205 45 terminata.
422 789 103 45 Et,
481 789 103 45 cum
539 789 176 45 potentia
656 789 59 45 mo

209 820 98 46 toris
275 820 76 46 est
318 820 153 46 terminata,
438 820 131 46 scilicet
536 820 98 46 prima
591 820 120 46 potentia,

201 867 122 40 quae
277 867 122 40 poet
353 867 152 40 mouere
459 867 228 40 vnamquamque
626 867 76 40 par

205 892 115 53 tium,
282 892 89 53 non
333 892 115 53 mouet
410 892 77 53 in
448 892 115 53 tpere
524 892 140 53 omnino,
614 892 102 53 quando

209 933 137 49 tadit,
305 933 109 49 ergo
373 933 123 49 sermo
455 933 150 49 &enonis
565 933 96 49 non
619 933 96 49 est
660 933 55 49 ve

209 974 80 36 rus
254 974 68 36 in
288 974 91 36 hoc,
345 974 91 36 quod
402 974 125 36 fingit,
493 974 91 36 quod
550 974 148 36 quodlibet
652 974 57 36 gra

206 1006 105 36 num
266 1006 136 36 milii
357 1006 136 36 debet
447 1006 151 36 facere
552 1006 151 36 sonum.
643 1006 60 36 D.

203 1044 77 38 d.
242 1044 89 38 nam
293 1044 192 38 impossibile
446 1044 89 38 est
497 1044 77 38 vt
535 1044 89 38 non
586 1044 128 38 moueat
663 1044 51 38 in

212 1085 99 43 tpre
274 1085 124 43 omnino
360 1085 111 43 illum
435 1085 124 43 aerem,
521 1085 99 43 quem
583 1085 111 43 mouet
645 1085 62 43 to-

210 1116 60 49 ta
240 1116 90 49 mina,
300 1116 100 49 quando
369 1116 100 49 cadit.
439 1116 60 49 i.
469 1116 110 49 quoniam
549 1116 149 49 impossibile
658 1116 50 49 est

207 1157 132 37 dicere
299 1157 106 37 quod
365 1157 185 37 vnaquaeque
511 1157 145 37 partium
616 1157 93 37 non
656 1157 53 37 mo

209 1192 76 49 uet
252 1192 65 49 in
285 1192 97 49 tpere
350 1192 119 49 omnino,
436 1192 108 49 quando
512 1192 108 49 cadet,
587 1192 108 49 aerem,
652 1192 54 49 per

206 1230 113 50 quem
276 1230 169 50 transit,
403 1230 169 50 motione,
530 1230 85 50 ex
572 1230 99 50 qua
614 1230 99 50 audit

212 1266 106 50 sonus.
287 1266 95 50 sicut
350 1266 117 50 auditur
435 1266 53 50 a
456 1266 95 50 mina,
520 1266 127 50 scilicet
616 1266 85 50 quod
658 1266 53 50 non

207 1303 125 43 mouet
291 1303 125 43 ipsam
374 1303 84 43 in
416 1303 112 43 actu
486 1303 153 43 motione
584 1303 125 43 facien-

211 1340 75 46 te
249 1340 125 46 sonum.
337 1340 75 46 &,
374 1340 75 46 si
412 1340 176 46 vnaquaeque
550 1340 138 46 partium
638 1340 75 46 lar-

204 1386 123 43 gitur
286 1386 109 43 aeri
354 1386 82 43 ad
395 1386 204 43 recipiendum
558 1386 123 43 sonum
626 1386 82 43 pre-

210 1415 231 53 parationem,
395 1415 123 53 quam
472 1415 139 53 prius
564 1415 108 53 non
610 1415 93 53 habe

213 1453 85 52 bat.
267 1453 85 52 D.d.
320 1453 96 52 neque
384 1453 96 52 pars,
448 1453 75 52 &c.
491 1453 64 52 i.
523 1453 117 52 quoniam
598 1453 117 52 vnaqueque

206 1490 146 54 partium
312 1490 146 54 motoris
418 1490 93 54 non
472 1490 120 54 debet
551 1490 93 54 per
605 1490 80 54 se
631 1490 80 54 sin-

205 1529 180 51 gulariter
343 1529 152 51 mouere,
454 1529 124 51 neque
537 1529 124 51 pars,
620 1529 111 51 quae

203 1565 105 51 cum
263 1565 166 51 additur
384 1565 136 51 aliis
474 1565 196 51 partibus,
610 1565 105 51 mouet

206 1605 127 49 totum,
295 1605 76 49 v.
333 1605 76 49 g.
372 1605 178 49 trigesimus
512 1605 102 49 vir.
575 1605 76 49 Et
613 1605 76 49 d.
639 1605 76 49 quia

210 1639 89 43 ista
266 1639 89 43 pars
321 1639 78 43 non
366 1639 123 43 videtur
455 1639 89 43 iter
511 1639 100 43 alias
577 1639 111 43 partes
644 1639 67 43 esse

210 1680 133 50 fortior
307 1680 73 50 in
343 1680 109 50 motu,
416 1680 97 50 nisi
477 1680 109 50 prper
537 1680 170 50 praeparatio-

211 1717 94 37 nem
264 1717 215 37 praecedentem
439 1717 81 37 in
479 1717 121 37 moto,
559 1717 107 37 D.d.
613 1717 94 37 Nihil

212 1752 94 50 enim
271 1752 106 50 aliud
341 1752 94 50 est,
400 1752 82 50 &c.
447 1752 82 50 Aut
494 1752 141 50 intendit
600 1752 106 50 quod,
658 1752 59 50 cum

204 1793 99 50 pars
265 1793 86 50 est
315 1793 74 50 in
352 1793 160 50 continuo,
475 1793 111 50 nihil
549 1793 86 50 est
598 1793 74 50 in
623 1793 86 50 actu,

734 179 93 39 sed
787 179 93 39 est
840 179 80 39 in
880 179 159 39 potentia
1000 179 80 39 in
1039 179 120 39 toto.
1119 179 93 39 Aut
1159 179 93 39 intem

727 219 108 46 dit
788 219 124 46 quod
866 219 124 46 pars
943 219 108 46 non
1005 219 139 46 mouet
1098 219 93 46 in
1129 219 108 46 actu,

725 254 101 50 sed
782 254 130 50 mouet
869 254 87 50 in
912 254 173 50 potentia
1042 254 87 50 in
1071 254 101 50 toto.

770 292 94 45 Si
817 292 125 45 vero
895 292 125 45 duo,
973 292 78 45 &
1005 292 187 45 vtrunque
1130 292 109 45 horum

734 337 170 49 vtrunque
861 337 127 49 mouet
946 337 99 49 per
1003 337 127 49 tameu
1088 337 85 49 in
1116 337 113 49 tanto,

732 373 75 45 &
762 373 209 45 compositae
926 373 194 45 potentiae
1060 373 179 45 compositum

727 417 96 50 ex
775 417 223 50 ponderibus
950 417 112 50 per
1014 417 191 50 aequalem
1157 417 112 50 mo

729 453 154 54 uebunt
836 453 262 54 longitudinem,
1052 453 92 54 et
1098 453 92 54 in
1129 453 108 54 aequa

721 493 99 45 li
771 493 198 45 tempore:
920 493 198 45 analogum
1069 493 132 45 enim
1135 493 99 45 est.

773 536 96 58 Et,
828 536 82 58 si
869 536 151 58 fuerint
979 536 110 58 duo,
1047 536 137 58 quorus
1129 536 110 58 vtrun-

727 589 113 53 que
792 589 146 53 mouet
889 589 146 53 vnum,
986 589 81 53 &
1018 589 194 53 vtrunque
1164 589 113 53 mo

730 629 106 46 uet
790 629 106 46 per
851 629 121 46 tale
926 629 166 46 spatium
1047 629 91 46 in
1092 629 121 46 tali
1152 629 91 46 tem-

729 673 129 66 pore,
815 673 115 66 duae
886 673 186 66 potentiae
1030 673 215 66 congregatae
1188 673 57 66 mo

723 717 179 66 uebunt
849 717 269 66 congregatum
1064 717 108 66 ex
1100 717 143 66 duobus

725 765 215 62 ponderibus
894 765 108 62 per
955 765 185 62 aequalem
1078 765 154 62 longitu-

730 813 126 57 dinem
814 813 84 57 in
856 813 154 57 aequali
968 813 168 57 tempore.
1094 813 112 57 sunt
1150 813 84 57 enim

730 861 283 54 proportionalia.
969 861 89 54 Et
1013 861 119 54 iste
1088 861 134 54 sermo
1162 861 75 54 di-

728 907 231 58 stinguendus
912 907 108 58 est
974 907 123 58 ita,
1051 907 123 58 quod
1113 907 123 58 consy-

729 954 186 56 derandum
868 954 109 56 est
930 954 93 56 in
977 954 109 56 eo,
1039 954 78 56 &
1070 954 124 56 sint
1147 954 124 56 duae

708 1009 214 33 intentiones.

767 1045 102 48 Haec
831 1045 89 48 est
882 1045 102 48 alia
945 1045 152 48 intentio
1059 1045 63 48 a
1072 1045 165 48 praedictis.

729 1081 67 48 &
755 1081 94 48 est
809 1081 120 48 quod,
889 1081 94 48 cum
943 1081 94 48 duo
996 1081 161 48 mouentia
1103 1081 134 48 diuersa,

729 1119 153 51 vtrumque
844 1119 114 51 mouet
920 1119 140 51 aliquid
1022 1119 127 51 pondus
1111 1119 89 51 per
1149 1119 89 51 aequa

730 1157 77 50 le
769 1157 142 50 spatium
872 1157 77 50 in
910 1157 142 50 aequali
1013 1157 129 50 tpere,
1103 1157 103 50 tunc
1155 1157 77 50 duae

734 1205 185 38 potentiae
876 1205 157 38 motiuae
990 1205 214 38 congreuatae
1147 1205 85 38 moue

732 1223 120 60 bunt
807 1223 225 60 congregatum
988 1223 90 60 ex
1033 1223 150 60 duobus
1123 1223 105 60 ponde

730 1269 119 53 ribus
809 1269 93 53 per
862 1269 119 53 illud
942 1269 146 53 spatium
1048 1269 79 53 in
1087 1269 106 53 illo
1140 1269 93 53 tpre.

730 1310 62 36 &
754 1310 86 36 hoc
804 1310 111 36 erit,
878 1310 124 36 quando
964 1310 173 36 aequaliter
1100 1310 124 36 mouent
1174 1310 62 36 duo

733 1340 146 51 pondera
839 1340 146 51 diuersa
946 1340 80 51 in
986 1340 146 51 spatio,
1092 1340 67 51 &
1119 1340 107 51 tpe.
1172 1340 80 51 cuml

728 1380 105 50 autem
798 1380 175 50 diuersantur
938 1380 128 50 spatio.
1031 1380 70 50 v.
1066 1380 70 50 g.
1101 1380 93 50 quod
1148 1380 82 50 alte-

724 1418 105 40 rum
784 1418 135 40 mouet
874 1418 120 40 vnam
949 1418 165 40 arronam
1068 1418 90 40 in
1113 1418 105 40 vna
1158 1418 75 40 ho-

731 1453 76 46 ra
769 1453 88 46 per
820 1453 177 46 medietatem
958 1453 114 46 vnius
1034 1453 139 46 leucae,
1135 1453 63 46 &
1148 1453 88 46 aliud

727 1492 130 46 mouet
813 1492 115 46 duas
885 1492 159 46 arronas
1000 1492 86 46 in
1044 1492 101 46 vna
1101 1492 115 46 hora
1159 1492 72 46 per

730 1531 101 45 vnam
794 1531 139 45 leucam,
895 1531 89 45 non
946 1531 165 45 sequitur,
1072 1531 89 45 cum
1123 1531 89 45 duo
1174 1531 89 45 mo

729 1573 128 43 tores
814 1573 156 43 fuerint
927 1573 213 43 congregati,
1097 1573 71 43 &
1111 1573 128 43 arronae

727 1602 163 52 fuerint
846 1602 237 52 congregatae,
1038 1602 89 52 vt
1068 1602 163 52 moueantur

728 1640 75 42 ab
766 1640 88 42 eis
816 1640 75 42 in
854 1640 100 42 illa
917 1640 113 42 hora,
992 1640 113 42 neque
1067 1640 88 42 per
1117 1640 100 42 vnam
1167 1640 63 42 leu

728 1684 98 45 cam,
789 1684 110 45 neque
862 1684 85 45 per
911 1684 159 45 dimidiam,
1033 1684 134 45 quoniam
1118 1684 110 45 propor-

728 1717 95 47 tio
783 1717 122 47 eius,
864 1717 108 47 quid
932 1717 203 47 congregatur
1094 1717 81 47 ex
1122 1717 108 47 duabus

724 1750 178 51 potentiis
861 1750 82 51 ad
902 1750 96 51 duo
957 1750 150 51 pondera
1066 1750 96 51 non
1121 1750 96 51 est
1162 1750 68 51 si-

731 1790 90 53 cut
782 1790 166 53 proportio
910 1790 128 53 solius
1000 1790 166 53 potentiae
1128 1790 77 53 ad
1153 1790 77 53 vnum
