1416 2066
146 180 79 55 re
185 180 106 55 quod
251 180 132 55 primum
344 180 172 55 mouentium
476 180 79 55 se
516 180 92 55 est
555 180 106 55 mouens

157 220 71 38 se
193 220 153 38 aeternum,
310 220 59 38 &
334 220 71 38 d.
369 220 94 38 omne
428 220 94 38 enim
487 220 118 38 mouens
569 220 82 38 se,
604 220 59 38 &c.

158 254 66 44 &
184 254 79 44 q.
224 254 79 44 d.
264 254 66 44 &
290 254 146 44 diximus
396 254 106 44 quod
462 254 185 44 principium
595 254 66 44 mo-

164 294 114 51 uentium
246 294 124 51 istorum,
339 294 83 51 quae
391 294 83 51 sunt
442 294 144 51 quandoque,
545 294 114 51 quandoque

162 340 92 38 non,
219 340 103 38 debet
288 340 92 38 esse
345 340 115 38 mouens
426 340 103 38 sempe
495 340 138 38 scilicet
587 340 80 38 compo

156 371 114 40 situm
232 371 76 40 ex
271 371 140 40 motore,
372 371 89 40 qui
423 371 89 40 non
474 371 152 40 mouetur,
575 371 89 40 aeter

163 412 97 47 no,
219 412 69 47 &
246 412 83 47 ex
288 412 111 47 moto
358 412 83 47 ab
399 412 111 47 ipso
469 412 167 47 aeterno.
580 412 83 47 Qnam

166 445 79 45 si
205 445 185 45 posuerimus
350 445 132 45 causam
443 445 132 45 istius
535 445 106 45 esse
588 445 79 45 moto

162 493 96 29 rem
217 493 165 29 aeternum
341 493 110 29 sine
410 493 110 29 moto
479 493 165 29 aeterno,
603 493 96 29 non

168 519 145 52 possemus
277 519 121 52 dicere
361 519 133 52 quomodo
458 519 97 52 erit
518 519 109 52 causa
579 519 72 52 eius

164 558 78 52 quod
213 558 68 52 est
252 558 136 52 quandoque,
359 558 49 52 &
379 558 107 52 deficit
457 558 136 52 quandoque.
564 558 58 52 Si
583 558 88 52 igitur,

165 595 146 53 dixerimus
277 595 90 53 quod
333 595 101 53 mouet
400 595 78 53 se,
445 595 90 53 erit
501 595 78 53 hoc
535 595 134 53 possibile,

168 638 108 48 quoniam
247 638 79 48 tunc
296 638 79 48 erit
345 638 108 48 corpus,
424 638 49 48 &
444 638 118 48 secundum
532 638 89 48 suam,
581 638 89 48 propin-

164 673 174 41 quitatem,
297 673 67 41 &
324 673 187 41 remotionem
471 673 67 41 a
498 673 80 41 re
538 673 107 41 erit
592 673 80 41 cau-

165 717 82 42 sa
206 717 82 42 vt
247 717 109 42 agat
316 717 82 42 in
357 717 123 42 ipsas
439 717 164 42 dispones
548 717 123 42 contra-

167 748 89 49 nas.
222 748 67 49 Et
256 748 89 49 haec
311 748 78 49 est
356 748 100 49 caum,
423 748 111 49 proper
500 748 89 49 quam
545 748 122 49 quaesiuit

169 785 90 41 hoc
220 785 77 41 in
259 785 90 41 hoc
310 785 115 41 loco.
387 785 64 41 &
412 785 102 41 ideo
476 785 77 41 d.
515 785 115 41 motor
578 785 90 41 autem

172 828 92 38 non
224 828 92 38 est
277 828 144 38 necesse
382 828 131 38 aliquo
473 828 105 38 modo
539 828 79 38 vt
565 828 105 38 habeat

165 868 225 46 magnitudinem.
350 868 66 46 &
376 868 159 46 intendit
495 868 106 46 quod
561 868 93 46 est
601 868 66 46 mo-

170 907 100 31 tor,
233 907 63 31 &
258 907 88 31 non
308 907 125 31 motum.
396 907 100 31 omne
458 907 100 31 enim
521 907 125 31 corpus
608 907 88 31 non

168 940 125 37 mouet
252 940 84 37 in
294 940 125 37 loco,
377 940 112 37 nisi
447 940 181 37 moueatur,
586 940 84 37 vt
614 940 56 37 po

173 972 115 38 situm
250 972 90 38 est
301 972 77 38 in
340 972 154 38 Septimo.
455 972 90 38 Et,
506 972 90 38 cum
545 972 128 38 narrauit

171 1009 99 49 quod
233 1009 136 49 necesse
332 1009 87 49 est
381 1009 74 49 vt
418 1009 87 49 sit
468 1009 87 49 hoc
517 1009 136 49 aliquid
604 1009 62 49 mo-

172 1045 91 46 uens
228 1045 68 46 se
262 1045 125 46 semper,
353 1045 91 46 quod
410 1045 79 46 sit
455 1045 79 46 cam
500 1045 68 46 in
534 1045 91 46 esse
579 1045 91 46 eorum,

184 1084 84 51 quae
237 1084 105 51 mouens
311 1084 63 51 se
342 1084 147 51 quandoque,
458 1084 53 51 &
479 1084 137 51 quandoque
584 1084 84 51 non,
637 1084 63 51 in

172 1121 144 51 coepit
272 1121 201 51 notificare
430 1121 244 51 consecutionem
617 1121 57 51 in

177 1158 88 50 hoc,
232 1158 55 50 &
254 1158 66 50 d.
287 1158 77 50 Cam
330 1158 99 50 autem
396 1158 66 50 in
429 1158 77 50 hoc
473 1158 77 50 est
517 1158 88 50 quod
560 1158 110 50 quaedam,

174 1197 83 52 &c.
221 1197 71 52 i.
257 1197 71 52 &,
292 1197 94 52 quia
351 1197 83 52 est
398 1197 165 52 manifestum
528 1197 83 52 per
575 1197 71 52 se
610 1197 94 52 quod

179 1231 96 43 mota
239 1231 72 43 ex
275 1231 84 43 se,
324 1231 96 43 quae
384 1231 96 43 sunt
444 1231 96 43 hic,
504 1231 120 43 quadam
577 1231 108 43 generan

174 1270 108 51 tur,
242 1270 68 51 &
269 1270 135 51 quadam
364 1270 230 51 corrumpuntur:
553 1270 68 51 &
580 1270 95 51 hoc
621 1270 54 51 in

146 1306 156 39 Cuenitur
263 1306 130 39 semper
354 1306 78 39 in
393 1306 104 39 eis:
458 1306 91 39 non
510 1306 156 39 possumus
614 1306 65 39 po-

181 1349 103 37 nere
246 1349 129 37 causam
336 1349 103 37 esse
401 1349 78 37 in
440 1349 90 37 hoc
491 1349 168 37 aeternam,
607 1349 78 37 vnum

176 1392 131 35 eorum,
268 1392 105 35 quae
333 1392 157 35 mouentur
451 1392 79 35 ex
490 1392 92 35 se,
543 1392 66 35 &
569 1392 92 35 non
608 1392 79 35 sunt

182 1420 154 49 perpetuae
301 1420 131 49 causae.
396 1420 95 49 D.d.
455 1420 95 49 ita,
515 1420 95 49 quod
574 1420 95 49 ista
622 1420 59 49 mo-

181 1468 118 38 ueant
260 1468 79 38 se
299 1468 145 38 semper.
405 1468 79 38 i.
444 1468 105 38 ita,
510 1468 105 38 quod
563 1468 118 38 ponamus

180 1501 108 46 quod
247 1501 108 46 vnum
314 1501 134 46 eorum,
408 1501 108 46 quae
475 1501 134 46 mouent
569 1501 94 46 se,
610 1501 67 46 aut

184 1533 126 49 plura
268 1533 98 49 vno
324 1533 154 49 moueant
436 1533 84 49 se
478 1533 154 49 semper:
590 1533 70 49 &
604 1533 70 49 pro

189 1573 96 36 pter
249 1573 84 36 hoc
297 1573 121 36 mouent
382 1573 96 36 alia
442 1573 145 36 secundum
538 1573 145 36 continuita

185 1608 84 47 tem,
238 1608 53 47 &
259 1608 190 47 perpetuitatem.
417 1608 84 47 D.d,
470 1608 84 47 quod
523 1608 84 47 enim
576 1608 74 47 est
607 1608 74 47 tale,

181 1645 90 45 &c.
232 1645 77 45 i.
271 1645 64 45 &
296 1645 141 45 necesse
399 1645 102 45 est,
463 1645 90 45 cum
514 1645 179 45 generatio,
642 1645 38 45 &

183 1684 162 42 corruptio
307 1684 125 42 eorum,
394 1684 100 42 quae
457 1684 100 42 sunt
519 1684 100 42 apud
581 1684 100 42 nos,
631 1684 50 42 p-

190 1723 124 49 petuae
277 1723 112 49 sint,
351 1723 124 49 ponere
438 1723 112 49 motum
513 1723 75 49 ex
550 1723 75 49 se
575 1723 99 49 semper

186 1759 115 44 quoniam
269 1759 104 44 nullum
342 1759 104 44 eorum,
415 1759 83 44 quae
467 1759 125 44 mouentur
560 1759 62 44 ex
592 1759 73 44 se,
623 1759 52 44 qua

185 1797 114 53 sunt
256 1797 229 53 generabilia,
442 1797 71 53 &
456 1797 229 53 corruptibilia,

683 171 86 48 nec
732 171 110 48 omnia
805 171 135 48 possunt
903 171 98 48 esse
964 171 86 48 cam
1013 171 86 48 rei
1062 171 159 48 perpetuae
1172 171 37 48 I

678 216 169 43 continuae.
811 216 133 43 D.dedit
907 216 133 43 causam,
1004 216 109 43 prper
1076 216 97 43 quam
1125 216 72 43 fuit

677 260 150 47 necesse
786 260 82 47 vt
827 260 109 47 ista
895 260 218 47 generabilia,
1072 260 68 47 &
1086 260 109 47 corru-

680 293 162 51 ptibilia
802 293 95 51 non
856 293 108 51 sint
924 293 149 51 quaedam
1032 293 135 51 causae
1113 293 81 51 quo-

682 333 152 37 rundam,
792 333 124 37 sicut
875 333 96 37 pot
930 333 152 37 aliquis
1040 333 152 37 dicere,
1137 333 55 37 v.

682 368 75 52 &.
719 368 100 52 quod
781 368 100 52 homo
843 368 162 52 generatur
968 368 125 52 semper
1055 368 75 52 ab
1080 368 112 52 homine,

689 399 62 62 &
713 399 111 62 equum
788 399 74 62 ab
825 399 111 62 equo,
899 399 62 62 &
924 399 74 62 d.
961 399 111 62 ista.
1035 399 99 62 enim
1085 399 111 62 disposi

688 445 93 50 tio,
747 445 81 50 &c.
793 445 70 50 i.
828 445 58 50 &
851 445 174 50 impossibile
991 445 81 50 est
1037 445 70 50 vt
1072 445 93 50 ista
1119 445 81 50 dispo

685 488 138 41 perpetua
788 488 80 41 sit
834 488 69 41 in
868 488 80 41 eis
914 488 103 41 prper
983 488 92 41 vnum
1041 488 115 41 eorum.
1110 488 80 41 vnum-

692 525 128 45 quodque
786 525 93 45 enim
844 525 105 45 eorum
914 525 82 45 est
961 525 198 45 corruptibile,
1124 525 58 45 &
1136 525 58 45 non

693 560 70 50 est
733 560 90 50 etiam
793 560 131 50 possibile
894 560 60 50 vt
924 560 70 50 hoc
964 560 70 50 sit
1004 560 60 50 in
1034 560 70 50 eis
1075 560 60 50 ex
1095 560 100 50 seipsis,

688 592 121 56 licet
768 592 80 56 vt
808 592 147 56 quaedam
915 592 107 56 sint
983 592 121 56 camae
1050 592 147 56 quorundam

687 644 213 44 estentialiter.
865 644 119 44 causae
948 644 95 44 enim
1007 644 95 44 quae
1067 644 95 44 sunt
1114 644 83 44 essen

690 677 145 37 tialiter
798 677 72 37 de
835 677 193 37 necessitate,
991 677 96 37 sunt
1051 677 145 37 finitae,
1160 677 60 37 &

687 708 158 46 insimul.
805 708 66 46 &
832 708 105 46 ista
897 708 92 46 non
950 708 105 46 sunt
1016 708 132 46 talia.
1108 708 79 46 Et
1134 708 66 46 hoc

688 748 166 46 intendebat,
821 748 77 46 cum
865 748 66 46 d.
898 748 89 46 ista
954 748 100 46 autem
1020 748 100 46 omnia
1086 748 89 46 sunt
1142 748 77 46 in

686 788 147 38 finita,
792 788 67 38 &
819 788 93 38 non
873 788 107 38 sunt
939 788 160 38 insimul.
1059 788 107 38 Qnam
1113 788 80 38 aute

684 821 101 55 ista
747 821 101 55 sunt
810 821 164 55 perpetuae
936 821 214 55 generationis,
1113 821 63 55 &
1125 821 76 55 cor-

694 860 165 51 ruptionis,
824 860 165 51 manifestum
953 860 82 51 est
1000 860 118 51 perper
1082 860 94 51 hoc,
1129 860 71 51 quid

685 900 177 38 declaratum
825 900 89 38 est
875 900 101 38 hic,
938 900 63 38 &
964 900 101 38 quod
1027 900 89 38 est
1078 900 89 38 hic
1115 900 89 38 motus

688 941 136 39 primus
783 941 176 39 aeternus,
919 941 95 39 qui
973 941 163 39 continet
1082 941 108 39 totum.

692 972 64 52 Et
724 972 75 52 hoc
767 972 118 52 apparet
853 972 97 52 etiam
918 972 75 52 per
961 972 75 52 se.
1004 972 129 52 quoniam,
1100 972 64 52 si
1122 972 75 52 esset

689 1020 157 39 possibile
810 1020 73 39 vt
846 1020 97 39 homo
907 1020 181 39 generaretur
1052 1020 60 39 a
1076 1020 85 39 non
1112 1020 85 39 semi-

690 1046 77 42 ne
729 1046 140 42 homnis,
831 1046 102 42 tunc
895 1046 77 42 de
933 1046 192 42 necessitate
1086 1046 102 42 ille
1137 1046 64 42 ho-

689 1084 81 50 mo
729 1084 176 50 diceretur
864 1084 108 50 homo
932 1084 176 50 aequiuoce
1067 1084 95 50 cum
1107 1084 81 50 isto

689 1121 128 52 homine.
783 1121 140 52 quoniam,
888 1121 117 52 quando
969 1121 128 52 materia
1063 1121 117 52 fuerit
1133 1121 58 52 di-

693 1158 128 44 uersa,
783 1158 205 44 diuersabitur
950 1158 64 44 &
975 1158 128 44 forma.
1065 1158 64 44 &
1090 1158 77 44 si
1116 1158 77 44 non,

694 1205 87 39 non
743 1205 124 39 essent
830 1205 87 39 hic
880 1205 149 39 materiae
992 1205 162 39 propriae,
1104 1205 87 39 neque

689 1235 131 39 formae
781 1235 158 39 proprie:
899 1235 66 39 &
925 1235 105 39 tunc
991 1235 171 39 quodlibet
1109 1235 79 39 gene

696 1270 143 50 raretur
800 1270 65 50 a
826 1270 169 50 quolibet,
957 1270 65 50 &
983 1270 78 50 in
1022 1270 182 50 quidlibet.
1152 1270 39 50 &

699 1310 77 44 tunc
748 1310 164 44 vniversaliter
883 1310 116 44 materiae
969 1310 96 44 essent
1037 1310 116 44 ociosae,
1124 1310 48 44 &
1133 1310 58 44 su

702 1349 151 47 perfiuae.
818 1349 93 47 Qum,
877 1349 70 47 si
911 1349 104 47 esset
981 1349 151 47 possibile
1097 1349 70 47 vt
1120 1349 70 47 homo

695 1389 188 43 generaretur
846 1389 63 43 a
871 1389 126 43 terra,
959 1389 113 43 sicut
1035 1389 138 43 vermis,
1123 1389 75 43 tunc

692 1424 95 35 aut
747 1424 122 35 esset
828 1424 217 35 necessarium,
1004 1424 95 35 aut
1058 1424 81 35 in
1086 1424 108 35 maiori

701 1468 125 38 parte,
789 1468 88 38 aut
839 1468 75 38 in
877 1468 125 38 minori
965 1468 125 38 parte.
1053 1468 88 38 Et,
1103 1468 75 38 si
1128 1468 75 38 esse

691 1497 220 51 necessarium,
870 1497 110 51 tunc
938 1497 110 51 homo
1007 1497 96 51 non
1048 1497 151 51 generare-

700 1533 80 46 tur
745 1533 69 46 ab
780 1533 126 46 hominie
872 1533 126 46 omnino.
963 1533 80 46 Et,
1009 1533 69 46 si
1044 1533 103 46 esset
1113 1533 69 46 in
1136 1533 57 46 ma-

698 1572 100 38 tori
761 1572 125 38 parte,
849 1572 100 38 tunc
911 1572 100 38 homo
974 1572 188 38 generaretur
1124 1572 75 38 ab
1149 1572 50 38 ho

696 1615 106 35 mine
762 1615 79 35 in
801 1615 132 35 minori
894 1615 132 35 parte.
986 1615 66 35 &
1012 1615 92 35 sic
1065 1615 92 35 hoc
1105 1615 92 35 esset

702 1646 200 44 casualiter.
862 1646 93 44 Sed
915 1646 80 44 si
955 1646 93 44 hoc
1009 1646 120 44 esset
1089 1646 80 44 in
1116 1646 93 44 mino-

702 1685 61 44 ri
732 1685 92 44 parte
794 1685 123 44 scilicet
886 1685 92 44 casu,
947 1685 82 44 tunc
999 1685 92 44 eadem
1060 1685 113 44 species
1142 1685 72 44 in

696 1723 190 47 ueniretur
843 1723 161 47 natura,
960 1723 73 47 &
989 1723 132 47 casu.
1077 1723 88 47 &,
1121 1723 117 47 quod

694 1757 80 52 fit
739 1757 103 52 casu,
808 1757 114 52 semper
887 1757 80 52 est
933 1757 148 52 oppositum
1047 1757 80 52 ei,
1092 1757 91 52 quid
1138 1757 57 52 fit

691 1793 121 50 natura.
779 1793 66 50 Et
812 1793 110 50 etiam,
888 1793 66 50 si
921 1793 77 50 ita
965 1793 110 50 esset,
1042 1793 88 50 tunc
1085 1793 110 50 compara
