1416 2066
218 180 84 51 Cum
266 180 168 51 declarauit
398 180 96 51 quod
457 180 72 51 in
493 180 156 51 principio
601 180 48 51 ei

176 221 92 41 quod
234 221 196 41 transmutatur,
396 221 81 41 cum
442 221 150 41 separatur
558 221 69 41 ab
592 221 81 41 eo,
627 221 46 41 in

179 256 88 51 quo
230 256 201 51 transmutatur
393 256 126 51 veniet
481 256 75 51 in
519 256 126 51 illud,
595 256 75 51 ique

180 301 102 40 primo
248 301 193 40 transmutatur,
407 301 57 40 &
430 301 91 40 quod
487 301 136 40 initium,
589 301 57 40 &
600 301 80 40 finis

175 334 239 38 transmutationis
376 334 101 38 sunt
439 334 214 38 idiuisibilia,
603 334 75 38 vnlt

178 370 166 40 declarare
306 370 102 40 quod
370 370 141 40 initium
460 370 217 40 transmutationis

177 405 85 45 non
225 405 85 45 est
274 405 73 45 in
311 405 109 45 actu,
383 405 85 45 sed
432 405 73 45 in
468 405 158 45 potentia,
590 405 61 45 &
602 405 73 45 sili

177 442 129 51 initium
271 442 105 51 eius,
341 442 70 51 in
376 442 82 51 quo
423 442 82 51 est
470 442 199 51 transmutatio,
622 442 59 51 non

179 477 83 45 est
227 477 71 45 in
262 477 107 45 actu,
334 477 83 45 sed
381 477 71 45 in
417 477 155 45 potentia:
536 477 107 45 finis
596 477 83 45 autem

181 516 99 39 tram
243 516 199 39 sinutationis
404 516 74 39 in
441 516 99 39 actu
503 516 99 39 est,
565 516 62 39 &
578 516 99 39 demon-

179 555 114 39 strato:
262 555 52 39 &
282 555 135 39 similiter
386 555 93 39 finis
449 555 93 39 eius,
511 555 83 39 Iquo
563 555 73 39 est
594 555 83 39 tranf-

178 589 155 54 mutatio.
294 589 103 54 Qam,
359 589 77 54 si
397 589 90 54 est
449 589 142 54 necesse
552 589 77 54 vt
578 589 103 54 trans-

178 628 134 38 mutatum
275 628 73 38 in
312 628 122 38 initio
397 628 231 38 transmutationis
592 628 85 38 sit
628 628 49 38 in

175 664 112 42 illo,
249 664 75 42 in
287 664 100 42 quod
349 664 199 42 transmatatur
511 664 125 42 primo,
598 664 62 42 &
611 664 62 42 non

175 700 214 46 transmutatur,
352 700 101 46 nisi
415 700 76 46 in
452 700 201 46 idiuisibili,
616 700 63 46 &
629 700 50 46 im

160 740 94 48 tium
219 740 106 48 eius,
290 740 71 48 in
325 740 82 48 quo
372 740 200 48 transmutatur,
537 740 82 48 est
572 740 106 48 indiui-

178 780 121 48 sibile,
266 780 143 48 sequietur
376 780 66 48 vt
409 780 77 48 non
454 780 176 48 transmutatur
597 780 66 48 in
619 780 66 48 ani-

176 813 83 45 tio
223 813 236 45 transmutationis.
424 813 71 45 &,
460 813 83 45 cum
507 813 71 45 in
530 813 142 45 transmuta-

179 853 71 38 to
215 853 82 38 non
262 853 141 38 iuenitur
367 853 200 38 transmutatio,
532 853 94 38 nisi
591 853 82 38 sit
626 853 59 38 iam

175 888 208 51 tramsmutatum,
346 888 172 51 manifestum
481 888 86 51 est
530 888 98 51 quod
579 888 98 51 trans-

176 925 159 45 mutatio
291 925 101 45 non
349 925 130 45 habet
436 925 217 45 principium,
595 925 87 45 nisi

178 964 197 38 tramsmutatio
338 964 111 38 esset
412 964 160 38 composita
535 964 74 38 ex
559 964 111 38 indiui-

182 1003 113 40 sibili,
264 1003 51 40 &
284 1003 92 40 rpeos
346 1003 133 40 similiter
448 1003 82 40 ergo
499 1003 92 40 istud
550 1003 123 40 principium

178 1038 159 54 necessario
302 1038 79 54 est
348 1038 68 54 in
382 1038 147 54 potentia:
495 1038 57 54 &
517 1038 79 54 est
563 1038 113 54 illud,
631 1038 45 54 de

177 1078 95 49 quo
232 1078 189 49 declaratum
380 1078 95 49 est
435 1078 81 49 in
475 1078 149 49 sermone
570 1078 108 49 pdicto

177 1114 113 41 ipsum
253 1114 101 41 esse
316 1114 214 41 indiuisibile.
492 1114 76 41 Et
517 1114 164 41 expositores

170 1150 192 44 dubitabant
321 1150 82 44 in
362 1150 110 44 hoc:
431 1150 110 44 quia
486 1150 192 44 existimabant

176 1188 106 36 quod
242 1188 106 36 isti
308 1188 93 36 duo
361 1188 159 36 sermones
480 1188 106 36 sunt
533 1188 146 36 contradi-

178 1229 99 37 ctori,
247 1229 119 37 scilicet
336 1229 99 37 dicens
405 1229 79 37 quod
455 1229 69 37 est
494 1229 168 37 indiuisibile,
633 1229 49 37 &
642 1229 40 37 di

174 1264 93 51 cens
233 1264 93 51 quod
291 1264 82 51 non
338 1264 82 51 est
384 1264 93 51 ens.
443 1264 70 51 Et
478 1264 82 51 non
524 1264 93 51 sunt
571 1264 105 51 contra-

161 1300 158 48 Idictorij,
285 1300 90 48 nisi
341 1300 102 48 esset
409 1300 158 48 declaratum
533 1300 90 48 quod
590 1300 79 48 non
624 1300 56 48 est

171 1341 85 45 ens
220 1341 134 45 omnino:
317 1341 85 45 sed
366 1341 85 45 non
414 1341 97 45 fuit
475 1341 183 45 declaratum,
609 1341 73 45 nasi

172 1376 99 52 quod
234 1376 87 52 est
283 1376 87 52 non
333 1376 87 52 ens
382 1376 74 52 in
419 1376 111 52 actu.
493 1376 62 52 &
518 1376 87 52 hoc
555 1376 124 52 ignorant

178 1413 116 48 omnes
255 1413 193 48 expositores
410 1413 77 48 in
449 1413 90 48 hoc
500 1413 116 48 loco.
578 1413 77 48 id
604 1413 77 48 inue

177 1453 115 37 nimus
254 1453 115 37 Alex.
331 1453 205 37 transtulisse
484 1453 192 37 declarationem

178 1493 59 37 ad
208 1493 99 37 tempus
277 1493 119 37 scilicet
366 1493 79 37 hoc,
416 1493 79 37 quid
465 1493 139 37 declarauit
574 1493 79 37 quod
614 1493 59 37 ini-

176 1527 102 35 tium
240 1527 242 35 transmutationis
444 1527 89 35 est
482 1527 191 35 indiuisibile.

174 1564 103 37 D.d.
238 1564 116 37 ipsum
315 1564 103 37 esse
380 1564 90 37 non
431 1564 103 37 ens.
495 1564 64 37 &
521 1564 116 37 forte
585 1564 90 37 inten

174 1601 86 43 dit
223 1601 86 43 per
272 1601 98 43 hoc,
334 1601 98 43 quid
395 1601 185 43 declarauit,
543 1601 111 43 ipsum
604 1601 74 43 esse

173 1637 198 41 idiuisibile,
334 1637 111 41 ipsum
408 1637 99 41 esse
470 1637 87 41 non
519 1637 87 41 ens
569 1637 74 41 in
593 1637 87 41 actu.

177 1676 64 51 &
203 1676 116 51 quasi
280 1676 129 51 dicit:
371 1676 77 51 si
409 1676 116 51 istud
487 1676 181 51 principium
616 1676 64 51 fue

170 1722 88 32 rit
221 1722 88 32 ens
271 1722 75 32 in
309 1722 113 32 actu,
384 1722 138 32 necesse
484 1722 88 32 est
534 1722 75 32 vt
572 1722 88 32 sit
610 1722 75 32 indi

176 1753 150 41 uisibile.
292 1753 184 41 D.declarauit
442 1753 104 41 quod,
511 1753 69 41 si
545 1753 115 41 fuerit
626 1753 69 41 in

172 1789 182 38 duusibile,
315 1789 143 38 necesse
419 1789 91 38 est
471 1789 78 38 vt
510 1789 91 38 non
562 1789 91 38 sit
601 1789 78 38 ens:

696 180 71 49 &,
732 180 71 49 si
768 180 131 49 ponatur
863 180 107 49 esse,
934 180 131 49 accidet
1029 180 179 49 impossibile
1172 180 60 49 &

694 219 114 39 iste
765 219 129 39 modus
851 219 243 39 declarationis
1051 219 100 39 est
1094 219 100 39 modus

695 256 149 42 verus.
799 256 223 42 Expositores
978 256 134 42 autem
1067 256 104 42 non
1112 256 89 42 fece

697 299 96 39 runt
757 299 157 39 dicituram
878 299 108 39 inter
950 299 145 39 sermonen
1058 299 72 39 de
1083 299 108 39 princi-

701 330 111 49 pio,
770 330 69 49 &
798 330 111 49 sine
867 330 83 49 in
909 330 97 49 hac
964 330 166 49 demrone,
1088 330 69 49 &
1102 330 97 49 dixe-

695 367 122 44 runt,
777 367 149 44 quomodo
885 367 122 44 motus
966 367 149 44 habebit
1074 367 135 44 finem,
1155 367 41 44 &

688 405 98 46 non
744 405 155 46 habebit
857 405 211 46 principium.
1025 405 70 46 &
1053 405 112 46 hoc,
1110 405 84 46 quod

698 435 249 48 existimauerunt
906 435 83 48 de
947 435 111 48 hoc,
1016 435 97 48 est
1072 435 83 48 in
1099 435 97 48 primo

692 480 153 48 aspectu
804 480 84 48 ad
845 480 223 48 deceptionem.
1027 480 112 48 D.d.
1082 480 112 48 Primum

697 517 105 45 vero,
767 517 81 45 &c.
814 517 70 45 i.
848 517 186 45 indiuisibile
999 517 105 45 vero,
1069 517 93 45 quid
1116 517 81 45 dici-

694 553 97 41 tur
750 553 83 41 de
791 553 111 41 fine
861 553 278 41 transmutationis,
1097 553 69 41 &
1111 553 83 41 fine

699 590 112 45 eius,
773 590 74 45 in
810 590 87 45 quo
860 590 87 45 est
910 590 211 45 transmutatio,
1083 590 87 45 est
1121 590 74 45 exi-

697 629 114 45 stens
774 629 76 45 in
812 629 114 45 actu,
888 629 64 45 &
913 629 102 45 pont
977 629 203 45 demonstrari.
1129 629 64 45 Et,

696 664 88 43 cum
747 664 151 43 narrauit
860 664 101 43 hoc,
923 664 113 43 dedit
998 664 126 43 cauam,
1086 664 63 43 &
1098 664 101 43 dicit:

703 705 119 42 quoniam
790 705 141 42 possibile
898 705 76 42 est
941 705 65 42 vt
974 705 173 42 perficiatur,
1114 705 76 42 &c.
1147 705 43 42 i.

697 740 66 48 &
723 740 92 48 hoc
776 740 92 48 est
828 740 105 48 ita:
894 740 105 48 quia
960 740 211 48 transmutatum
1118 740 79 48 poet

706 776 131 48 perfici
802 776 72 48 in
838 776 84 48 sua
885 776 96 48 tram
945 776 191 48 sinutatione:
1100 776 60 48 &
1112 776 84 48 perfe

698 813 95 37 ctio
758 813 227 37 transmutationis
949 813 83 37 est
996 813 83 37 ies
1044 813 143 37 existens
1151 813 72 37 in

694 852 111 44 actu,
768 852 111 44 ficut
842 852 111 44 aliae
916 852 210 44 perfectiones,
1090 852 62 44 &
1102 852 99 44 demon-

692 889 123 41 strata
778 889 111 41 magis
852 889 86 41 qua
901 889 74 41 in
938 889 86 41 vno
987 889 160 41 instanti.
1110 889 74 41 Et
1135 889 62 41 hoc

698 933 178 29 manifestum
838 933 89 29 est
889 933 76 29 in
928 933 102 29 omni
978 933 217 29 transmutatione.

698 961 115 50 quoniam
781 961 136 50 perfectio
886 961 63 50 in
917 961 73 50 vbi
959 961 73 50 est
1001 961 126 50 suprius,
1095 961 52 50 &
1116 961 63 50 in
1137 961 63 50 qua-

693 1003 126 40 litate
781 1003 88 40 est
832 1003 126 40 album,
920 1003 88 40 vel
970 1003 138 40 nigrum,
1070 1003 63 40 &
1095 1003 75 40 in
1121 1003 75 40 quan

699 1037 118 51 titate
782 1037 82 51 est
829 1037 153 51 quantitas
946 1037 165 51 terminata.
1075 1037 94 51 Ista
1122 1037 71 51 igi-

695 1073 94 41 tur,
754 1073 94 41 quia
813 1073 94 41 sunt
872 1073 71 41 in
907 1073 106 41 actu,
978 1073 94 41 ideo
1036 1073 106 41 finis
1107 1073 71 41 in
1130 1073 71 41 eis,

704 1109 82 48 ui
745 1109 96 48 est
800 1109 246 48 indiuisibilis,
1005 1109 68 48 &
1033 1109 96 48 est
1074 1109 123 48 vltimum

696 1151 250 47 tramsmutationis,
909 1151 88 47 est
959 1151 88 47 ens
1009 1151 75 47 in
1047 1151 113 47 actu.
1109 1151 88 47 prin-

700 1189 130 47 cipium
791 1189 104 47 vero
856 1189 259 47 transmutationis.
1076 1189 104 47 quia
1128 1189 65 47 non

696 1223 96 50 est
751 1223 191 50 principium
901 1223 164 50 alicuius
1010 1223 178 50 permanentis

697 1261 115 53 sicut
774 1261 89 53 est
825 1261 115 53 dispo
901 1261 76 53 in
939 1261 166 53 principio
1067 1261 140 53 lineae,
1156 1261 38 53 &

693 1300 112 51 illud,
771 1300 89 51 quid
827 1300 78 51 est
872 1300 78 51 ens
916 1300 67 51 in
950 1300 101 51 actu,
1017 1300 78 51 est
1062 1300 89 51 ipsa
1107 1300 89 51 trans-

694 1335 169 43 mutatio,
821 1335 70 43 &
849 1335 85 43 in
891 1335 211 43 trasmutatio
1060 1335 99 43 e:.
1116 1335 70 43 &
1131 1335 70 43 est

698 1373 131 45 initium
793 1373 190 45 naturaliter,
948 1373 131 45 necesse
1043 1373 83 45 est
1091 1373 71 45 vt
1115 1373 83 45 istud

707 1413 94 50 prin
766 1413 118 50 cipium
849 1413 83 50 non
896 1413 83 50 sit
943 1413 94 50 ens,
1002 1413 106 50 neque
1061 1413 130 50 existens,

702 1453 74 50 Cum
745 1453 106 50 igitur
819 1453 106 50 pofuit
893 1453 85 50 quod
945 1453 137 50 possibile
1051 1453 74 50 est
1093 1453 63 50 vt
1114 1453 85 50 perfi-

696 1492 136 38 ciatur
792 1492 217 38 transmutatio
955 1492 245 38 transmutationis,

694 1525 59 49 &
718 1525 94 49 quod
777 1525 94 49 ista
836 1525 154 49 perfectio
954 1525 83 49 est
1001 1525 71 49 in
1037 1525 106 49 actu,
1108 1525 59 49 &
1131 1525 94 49 quod

694 1560 115 42 habet
771 1560 128 42 sinem,
860 1560 102 42 fuit
924 1560 140 42 necesse
1026 1560 77 42 vt
1065 1560 115 42 finis
1128 1560 77 42 eius

694 1599 83 42 sit
742 1599 71 42 in
777 1599 107 42 actu,
848 1599 107 42 sicut
919 1599 83 42 est
967 1599 107 42 finis
1038 1599 130 42 lineae,
1133 1599 59 42 &
1145 1599 59 42 fi-

700 1638 86 48 nis
749 1638 196 48 superficiet.
908 1638 74 48 Et
945 1638 86 48 cam
994 1638 74 48 in
1031 1638 86 48 hoc
1080 1638 98 48 est,
1129 1638 74 48 quia

696 1676 124 38 motus,
782 1676 62 38 &
807 1676 111 38 terns
881 1676 86 38 non
930 1676 124 38 habunt
1017 1676 124 38 situm,
1103 1676 62 38 &
1116 1676 86 38 linea

701 1713 116 50 habet
778 1713 129 50 situm:
868 1713 64 50 &
894 1713 180 50 declaratum
1036 1713 90 50 est
1087 1713 103 50 quod
1139 1713 64 50 est

696 1751 245 50 indiuisibilis:
901 1751 109 50 ergo
969 1751 123 50 finis
1050 1751 123 50 motus
1118 1751 82 50 indi

703 1788 159 40 uisibilis
825 1788 86 40 est
874 1788 73 40 in
911 1788 110 40 actu.
984 1788 171 40 D.reuersus
1118 1788 86 40 est
1155 1788 49 40 ad
