1416 2066
174 180 126 53 neae,
258 180 70 53 &
286 180 126 53 finis
370 180 182 53 secundae.
510 180 154 53 instans
608 180 98 53 vero,

188 222 115 56 quia
260 222 101 56 est
317 222 216 56 impossibile
490 222 130 56 ipsum
562 222 130 56 quiesce

189 269 95 38 re,
244 269 95 38 est
298 269 204 38 impossibile
462 269 82 38 vt
503 269 95 38 sit
557 269 123 38 causa
625 269 82 38 nume

184 303 73 43 ri
220 303 145 43 temporis
329 303 85 43 hoc
378 303 97 43 modo
438 303 145 43 scilicet
547 303 97 43 idem
596 303 109 43 instans

189 340 189 46 demonstratum,
344 340 89 46 ita,
400 340 89 46 quod
455 340 78 46 sit
499 340 100 46 finis
555 340 144 46 praeteriti,

190 380 60 54 &
214 380 167 54 principium
345 380 119 54 futun,
429 380 143 54 quoniam,
536 380 72 54 si
572 380 84 54 ita
608 380 95 54 esset,

189 421 102 38 tunc
253 421 114 38 esset
329 421 165 38 possibile
456 421 102 38 idem
519 421 140 38 instans
608 421 89 38 demon

183 461 133 41 strari
276 461 107 41 bis.
343 461 67 41 &
369 461 93 41 hoc
423 461 147 41 accidit
530 461 80 41 in
556 461 147 41 instanti,

186 496 97 51 cum
242 496 139 51 fuerit
339 496 194 51 imaginatum
492 496 125 51 sicut
561 496 139 51 punctus,

194 537 68 41 &
222 537 163 41 fuerimus
344 537 177 41 imaginati
480 537 136 41 tempus
576 537 123 41 sicut
644 537 54 41 li

191 571 128 47 neam.
276 571 71 47 &
304 571 113 47 ideo
375 571 156 47 necesse
488 571 99 47 est
545 571 85 47 vt
573 571 128 47 instans

193 612 157 49 mensuret
310 612 144 49 tempus,
415 612 131 49 saltem
506 612 91 49 per
558 612 91 49 duo
598 612 104 49 instam

198 653 110 49 tia,
267 653 137 49 prius,
363 653 69 49 &
390 653 192 49 posterius,
541 653 69 49 &
569 653 110 49 ambo
624 653 82 49 sint

190 689 141 54 fines
284 689 172 54 eiusdem
410 689 188 54 temporis
535 689 172 54 imaginati

190 730 140 51 inter
284 730 109 51 duo
346 730 218 51 instantia,
502 730 203 51 quemadmodum

194 768 93 41 duo
247 768 134 41 puncta
341 768 107 41 sunt
407 768 120 41 fines
487 768 147 41 eiusdem
581 768 120 41 lineae.

198 807 69 52 Et
233 807 93 52 ideo
291 807 104 52 dixit
361 807 116 52 Arist.
442 807 151 52 superius,
557 807 104 52 quod,
627 807 69 52 si
650 807 58 52 non

190 849 243 47 perceperimus
388 849 304 47 multipricationem
646 849 91 47 in

198 887 179 51 stantis,
333 887 105 51 non
392 887 224 51 percipiemus
557 887 134 51 tempus.

217 923 211 48 Themistius
383 923 121 48 vero
458 923 166 48 videtur
563 923 136 48 concede

197 965 89 54 re
242 965 149 54 tempus
346 965 164 54 percipi
465 965 89 54 ad
495 965 208 54 perceptionem

205 1004 108 39 vnius
277 1004 169 39 instantis:
410 1004 133 39 quoniam
506 1004 181 39 assimilatur
639 1004 60 39 in-

197 1040 131 57 stans
285 1040 160 57 puncto.
401 1040 73 57 &
430 1040 131 57 sicut
518 1040 116 57 vnus
576 1040 131 57 punctus

208 1081 129 41 sufficit
305 1081 65 41 in
337 1081 151 41 numeratioe
456 1081 118 41 lineae,
542 1081 129 41 scilicet
638 1081 65 41 in
660 1081 43 41 di

200 1122 136 41 uisione
298 1122 111 41 eius,
373 1122 124 41 saltem
459 1122 74 41 in
496 1122 99 41 duo,
558 1122 86 41 ita
607 1122 86 41 est
657 1122 74 41 in

199 1164 151 52 stans.
304 1164 75 52 &
334 1164 105 52 hoc
395 1164 120 52 erit
470 1164 151 52 quando
560 1164 151 52 imaginat

199 1201 107 50 pars
266 1201 120 50 prior
346 1201 120 50 motus
426 1201 80 50 in
466 1201 107 50 illo
533 1201 174 50 instanti,
667 1201 67 50 &

201 1245 171 37 posterior
332 1245 92 37 eo:
385 1245 66 37 &
411 1245 92 37 hoc
464 1245 105 37 erit
530 1245 79 37 in
569 1245 132 37 tribus
648 1245 53 37 in

198 1279 168 43 stantibus
327 1279 219 43 praesentibus.
508 1279 77 43 Et
546 1279 90 43 non
598 1279 90 43 est
637 1279 64 43 si-

206 1322 91 51 cut
258 1322 208 51 existimauit:
427 1322 104 51 nisi
492 1322 117 51 esset
557 1322 143 51 possibile

174 1357 129 45 Ivnum
260 1357 157 45 instans
374 1357 215 45 demonstrari
546 1357 114 45 bis.
617 1357 72 45 &
631 1357 72 45 hoc

199 1398 86 49 non
248 1398 111 49 esset
322 1398 173 49 possibile,
458 1398 99 49 nisi
520 1398 124 49 tempus
594 1398 111 49 habeter

199 1437 133 52 situm.
292 1437 80 52 Et
332 1437 133 52 dixit:
424 1437 133 52 Tempus
517 1437 133 52 igitur
597 1437 93 52 numer

196 1484 107 39 est,
263 1484 94 39 &c.
316 1484 80 39 i.
356 1484 134 39 tempus
450 1484 134 39 igitur
544 1484 94 39 est
584 1484 121 39 numerus

199 1515 207 53 attributus
362 1515 133 53 motui
450 1515 162 53 propter
553 1515 148 53 instans,

193 1552 102 41 non
251 1552 131 41 sicut
338 1552 174 41 numerus,
468 1552 102 41 qui
512 1552 189 41 attribuitur

197 1593 138 52 lineae,
298 1593 76 52 ex
336 1593 101 52 hoc,
399 1593 101 52 quod
462 1593 101 52 idem
525 1593 138 52 punctus
613 1593 88 52 acci-

202 1631 100 55 pitur
269 1631 167 55 principium.
403 1631 56 55 &
425 1631 112 55 finis,
503 1631 78 55 sed
548 1631 134 55 secundum
637 1631 67 55 quod

199 1670 142 52 instans
302 1670 168 52 accipitur
432 1670 90 52 duo
483 1670 142 52 eiusdem
574 1670 129 52 temporis

198 1713 132 41 ilicet
290 1713 105 41 vnum
356 1713 184 41 principium
500 1713 118 41 eius,
579 1713 66 41 &
593 1713 118 41 alterum

198 1751 143 43 finis.
298 1751 71 43 &
326 1751 100 43 hoc
383 1751 214 43 intendebat,
554 1751 100 43 cum
597 1751 114 43 dixit:

204 1789 97 44 sed
260 1789 125 44 sicut
343 1789 97 44 duo
399 1789 125 44 fines
482 1789 153 44 eiusdem
580 1789 125 44 lineae.

199 1831 132 43 Deinde
291 1831 132 43 dixit:
383 1831 92 43 non
436 1831 119 43 sicut
515 1831 145 43 partes,
621 1831 92 43 &c.
660 1831 53 43 i.

203 1868 65 46 ex
236 1868 108 46 dictis
311 1868 75 46 pos
354 1868 129 46 scilicet
451 1868 86 46 quod
505 1868 129 46 punctus,
602 1868 54 46 &
613 1868 97 46 instans

720 181 113 58 sunt
790 181 254 58 indiuisibilia,
1002 181 71 58 &
1030 181 99 58 non
1087 181 113 58 sunt
1143 181 85 58 par-

716 224 106 43 tes
776 224 151 43 eorum,
882 224 91 43 in
927 224 151 43 quibus
1033 224 136 43 sunt.
1108 224 121 43 Deinde

719 263 131 43 dixit:
810 263 144 43 punctus
915 263 117 43 enim,
993 263 91 43 &c.
1045 263 78 43 i.
1084 263 91 43 hic
1137 263 91 43 dat
1176 263 65 43 cau

722 300 112 47 sam,
792 300 154 47 propter
904 300 112 47 quam
974 300 98 47 est
1029 300 182 47 possibile
1155 300 84 47 idem

719 346 179 34 punctum
849 346 163 34 accipi
963 346 228 34 principium
1126 346 114 34 vnius

717 381 150 37 lineae,
827 381 68 37 &
854 381 123 37 finem
936 381 178 37 alterius.
1073 381 68 37 &
1100 381 109 37 est,
1155 381 82 37 quo-

719 421 113 43 niam
789 421 155 43 punctus
902 421 225 43 demonstratur
1085 421 113 43 bis,
1141 421 85 43 ita,

721 456 106 50 quod
787 456 145 50 propter
893 456 92 50 hoc
945 456 145 50 accidit
1051 456 79 50 ei
1077 456 159 50 necessario

727 494 134 53 quies:
820 494 67 53 &
847 494 93 53 est
900 494 200 53 impossibile
1060 494 80 53 in
1087 494 147 53 instanti,

718 533 165 54 quoniam
838 533 210 54 fequeretur
1004 533 90 54 ex
1049 533 105 54 hoc
1109 533 90 54 vt
1154 533 105 54 in

721 572 121 52 stans
801 572 215 52 quiaesceret:
976 572 108 52 quod
1044 572 94 52 est
1084 572 148 52 impossibi

723 613 98 59 le,
779 613 112 59 quia
849 613 168 59 sequitur
961 613 182 59 translatum.

764 669 89 54 Et
809 669 163 54 insuper
927 669 208 54 manifestum
1091 669 104 54 est
1135 669 89 54 quod

716 717 141 49 neque
810 717 125 49 pars
889 717 110 49 est
951 717 141 49 ipsum
1046 717 125 49 nunc
1108 717 110 49 tempo

720 764 107 45 ris,
786 764 120 45 neque
867 764 147 45 diuisio
973 764 134 45 motus,
1067 764 120 45 sicut
1134 764 93 45 neque

721 797 148 52 puncta
825 797 148 52 ipsius
928 797 163 52 lineae.
1047 797 148 52 lineae
1135 797 89 52 enim

719 839 134 59 duae
803 839 167 59 partes
920 839 151 59 vnius
1020 839 151 59 sunt.
1104 839 117 59 Quate

715 885 118 54 nus
782 885 168 54 igitur
900 885 202 54 terminus
1052 885 118 54 est
1102 885 118 54 ipsum

715 925 142 45 nunc,
810 925 110 45 non
873 925 110 45 est
936 925 173 45 tempus,
1062 925 110 45 sed
1109 925 110 45 acci-

726 968 128 42 dit,
806 968 192 42 quatenus
950 968 128 42 vero
1031 968 192 42 numerat,
1159 968 64 42 nu

714 1008 157 42 merus.
824 1008 172 42 termini
949 1008 125 42 enim
1027 1008 157 42 illius
1121 1008 110 42 solum

719 1053 143 45 sunt,
814 1053 143 45 cuius
910 1053 127 45 sunt
989 1053 190 45 termini.
1116 1053 111 45 nume-

717 1094 129 58 rus
790 1094 166 58 autem
901 1094 166 58 horum
1012 1094 222 58 equorum,
1160 1094 74 58 de

716 1135 144 44 narius
816 1135 173 44 scilicet
946 1135 72 44 &
975 1135 130 44 alibi
1047 1135 86 44 est.

767 1173 111 71 Et,
830 1173 126 71 quia
909 1173 221 71 manifestum
1083 1173 126 71 est,
1146 1173 95 71 quod

717 1225 146 65 instans
823 1225 93 65 non
876 1225 93 65 est
929 1225 106 65 pars
995 1225 172 65 temporis,
1127 1225 132 65 neque,

717 1276 182 60 diuisio
850 1276 133 60 pars
933 1276 166 60 motus,
1032 1276 199 60 quemadmodu

726 1317 158 70 punctus
840 1317 86 70 no
884 1317 100 70 est
941 1317 115 70 pars
1013 1317 144 70 Tneae,
1113 1317 100 70 sed
1156 1317 72 70 dua

721 1366 139 68 lineae
819 1366 112 68 sunt
888 1366 139 68 partes
986 1366 126 68 vnius
1070 1366 153 68 lineae,
1167 1366 70 68 tuc

721 1420 163 62 instans,
844 1420 163 62 secundum
966 1420 109 62 quod
1033 1420 95 62 est
1088 1420 136 62 finis,
1169 1420 68 62 non

720 1468 98 67 est
776 1468 154 67 tempus,
888 1468 98 67 sed
944 1468 182 67 accidens,
1083 1468 112 67 quod
1139 1468 98 67 acci-

717 1517 112 62 dit
781 1517 112 62 ei,
845 1517 192 62 secundum
989 1517 144 62 autem
1085 1517 128 62 quod
1149 1517 80 62 nu-

716 1565 142 62 merat
811 1565 110 62 est
874 1565 189 62 numerus.
1016 1565 174 62 quoniam
1127 1565 110 62 fines

717 1613 110 55 sunt
786 1613 124 55 fines
868 1613 137 55 illius
964 1613 151 55 solius,
1074 1613 124 55 cuius
1143 1613 82 55 sunt

727 1660 147 55 fines.
830 1660 161 55 numerus
947 1660 132 55 vero,
1035 1660 88 55 vt
1065 1660 161 55 denarius,

727 1713 117 65 sicut
805 1713 144 65 dicitur
910 1713 78 65 de
949 1713 91 65 vno
1001 1713 144 65 vnitas,
1105 1713 91 65 sic
1145 1713 91 65 dici-

720 1767 105 43 tur
780 1767 90 43 de
825 1767 135 43 decem
915 1767 195 43 denarius,
1066 1767 90 43 ut
1111 1767 120 43 idem
1171 1767 60 43 de

726 1812 154 63 narius
833 1812 108 63 est
895 1812 169 63 istorum
1018 1812 169 63 equorum
1125 1812 108 63 decem

723 1860 322 55 demonstratorum,
994 1860 85 55 &
1011 1860 169 55 aliorum.
