1416 2066
169 164 139 38 Commen.
271 164 76 38 2.
309 164 127 38 physi.
397 164 101 38 com.
461 164 89 38 13.
512 164 101 38 dico
575 164 101 38 quod
626 164 63 38 per

181 205 179 29 priuationem
324 205 84 29 ibi
372 205 84 29 non
420 205 167 29 intellexit
552 205 120 29 formam
623 205 72 29 cor-

183 228 162 36 poreitatis.
313 228 65 36 si
346 228 87 36 enim
400 228 87 36 illa
454 228 130 36 daretur,
551 228 76 36 non
584 228 108 36 dixisset

182 260 111 34 Commen
259 260 89 34 quod
315 260 77 34 est
359 260 100 34 sicut
425 260 100 34 forma
492 260 144 34 materiae,
602 260 77 34 sed
636 260 55 34 di-

178 295 105 35 xisset
252 295 84 35 quod
305 295 74 35 est
347 295 95 35 forma
410 295 137 35 materiae.
516 295 74 35 sed
558 295 74 35 per
590 295 105 35 priuatio

173 326 91 32 nem
225 326 182 32 intellexit
368 326 156 32 ipsammet
485 326 195 32 priuationem
628 326 65 32 ma-

183 359 122 37 teriae,
272 359 89 37 quae
328 359 134 37 connotat
428 359 178 37 aptitudinem:
573 359 89 37 quae
617 359 78 37 apti-

178 389 106 30 tudo
244 389 93 30 est
297 389 133 30 suamet
390 389 172 30 potentia,
523 389 93 30 per
576 389 106 30 quam
629 389 66 30 om-

172 421 101 29 nium
235 421 151 29 formarum
349 421 88 29 est
399 421 126 29 capax:
487 421 63 29 &
513 421 126 29 merito
588 421 101 29 illius

178 453 184 32 aptitudinis,
328 453 92 32 quae
386 453 81 32 est
432 453 127 32 aliquid
524 453 69 32 ex
559 453 115 32 natura
628 453 69 32 rei,

187 485 138 35 priuatio
290 485 138 35 materiae
393 485 80 35 non
439 485 80 35 est
485 485 126 35 simplex
566 485 126 35 priuatio,

188 515 67 35 ta
221 515 90 35 quod
278 515 79 35 sit
323 515 101 35 purum
390 515 101 35 nihil
457 515 56 35 &
480 515 101 35 talis
547 515 135 35 priuatio
637 515 56 35 est

183 545 111 36 quasi
257 545 111 36 forma
330 545 160 36 materiae,
453 545 111 36 quia,
527 545 74 36 vt
564 545 111 36 dicit
626 545 62 36 Com

173 581 168 29 mentator.
302 581 77 29 7.
341 581 181 29 metaphysi.
483 581 142 29 commen.
586 581 90 29 So.
625 581 64 29 ex-

179 606 126 37 ponens
268 606 126 37 dictum
356 606 176 37 Philosophi
494 606 176 37 asserentis
620 606 76 37 quan

186 635 104 32 doque
256 635 104 32 fieri
326 635 174 32 quaestiones
465 635 81 32 per
511 635 116 32 quare,
581 635 116 32 quaeren-

185 669 73 38 tes
226 669 62 38 de
257 669 125 38 materia,
351 669 83 38 ista
403 669 104 38 natura
475 669 83 38 est,
527 669 93 38 illa,
589 669 93 38 cuius
641 669 52 38 qui

185 698 120 32 ditas,
269 698 60 32 &
293 698 108 32 forma
366 698 84 32 est
414 698 145 32 recipere
522 698 108 32 omnem
583 698 108 32 formam,

187 732 92 33 quid
244 732 126 33 clarius
336 732 115 33 potuit
416 732 149 33 inueniri,
531 732 92 33 bone
589 732 103 33 Deus,
646 732 46 33 in

183 760 113 39 Auer.
259 760 88 39 per
309 760 100 39 quod
372 760 150 39 possemus
484 760 150 39 ipsuimet
597 760 88 39 per
635 760 50 39 ip

185 792 104 35 sumtu
255 792 69 35 et
289 792 150 35 exponere:
404 792 92 35 Ista
462 792 115 35 igitur
542 792 81 35 est
588 792 104 35 forma
646 792 46 35 ma

180 821 134 41 teriae:
278 821 110 41 ipsam
351 821 122 41 nullam
436 821 122 41 habere
522 821 134 41 formam,
620 821 61 41 &
632 821 61 41 ip-

180 852 86 33 sam
229 852 98 33 esse
290 852 172 33 receptiuam
426 852 135 33 omnium.
524 852 74 33 Et
561 852 86 33 hoc
598 852 98 33 voluit

190 881 106 34 etiam
261 881 118 34 dicere
343 881 106 34 primo
414 881 94 34 cap.
473 881 71 34 de
508 881 141 34 substan.
603 881 82 34 orbis

183 912 78 34 dum
227 912 100 34 dixit
294 912 89 34 quod
349 912 111 34 natura
427 912 133 34 materiae
527 912 144 34 substanti
626 912 67 34 atur

186 946 74 32 per
229 946 106 32 posse,
303 946 53 32 &
324 946 84 32 quod
376 946 127 32 potentia
471 946 74 32 est
514 946 158 32 differentia
630 946 63 32 sub-

183 980 178 31 stantialis
323 980 166 31 materiae.
451 980 102 31 eece
515 980 140 31 quomodo
604 980 89 31 verum

187 1006 96 36 vero
247 1006 145 36 consonat
356 1006 72 36 ex
392 1006 96 36 omni
452 1006 120 36 parte.
536 1006 72 36 Ad
573 1006 108 36 aliam
633 1006 60 36 au-

184 1044 165 30 thoritatem
314 1044 130 30 Commen.
408 1044 71 30 7.
444 1044 106 30 meta.
514 1044 94 30 com.
573 1044 83 30 29.
609 1044 83 30 dico-

186 1066 82 36 quod
237 1066 72 36 ibi
278 1066 92 36 ponit
339 1066 164 36 differentiam
472 1066 92 36 inter
534 1066 72 36 res
564 1066 123 36 artificia,

189 1101 76 31 les
232 1101 54 31 &
254 1101 140 31 naturales
362 1101 65 31 in
394 1101 86 31 hoc,
448 1101 86 31 quia
502 1101 108 31 formae
567 1101 119 31 artificia

189 1134 71 30 les
229 1134 71 30 non
270 1134 81 30 suut
321 1134 61 30 in
351 1134 122 30 potentia
442 1134 122 30 materiae
533 1134 122 30 secundum
614 1134 71 30 Auer-

185 1164 75 30 non
228 1164 86 30 enim
282 1164 119 30 materia
369 1164 97 30 habet
433 1164 183 30 inclinationem
573 1164 119 30 naturalem

180 1196 64 30 ad
212 1196 96 30 tales
276 1196 117 30 formas,
361 1196 74 30 sed
403 1196 96 30 tales
467 1196 149 30 inducuntur
584 1196 64 30 ab
605 1196 85 30 extrin

186 1226 95 32 seco
246 1226 131 32 motore,
341 1226 71 32 vt
376 1226 143 32 testatur
483 1226 107 32 ipse.
554 1226 71 32 3.
590 1226 71 32 de
614 1226 83 32 anima

185 1257 88 39 com.
240 1257 77 39 16.
284 1257 66 39 Et
317 1257 88 39 ista
372 1257 77 39 est
416 1257 110 39 ratio,
494 1257 121 39 propter
582 1257 88 39 quam
626 1257 66 39 ipse

189 1286 91 37 dixit
249 1286 71 37 in.
290 1286 60 37 4.
320 1286 91 37 meta.
380 1286 81 37 com.
431 1286 71 37 1i.
471 1286 81 37 quod
522 1286 91 37 solum
572 1286 121 37 ifrartifi-

184 1319 139 35 cialibus
288 1319 81 35 est
335 1319 162 35 possibile,
462 1319 92 35 quod
520 1319 116 35 stante
589 1319 104 35 vnitate

184 1356 147 30 materiae
294 1356 123 30 potest
380 1356 98 30 esse
441 1356 172 30 diuersitas
564 1356 123 30 formarum

191 1379 135 32 propter
289 1379 197 32 diuersitatem
449 1379 185 32 materietum.
597 1379 86 32 sed
646 1379 74 32 in

187 1407 98 43 rebus
252 1407 163 43 naturalibus
383 1407 76 43 non
426 1407 76 43 est
470 1407 76 43 hoc
513 1407 152 43 possibile,
622 1407 65 43 quia

181 1440 113 34 dantur
260 1440 136 34 materiae
362 1440 136 34 propriae
464 1440 136 34 propriis
566 1440 125 34 formis.
657 1440 57 34 &

182 1471 85 35 ideo
236 1471 75 35 res
278 1471 107 35 illae,
353 1471 64 35 in
385 1471 107 35 quibus
460 1471 75 35 est
503 1471 85 35 pars
556 1471 139 35 potentiae
652 1471 43 35 na

182 1503 118 35 turalis
268 1503 118 35 similis
354 1503 151 35 artificio,
473 1503 118 35 possunt
559 1503 108 35 induci
634 1503 54 35 a
645 1503 43 35 na

187 1541 93 29 tura
245 1541 58 29 &
268 1541 69 29 ab
303 1541 93 29 arte
361 1541 116 29 simul.
442 1541 104 29 sicut
511 1541 81 29 est
558 1541 69 29 de
581 1541 104 29 Medico,

183 1572 76 33 qui
227 1572 76 33 est
270 1572 130 33 minister
368 1572 130 33 naturae,
466 1572 65 33 vt
498 1572 130 33 testatur
585 1572 98 33 Calenus

190 1597 64 37 9.
222 1597 127 37 technis.
317 1597 85 37 tex.
370 1597 116 37 commen.
455 1597 74 37 29.
497 1597 74 37 vbi
540 1597 106 37 dicit.
603 1597 85 37 Omnium

184 1627 110 42 autem
257 1627 110 42 eorum
330 1627 122 42 natura
416 1627 171 42 operatrix,
550 1627 134 42 medicus
635 1627 49 42 ve

179 1661 69 42 ro
214 1661 151 42 minister.
330 1661 58 42 &
353 1661 104 42 Auic.
423 1661 104 42 prima
492 1661 93 42 fen.
550 1661 116 42 quarti
620 1661 69 42 tra-

181 1691 78 34 cta.
230 1691 58 34 2.
259 1691 78 34 cap.
308 1691 58 34 9.
337 1691 107 34 Cutans,
415 1691 88 34 sicut
473 1691 126 34 sciuisti,
570 1691 68 34 est
599 1691 88 34 virtus,

177 1721 89 40 non
228 1721 152 40 medicus:
342 1721 140 40 quoniam
444 1721 140 40 medicus
545 1721 114 40 facit
609 1721 76 40 per-

176 1752 127 33 uenire
265 1752 191 33 instrumenta
418 1752 76 33 ad
456 1752 165 33 virtutem.
571 1752 114 33 Dicamus

180 1782 114 33 ligitur
262 1782 83 33 quod
314 1782 62 33 ad
345 1782 72 33 hoc
386 1782 83 33 quod
438 1782 103 33 aliqua
511 1782 93 33 forma
562 1782 114 33 inducatur

174 1814 58 36 a
198 1814 128 36 natura,
291 1814 81 36 vel
337 1814 58 36 a
360 1814 116 36 natura
442 1814 58 36 &
465 1814 70 36 ab
500 1814 93 36 arte
558 1814 116 36 simul,
628 1814 58 36 est

173 1845 168 38 necessarium
307 1845 67 38 in
341 1845 134 38 subiecto
441 1845 89 38 esse
497 1845 168 38 aptitudinem
620 1845 56 38 na-

171 1878 143 36 turalem
275 1878 78 36 ad
314 1878 117 36 talem
392 1878 143 36 formam:
496 1878 65 36 &
522 1878 91 36 non
561 1878 117 36 oporter

705 165 139 45 aliquam
806 165 126 45 formam
895 165 215 45 corporeitatis
1072 165 139 45 ponere,
1173 165 88 45 fed

706 198 96 36 sola
766 198 143 36 potentia
873 198 143 36 materiae
981 198 72 36 ad
1017 198 84 36 hoc
1065 198 155 36 sufficit,
1172 198 60 36 ex-

709 232 92 35 qua
762 232 119 35 omnes
841 232 132 35 formae
933 232 171 35 educuntur
1065 232 79 35 ad
1104 232 132 35 actum.
1183 232 53 35 in

710 261 120 35 quibus
794 261 108 35 autem
865 261 96 35 ista
925 261 179 35 promptitudo
1069 261 143 35 deficit,
1164 261 72 35 illa

709 292 100 38 bene
771 292 75 38 ab
808 292 100 38 arte
871 292 125 38 tantum
958 292 237 38 inducipossunt,
1158 292 87 38 sed
1196 292 37 38 a

714 325 116 30 natura
795 325 127 30 minime.
888 325 69 30 Et
923 325 93 30 huic
981 325 139 30 testatur
1073 325 162 30 experientia.

716 352 113 34 dicunt
795 352 101 34 naque
862 352 124 34 Medici,
952 352 90 34 quod
1009 352 113 34 Ethica
1088 352 124 34 tertiae
1166 352 68 34 spe-

709 384 82 35 ciet
760 384 71 35 est
801 384 163 35 incurabilis.
933 384 51 35 &
954 384 92 35 quod,
1015 384 61 35 si
1045 384 61 35 ad
1076 384 71 35 eam
1117 384 92 35 esset
1178 384 71 35 in

711 421 139 35 genium,
812 421 114 35 esset
888 421 152 35 ingenium
1002 421 76 35 ad
1040 421 139 35 mottem:
1141 421 76 35 vt
1166 421 63 35 di-

718 453 79 32 cit
763 453 101 32 Auic.
830 453 67 32 in
864 453 101 32 prima
931 453 112 32 quarti
1010 453 67 32 in
1043 453 90 32 cap.
1099 453 135 32 proprio.
1189 453 45 32 Et

714 476 124 43 propter
804 476 90 43 quid
860 476 90 43 est:
916 476 79 43 non
961 476 79 43 est
1006 476 124 43 propter
1096 476 112 43 aliud,
1164 476 67 43 nisi

719 511 92 38 quia
776 511 69 38 in
810 511 92 38 tali
868 511 126 38 corpore
959 511 80 38 est
1005 511 138 38 corrupta
1108 511 103 38 omnis
1166 511 57 38 po-

711 540 122 33 tentia,
799 540 55 33 &
822 540 100 33 omnis
888 540 122 33 virtus,
977 540 55 33 &
999 540 155 33 complexio,
1120 540 77 33 per
1165 540 89 33 quam

710 578 114 28 corpus
790 578 183 28 inclinabatur
938 578 69 28 ad
972 578 160 28 sanitatem,
1098 578 103 28 sicut
1155 578 80 28 dicit

712 601 128 33 plusquam
808 601 85 33 Com.
862 601 85 33 com.
915 601 75 33 36.
958 601 64 33 3.
989 601 128 33 technis,
1085 601 53 33 &
1107 601 85 33 quia
1149 601 75 33 indu-

712 632 92 40 ctio
769 632 150 40 sanitatis
884 632 161 40 necessario
1011 632 138 40 requirit
1114 632 104 40 talem
1172 632 58 40 na-

712 669 108 36 turae
784 669 227 36 promptitudinem,
975 669 96 36 hinc
1035 669 84 36 est
1083 669 96 36 quod
1142 669 72 36 ad
1166 669 60 36 eam

707 701 127 29 nullum
796 701 114 29 varet
872 701 114 29 artis
949 701 165 29 ingenium.
1076 701 127 29 formae
1152 701 76 29 vero

712 728 93 34 mere
770 728 186 34 artificiales
921 728 81 34 non
968 728 151 34 requirunt
1084 728 70 34 in
1107 728 116 34 subiecto

713 759 107 35 talem
784 759 213 35 inclinationem.
962 759 154 35 subiectum
1080 759 95 35 enim
1127 759 95 35 potius

708 789 146 34 inclinat
818 789 73 34 ad
854 789 171 34 oppositum,
988 789 85 34 cum
1037 789 73 34 vt
1074 789 73 34 in
1098 789 134 34 plaribus:

710 815 111 35 tales
784 815 123 35 formae
870 815 172 35 inducantur
1005 815 86 35 cum
1055 815 172 35 diuisione,
1190 815 62 35 &

707 849 167 33 incisione
836 849 64 33 &
862 849 167 33 remotione
990 849 142 33 partium
1080 849 142 33 subiecti.

716 884 87 38 quae
770 884 98 38 omnia
835 884 163 38 attestantur
966 884 174 38 corruptioni,
1107 884 76 38 aut
1139 884 87 38 saltem

709 912 79 33 est
754 912 68 33 in
788 912 136 33 potentia
890 912 113 33 neutra
969 912 136 33 respectu
1071 912 124 33 talium,
1150 912 79 33 sicut

705 943 96 35 dicit
770 943 128 35 Subtilis
866 943 107 35 doctor
941 943 75 35 in.
984 943 64 35 2.
1016 943 107 35 sentem
1080 943 139 35 distinctio-

705 974 75 36 ne.
748 974 75 36 16,
791 974 118 36 quaest.
877 974 108 36 vnica,
953 974 54 36 &
974 974 75 36 hoc
1017 974 65 36 in
1050 974 97 36 casu,
1114 974 75 36 quo
1147 974 75 36 tales

709 1006 124 36 formae
795 1006 86 36 non
845 1006 173 36 inducuntur
980 1006 124 36 contra
1054 1006 161 36 inclinatio-

706 1037 84 41 nem
754 1037 156 41 naturalem
874 1037 156 41 principii
994 1037 144 41 passiui.
1102 1037 72 41 Ad
1126 1037 96 41 ratio-

705 1068 89 42 nem
756 1068 114 42 autem
832 1068 127 42 eorum,
920 1068 101 42 quam
984 1068 152 42 reputant
1085 1068 139 42 demonstra

705 1100 82 30 re,
752 1100 187 30 respondetur,
904 1100 82 30 cum
951 1100 152 30 quaeritur
1068 1100 70 30 an
1091 1100 129 30 diniensio

710 1132 145 29 interminata
826 1132 106 29 remanet
903 1132 116 29 secundum
990 1132 77 29 rem,
1039 1132 68 29 vel
1077 1132 116 29 secundum
1154 1132 68 29 ratio

707 1165 94 29 nem,
766 1165 94 29 dico
825 1165 94 29 quod
884 1165 130 29 remanet
979 1165 83 29 vna
1026 1165 142 29 nuntero,
1132 1165 71 29 eo
1156 1165 59 29 mo-

706 1189 84 37 do,
754 1189 84 37 quo
802 1189 131 37 materia
897 1189 131 37 seclusa
993 1189 96 37 omni
1053 1189 108 37 forma
1112 1189 108 37 dicitur

705 1229 79 30 vna
750 1229 124 30 numero:
840 1229 56 30 &
862 1229 68 30 vt
896 1229 79 30 sic
941 1229 79 30 est
986 1229 79 30 ens
1031 1229 146 30 rationis,
1144 1229 79 30 i2.
1178 1229 45 30 me

708 1258 80 32 ta.
753 1258 91 32 com.
810 1258 80 32 14.
855 1258 91 32 ista
912 1258 102 32 autem
980 1258 114 32 vnitas
1060 1258 148 32 nomeralis
1162 1258 57 32 est

708 1286 154 39 priuatiua,
829 1286 99 39 sicut
895 1286 77 39 est
939 1286 110 39 vnitas
1015 1286 143 39 materiae.
1125 1286 77 39 nam
1158 1286 55 39 si-

702 1318 85 29 cut
750 1318 134 29 materia
848 1318 134 29 dicitur
945 1318 85 29 vna
993 1318 134 29 numero,
1091 1318 97 29 quia
1151 1318 85 29 non

701 1347 118 31 habet
780 1347 145 31 aliquam
885 1347 105 31 vnam
951 1347 132 31 formam
1043 1347 145 31 numero,
1148 1347 92 31 per

706 1379 92 41 quam
764 1379 81 41 sit
810 1379 104 41 haec,
879 1379 81 41 sed
926 1379 81 41 est
972 1379 69 41 in
1006 1379 138 41 potentia
1110 1379 69 41 ad
1133 1379 81 41 omnes

699 1410 134 32 formas:
796 1410 85 32 ita
845 1410 194 32 pariformiter
1002 1410 146 32 dicendum
1112 1410 97 32 puto
1160 1410 61 32 di-

704 1444 173 30 mensionem
837 1444 213 30 interminatam
1010 1444 106 30 esse
1076 1444 106 30 vnam
1129 1444 80 30 nume

701 1476 94 32 ro,
754 1476 94 32 pro
808 1476 135 32 quanto
903 1476 94 32 non
957 1476 121 32 habet
1038 1476 148 32 aliquem
1132 1476 81 32 vnum

707 1505 130 33 terminum,
807 1505 70 33 per
847 1505 80 33 quem
897 1505 70 33 sit
937 1505 140 33 terminata,
1048 1505 70 33 sed
1088 1505 120 33 secundum
1168 1505 40 33 se

705 1535 77 35 est
749 1535 165 35 indifferens
881 1535 66 35 ad
914 1535 99 35 omnes
981 1535 143 35 terminos.
1091 1535 77 35 Et,
1124 1535 88 35 quando

699 1565 119 31 dicitur
785 1565 86 31 quod
839 1565 162 31 perpetuitas
969 1565 86 31 ista
1023 1565 129 31 requirit
1109 1565 97 31 aliquam

697 1598 121 34 formam
782 1598 206 34 substantialem
952 1598 73 34 in
988 1598 146 34 materia,
1098 1598 85 34 per
1134 1598 73 34 quam

701 1626 92 41 ipsa
758 1626 126 41 materia
850 1626 138 41 perpetuo
953 1626 80 41 sit
999 1626 80 41 sub
1045 1626 92 41 tali
1091 1626 115 41 dimensio

694 1656 82 44 ne,
741 1656 94 44 nego
800 1656 175 44 argumentum.
940 1656 94 44 quia
998 1656 94 44 alia
1057 1656 82 44 est
1092 1656 117 44 disposi-

701 1687 85 36 tio
749 1687 73 36 ac
786 1687 158 36 cidentium
907 1687 206 36 terminatorum,
1077 1687 61 36 &
1102 1687 97 36 alia
1150 1687 61 36 est

694 1721 247 31 interminatorum.
902 1721 182 31 accidentia
1046 1721 169 31 terminata
1163 1721 52 31 be

695 1754 75 33 ne
733 1754 214 33 praesupponunt
909 1754 126 33 formam
997 1754 75 33 in
1035 1754 151 33 materia,
1148 1754 88 33 non

702 1789 100 34 qutem
768 1789 177 34 interminata.
913 1789 89 34 Vnde
968 1789 67 34 in
1001 1789 78 34 hoc
1046 1789 144 34 discrepat
1145 1789 67 34 Com.

698 1814 64 36 vt
730 1814 96 36 supra
794 1814 85 36 dixi
847 1814 64 36 ab
879 1814 85 36 Aui,
932 1814 117 36 quaAui.
1018 1814 128 36 credidit
1113 1814 96 36 vnam,
1177 1814 53 36 &

696 1848 119 34 eandem
780 1848 203 34 dispositionem
947 1848 95 34 esse
1006 1848 167 34 vtrorunque
1126 1848 84 34 acci-

703 1875 130 39 dentium,
801 1875 87 39 quod
855 1875 141 39 videlicet
963 1875 98 39 talia
1028 1875 65 39 in
1061 1875 141 39 composito
1159 1875 43 39 ex
