1416 2066
184 180 188 62 INatura
321 180 171 62 igitur
441 180 120 62 est
509 180 206 62 creatio.
664 180 86 62 &

198 228 161 56 treatio
316 228 161 56 dicitur
433 228 146 56 duobus
535 228 146 56 modis.
623 228 88 56 pri-

196 276 135 59 uatio
286 276 120 59 enim
361 276 150 59 quodam
467 276 120 59 modo
542 276 105 59 est
587 276 120 59 forma.

203 325 139 53 vtrum
295 325 124 53 vero
373 325 93 53 in
419 325 232 53 generatione
589 325 124 53 simpli

198 371 88 58 ci
242 371 103 58 est
301 371 191 58 priuatio,
448 371 74 58 &
478 371 162 58 aliquod
581 371 132 58 contra-

203 416 137 58 rium,
294 416 106 58 aut
355 416 106 58 non
415 416 122 58 est,
476 416 228 58 perscrutandum

194 466 113 56 est
242 466 113 56 post.

189 525 96 46 Cum
244 525 191 46 declarauit
394 525 109 46 quod
463 525 137 46 natura
559 525 150 46 dicitur
654 525 55 46 de

198 567 111 34 fora,
272 567 148 34 incoepit
383 567 148 34 diuidere
494 567 148 34 secundum
605 567 99 34 quot
655 567 49 34 mo

203 603 82 39 dos
250 603 128 39 dicitur
343 603 117 39 forma,
425 603 58 39 &
448 603 105 39 dixit
518 603 82 39 eam
565 603 93 39 dici
612 603 93 39 duobus

199 640 107 48 modis.
274 640 107 48 dicit.
349 640 85 48 enim
402 640 64 48 de
434 640 107 48 formis
508 640 139 48 perfectis
615 640 64 48 in
636 640 75 48 esse,

197 677 93 53 cum
250 677 133 53 quibus
343 677 93 53 non
396 677 239 53 communiungitur
581 677 133 53 priuatio

203 716 65 51 &
229 716 143 51 dicitur
333 716 78 51 de
372 716 182 51 diminutis,
515 716 91 51 cum
567 716 130 51 quibus
645 716 65 51 con

188 755 158 52 iungitur
306 755 132 52 aliqua
398 755 171 52 priuatio,
530 755 79 52 vt
569 755 132 52 quando
648 755 66 52 fit

197 795 132 40 motus
285 795 88 40 de
329 795 190 40 nigredine
476 795 73 40 &
505 795 88 40 in
534 795 176 40 albedinem,

200 830 133 45 albedo
293 830 106 45 enim
359 830 93 45 est
412 830 133 45 forma,
505 830 93 45 cum
558 830 93 45 qua
611 830 93 45 non
651 830 66 45 com

201 869 157 55 iungitur
319 869 157 55 priuatio
437 869 144 55 omnino.
542 869 144 55 nigredo
633 869 79 55 vero

200 910 100 51 est
257 910 143 51 forma,
357 910 100 51 cum
414 910 100 51 qua
471 910 214 51 coniungitur
628 910 86 51 pri-

209 947 88 47 uatio
268 947 136 47 albedinis.
375 947 49 47 &
394 947 126 47 similiter
491 947 107 47 videtur
569 947 58 47 in
598 947 107 47 omnibus
666 947 49 47 com

207 989 160 52 trariis.
327 989 67 52 a
354 989 187 52 contrarium
500 989 147 52 igitur,
607 989 93 52 cum
647 989 67 52 quo

200 1028 204 52 coniungitur
364 1028 136 52 aliqua
459 1028 177 52 priuatio,
595 1028 95 52 est
636 1028 82 52 vnum

202 1066 135 39 eorum,
297 1066 81 39 de
338 1066 135 39 quibus
433 1066 149 39 dicitur
541 1066 135 39 forma.
622 1066 95 39 forma

199 1109 126 50 ligitur
290 1109 126 50 dicitur
382 1109 69 50 de
417 1109 161 50 contrario,
543 1109 80 50 cui
589 1109 80 50 non
623 1109 92 50 coniun

199 1144 103 50 gitur
267 1144 149 50 priuatio:
382 1144 57 50 &
405 1144 126 50 dicitur
497 1144 69 50 de
531 1144 92 50 alio
577 1144 138 50 contrario,

195 1183 103 50 cui
254 1183 220 50 coniungitur
430 1183 190 50 priuatio.
576 1183 88 50 Et
605 1183 103 50 forte

200 1221 150 53 intendit
312 1221 100 53 quod
374 1221 112 53 forma
449 1221 137 53 dicitur
549 1221 125 53 duobus
624 1221 87 53 modis

200 1265 84 41 de
242 1265 154 41 habitu,
354 1265 70 41 &
382 1265 196 41 priuatione
536 1265 182 41 existente
662 1265 56 41 in

209 1301 133 45 prima
298 1301 177 45 materia.
431 1301 118 45 ista
504 1301 118 45 enim
578 1301 74 45 b
593 1301 118 45 priua-

204 1338 108 52 tio
265 1338 154 52 quodam
373 1338 123 52 modo
450 1338 108 52 non
511 1338 108 52 est
557 1338 154 52 priuatio

206 1376 177 43 simplex:
339 1376 118 43 immo
413 1376 104 43 est
472 1376 133 43 sicut
561 1376 133 43 forma
635 1376 74 43 ma-

198 1415 139 47 teriae
296 1415 84 47 Et
337 1415 111 47 quia
407 1415 97 47 hoc
463 1415 195 47 manifestum
616 1415 97 47 est
657 1415 56 47 in

189 1454 184 44 contrarijs,
336 1454 98 44 quae
398 1454 98 44 sunt
459 1454 74 44 in
496 1454 172 44 qualitate,
631 1454 61 44 &
644 1454 61 44 non

201 1500 87 46 est
250 1500 175 46 manifestum
388 1500 137 46 quomodo
487 1500 87 46 est
537 1500 75 46 de
562 1500 150 46 geneatione

194 1532 82 50 cin
241 1532 176 50 substantia,
382 1532 141 50 scilicet
487 1532 117 50 vtrum.
569 1532 70 50 en
593 1532 117 50 priuatio

186 1568 92 54 ne
232 1568 154 54 formae
339 1568 261 54 substantialis
539 1568 169 54 coniungat

206 1613 196 37 contrarium
360 1613 98 37 aut
416 1613 112 37 non,
486 1613 126 37 dixit
570 1613 126 37 vtrum
640 1613 70 37 au-

203 1648 92 54 tem
255 1648 78 54 in
294 1648 209 54 generatione,
465 1648 92 54 &c.
517 1648 78 54 i.
556 1648 118 54 vtrum
621 1648 92 54 autem

198 1686 80 53 in
238 1686 186 53 gneratione
383 1686 159 53 simplici
503 1686 186 53 inueniatur
635 1686 80 53 con-

206 1725 140 49 iunctum
308 1725 89 49 cum
359 1725 179 49 priuatione
500 1725 140 49 aliquid
589 1725 115 49 contra-

207 1764 116 52 rium,
284 1764 90 52 ita
336 1764 103 52 quod
400 1764 142 52 dicatur
503 1764 90 52 hoc
555 1764 116 52 nomen
619 1764 90 52 forma

203 1805 102 51 etiam
271 1805 68 51 de
305 1805 91 51 isto
361 1805 158 51 contrario,
486 1805 79 51 cui
520 1805 192 51 communiungitur,

200 1844 99 54 ista
261 1844 160 54 priuatio,
384 1844 62 54 &
409 1844 74 54 de
446 1844 172 54 priuatione
569 1844 148 54 communium

732 179 67 50 cta
771 179 67 50 cum
809 179 67 50 hoc
848 179 135 50 contrario,
954 179 115 50 secundum
1040 179 77 50 quod
1088 179 67 50 est
1117 179 106 50 communiun

725 221 92 45 cta,
782 221 80 45 aut
828 221 92 45 non,
885 221 195 45 perscrutandum
1046 221 80 45 est
1092 221 103 45 post,
1161 221 69 45 i.
1184 221 46 45 in

718 260 143 54 libro
813 260 95 54 de
861 260 190 54 Onatione
987 260 238 54 &Corruptione,

728 293 94 56 illic
790 293 83 56 enim
842 293 146 56 declarabit
957 293 83 56 quod
1009 293 136 56 priuatio,
1113 293 83 56 quae
1165 293 73 56 est
1197 293 31 56 i

730 338 124 46 prima
813 338 166 46 materia,
938 338 97 46 non
993 338 180 46 denudatur
1131 338 69 46 a
1145 338 83 46 pri-

719 380 92 45 mis
771 380 197 45 contrarijs,
929 380 105 45 quae
994 380 105 45 sunt
1060 380 144 45 quatuor
1151 380 79 45 qua-

729 413 144 51 litates,
837 413 60 51 &
861 413 96 51 quod
921 413 96 51 ista
981 413 156 51 contraria
1101 413 96 51 sunt
1149 413 84 51 prima

728 459 131 47 omnium,
823 459 95 47 quae
883 459 179 47 generantur,
1026 459 60 47 &
1038 459 179 47 corrumpuntur.

775 524 253 37 SVMMA
915 524 253 37 SECVNBA

717 573 76 38 De
755 573 190 38 differentia
908 573 178 38 Naturalis,
1047 573 63 38 &
1060 573 165 38 Mathematici

723 621 77 61 De
762 621 193 61 differentia
916 621 116 61 inter
993 621 154 61 Physici,
1109 621 64 61 &
1121 621 116 61 Mathema

766 669 102 51 tici
830 669 243 51 contemplationem
1035 669 77 51 de
1073 669 115 51 eadem
1150 669 89 51 re,
1201 669 64 51 &

762 706 107 49 quod
828 706 120 49 magis
909 706 147 49 peccunt
1016 706 94 49 qui
1069 706 120 49 ponut
1136 706 107 49 formas

764 742 173 52 naturales,
900 742 62 52 a
925 742 136 52 materia
1024 742 186 52 expoliatas:
1160 742 74 52 quam

767 782 202 52 Mathematici,
932 782 88 52 qui
982 782 177 52 tantummodo
1109 782 126 52 intelle-

766 821 136 53 ctione
862 821 177 53 separant.
998 821 109 53 Cap.
1066 821 82 53 1.
1107 821 68 53 &
1121 821 54 53 a:

892 876 169 47 Vvoniam
1015 876 138 47 autem
1091 876 154 47 determi-

885 924 153 46 natum
987 924 119 46 est
1055 924 136 46 quot
1124 924 119 46 modis

892 964 139 46 natura
989 964 167 46 dicitur,
1114 964 111 46 post
1170 964 69 46 hoc

871 1004 275 55 lspeculandum
1094 1004 120 55 est
1146 1004 86 55 quo

732 1045 171 46 diciturt
860 1045 228 46 Mathematicus
1045 1045 71 46 a
1074 1045 171 46 Physico.
1188 1045 57 46 et

726 1088 110 51 enim
795 1088 138 51 plana,
892 1088 69 51 &
919 1088 138 51 solida
1016 1088 165 51 hiabeunt
1126 1088 110 51 physi-

725 1132 100 46 ca
775 1132 200 46 corpora,
926 1132 84 46 &
959 1132 284 46 longitudines,
1193 1132 84 46 &

722 1173 199 54 puncta,
867 1173 108 54 de
921 1173 181 54 quibus
1029 1173 217 54 consyderat

702 1213 286 54 Mathematicus.

779 1253 99 53 Et
829 1253 99 53 cu
879 1253 297 53 determinauimus
1110 1253 132 53 modos,

729 1301 166 61 secudum
850 1301 121 61 quos
925 1301 166 61 dicitur
1046 1301 166 61 natura,
1152 1301 91 61 opor

720 1348 105 59 tet
780 1348 105 59 nos
840 1348 226 59 consyderare
1021 1348 90 59 in
1051 1348 196 59 differentia

725 1397 160 46 inter
832 1397 285 46 Mathematicu,
1063 1397 89 46 &
1081 1397 160 46 Natura-

727 1444 94 62 lem,
786 1444 82 62 qui
833 1444 94 62 sit.
892 1444 129 62 corpora
986 1444 94 62 enim
1045 1444 153 62 naturalia
1151 1444 94 62 habent

723 1493 234 61 superficies,
914 1493 234 61 soliditates,
1104 1493 73 61 &
1118 1493 132 61 longitu

727 1541 140 58 dines,
825 1541 70 58 &
853 1541 140 58 pucta,
951 1541 84 58 et
993 1541 112 58 sunt
1063 1541 126 58 illa,
1147 1541 84 58 de
1175 1541 70 58 qui

724 1588 116 46 bus
791 1588 232 46 consyderat
956 1588 249 46 Mathematicus.

764 1645 158 47 Dicit:
875 1645 95 47 Et
922 1645 111 47 cum
986 1645 253 47 declarauimus
1176 1645 79 47 na-

735 1684 89 47 tura
790 1684 89 47 quid
846 1684 89 47 sit,
901 1684 55 47 &
923 1684 133 47 secundum
1023 1684 89 47 quot
1078 1684 100 47 modos
1133 1684 111 47 dicitur,

724 1725 159 51 oportet
839 1725 101 51 nos
897 1725 130 51 loqui
984 1725 87 51 de
1028 1725 116 51 alio
1086 1725 159 51 principio

733 1765 98 48 etiam
798 1765 109 48 namli,
875 1765 54 48 &
896 1765 76 48 est
940 1765 87 48 dare
995 1765 142 48 dicituram
1103 1765 98 48 inter
1158 1765 87 48 consy-

729 1805 294 37 derationemNamlis,
981 1805 70 37 &
1009 1805 224 37 Mathematici.
1177 1805 70 37 com

725 1850 148 40 ueniunt
832 1850 108 40 enim
899 1850 256 40 iconsyderatione
1115 1850 81 40 de
1141 1850 108 40 eodem.
