1416 2066
168 157 86 45 dicit
226 157 77 45 Com.
274 157 77 45 ibi.
322 157 77 45 quod
370 157 86 45 debet
427 157 125 45 intelligi
523 157 115 45 secundum
600 157 86 45 defini-

169 197 110 38 tionem,
249 197 70 38 non
289 197 120 38 secundum
378 197 90 38 esse,
438 197 80 38 quia
488 197 100 38 potest
557 197 120 38 definiri
637 197 40 38 si

166 228 69 38 ne
201 228 139 38 materia,
305 228 104 38 licet
374 228 81 38 non
420 228 115 38 possit
501 228 92 38 esse
559 228 92 38 sine
605 228 81 38 mate-

166 263 95 41 ria.
225 263 83 41 Hoc
273 263 119 41 iterum
356 263 107 41 stare
427 263 83 41 non
474 263 130 41 potest.
569 263 95 41 quia
617 263 59 41 pri

167 295 72 36 mo
203 295 72 36 de
239 295 108 36 anima
312 295 96 36 com.
372 295 84 36 16.
420 295 84 36 qui
468 295 72 36 in
492 295 193 36 definitionibus

167 323 185 39 naturalibus
315 323 148 39 demitrit
426 323 160 39 materiam,
549 323 136 39 videtur
636 323 49 39 de

165 355 136 32 mittere
263 355 136 32 aliquod
362 355 86 32 non
411 355 86 32 nec
461 355 160 32 essarium.
584 355 86 32 sed
621 355 62 32 non

165 395 81 31 est
212 395 92 31 ita,
269 395 92 31 quia
327 395 104 31 forma
396 395 104 31 debet
465 395 92 31 sumi
523 395 69 31 in
546 395 138 31 dispositio

167 419 122 31 nibus,
252 419 73 31 in
289 419 122 31 quibus
375 419 147 31 existit.
485 419 135 31 Amplius
571 419 110 31 videmus

169 452 126 32 Aristo.
260 452 69 32 in
295 452 172 32 definitione
432 452 115 32 animae
512 452 115 32 ponere
581 452 103 32 corpus,

166 481 60 33 &
190 481 84 33 ita
238 481 72 33 de
274 481 108 33 aliis
346 481 120 33 formis
430 481 180 33 naturalibus
562 481 120 33 dicendum

167 512 87 35 est.
222 512 142 35 Soluitur.
331 512 98 35 dicit
397 512 98 35 Alex.
462 512 87 35 quod
517 512 98 35 modus
572 512 120 35 abstrahen

166 549 74 30 di
203 549 196 30 matnematicus
362 549 74 30 in
399 549 123 30 multis
485 549 147 30 deseruit
583 549 98 30 scien-

165 577 88 37 tiae
220 577 142 37 Naturali.
329 577 66 37 Et
362 577 77 37 dat
406 577 131 37 exemplum
505 577 66 37 in
538 577 142 37 principio
636 577 55 37 li-

163 610 79 39 bri
208 610 125 39 Priorum
299 610 68 39 in
333 610 91 39 casu
389 610 125 39 nostro,
480 610 91 39 puta
537 610 113 39 quando
605 610 79 39 Natu-

168 638 113 36 ralis
244 638 88 36 per
294 638 188 36 intellectum
444 638 163 36 abstrahit
569 638 125 36 formam
644 638 38 36 a

170 676 118 30 materia,
258 676 78 30 quae
308 676 88 30 tamen
366 676 118 30 secundum
455 676 78 30 esse
504 676 69 30 est
543 676 59 30 in
572 676 118 30 materia.
651 676 39 30 in

167 704 81 32 hoc
214 704 92 32 enim
271 704 139 32 imitatur
375 704 162 32 Geometram,
502 704 81 32 qui
548 704 115 32 lineam
618 704 69 32 exi-

167 735 129 35 stentem
261 735 70 35 in
296 735 129 35 materia
390 735 152 35 sensibili
507 735 152 35 abstrahit
624 735 59 35 a
636 735 47 35 ma

167 766 97 36 teria
232 766 152 36 sensibili.
351 766 141 36 similiter
460 766 97 36 quado
525 766 141 36 abstrahit
622 766 65 36 prae

161 798 175 35 dicamentum
299 798 188 35 substantiae
449 798 75 35 ab
487 798 113 35 aliis
549 798 138 35 praedica-

163 828 128 38 mentis,
256 828 58 38 &
280 828 70 38 in
315 828 116 38 multis
396 828 105 38 aliis
466 828 140 38 casibus.
571 828 93 38 Vnde
617 828 70 38 sci-

169 861 61 41 re
199 861 91 41 debes
260 861 81 41 quod
311 861 91 41 licet
372 861 102 41 Arist.
443 861 152 41 distinxerit
565 861 71 41 in.
606 861 61 41 6.
626 861 61 41 pri-

172 901 83 32 mae
219 901 189 32 philosophiae
373 901 153 32 scientias
490 901 189 32 speculatiuas
632 901 47 32 pe

163 926 83 36 nes
210 926 154 36 triplicem
329 926 106 36 modum
399 926 177 36 definiendi,
541 926 106 36 tamen
600 926 83 36 modus

165 964 168 30 abstrahendi
299 964 134 30 secundum
400 964 134 30 rationem
501 964 67 30 in
534 964 134 30 pluribus
624 964 67 30 inue

169 986 109 34 nitur
241 986 145 34 communis
350 986 73 34 in
387 986 85 34 his
435 986 121 34 duabus
520 986 169 34 scientiis,
641 986 48 34 vt

164 1020 105 34 dicit
234 1020 151 34 praefatus
350 1020 128 34 doctor.
443 1020 58 34 &
467 1020 81 34 est
513 1020 116 34 dictum
583 1020 93 34 aureum

168 1052 61 31 &
192 1052 109 31 magni
265 1052 146 31 momenti:
374 1052 121 31 soluit
459 1052 97 31 enim
520 1052 121 31 multas
593 1052 97 31 arduas

171 1082 195 32 difficultates
331 1082 69 32 in
366 1082 184 32 philosophia.
515 1082 69 32 Et
549 1082 103 32 istum
607 1082 80 32 modum

166 1114 129 42 dicendi
260 1114 141 42 latenter
366 1114 117 42 innuit
448 1114 129 42 Aristo.
542 1114 70 42 in
577 1114 106 42 primo
636 1114 47 42 de

173 1149 95 30 anima
237 1149 63 30 in
268 1149 84 30 tex.
321 1149 84 30 com.
373 1149 74 30 12.
415 1149 74 30 vbi
458 1149 116 30 scribit
542 1149 84 30 quod
594 1149 63 30 si
615 1149 74 30 anima

169 1178 95 32 non
224 1178 163 32 habuerit
346 1178 150 32 aliquam
455 1178 204 32 operationem
605 1178 82 32 sibi

171 1212 148 29 propriam,
284 1212 136 29 secundum
387 1212 91 29 quam
443 1212 114 29 possit
523 1212 91 29 esse
568 1212 114 29 separata

172 1238 115 36 secundum
259 1238 77 36 esse
306 1238 48 36 a
325 1238 115 36 corpore,
412 1238 77 36 tunc
459 1238 77 36 erit
507 1238 57 36 de
536 1238 86 36 illa,
593 1238 86 36 sicut
641 1238 48 36 est

170 1271 72 35 de
206 1271 120 35 recto,
290 1271 84 35 cui
337 1271 108 35 multa
409 1271 179 35 contingunt,
541 1271 143 35 inquantunt

166 1302 115 36 rectum
247 1302 92 36 est,
305 1302 92 36 quae
363 1302 81 36 non
409 1302 162 36 contingere
536 1302 92 36 sibi
582 1302 104 36 possunt

176 1341 63 34 vt
207 1341 73 34 est
249 1341 63 34 in
280 1341 115 34 corpore
364 1341 147 34 sensibili:
479 1341 52 34 &
500 1341 94 34 sicut
563 1341 94 34 estde
616 1341 73 34 sphae

170 1369 77 33 ra,
214 1369 55 33 &
236 1369 110 33 plano,
312 1369 88 33 quae
367 1369 131 33 secundum
466 1369 131 33 rationem
554 1369 131 33 mathemati-

167 1405 95 29 cam
222 1405 68 29 &
249 1405 203 29 imaginatiam
411 1405 176 29 contangit
547 1405 135 29 planum
628 1405 54 29 in

172 1436 115 34 puncto,
255 1436 73 34 cum
297 1436 94 34 tamen
359 1436 157 34 naturalitur
485 1436 73 34 hoc
526 1436 94 34 fieri
579 1436 104 34 nequeat,

168 1466 95 32 quia
228 1466 107 32 omnis
299 1466 155 32 contactus
418 1466 155 32 naturalis
537 1466 83 32 est
573 1466 107 32 diuisib

169 1494 96 36 lis,
229 1494 96 36 quia
289 1494 132 36 corpora
385 1494 192 36 coniunguntur
541 1494 72 36 in
565 1494 120 36 superfi-

171 1533 81 34 cie.
222 1533 71 34 ibi
262 1533 81 34 enim
313 1533 132 34 Aristote.
415 1533 102 34 voluit
486 1533 81 34 dare
537 1533 152 34 intelligere
649 1533 30 34 o

171 1555 92 39 anima
232 1555 62 39 in
263 1555 82 39 illo
314 1555 82 39 casu
366 1555 92 39 solum
427 1555 123 39 secundum
520 1555 123 39 rationem
602 1555 82 39 posset

168 1588 125 38 abstrahi
261 1588 52 38 a
282 1588 125 38 corpore,
375 1588 73 38 non
417 1588 125 38 secundum
510 1588 93 38 esse,
573 1588 93 38 sicut
625 1588 62 38 sunt

169 1628 111 30 entia
243 1628 197 30 mathematica.
403 1628 74 30 Et
440 1628 99 30 ideo
502 1628 136 30 rndetur
601 1628 74 30 ad
625 1628 62 30 for

170 1651 81 39 mam
217 1651 231 39 contradictionis.
413 1651 81 39 Pro
460 1651 81 39 quo
506 1651 127 39 aduerte
598 1651 93 39 quod
645 1651 46 39 vt

170 1685 112 32 scribit
251 1685 82 32 Com.
302 1685 71 32 in.
343 1685 71 32 12.
384 1685 102 32 primae
455 1685 173 32 philosophiae.
598 1685 82 32 com.
639 1685 51 32 39.

168 1719 154 30 intellectus
291 1719 72 30 est
332 1719 113 30 maioris
414 1719 133 30 virtutis,
516 1719 82 30 quae
567 1719 72 30 sit
598 1719 82 30 natura

171 1749 114 39 potest
250 1749 91 39 enim
307 1749 114 39 aliqua
387 1749 148 39 diuidere,
500 1749 91 39 quae
557 1749 114 39 natura
625 1749 57 39 non

171 1778 125 41 potest.
261 1778 102 41 sicut
329 1778 125 41 diuidit
420 1778 136 41 materiam
522 1778 57 41 a
544 1778 113 41 forma,
612 1778 68 41 quod

170 1812 75 32 non
213 1812 75 32 pot
256 1812 96 32 fieri
320 1812 75 32 per
363 1812 128 32 naturam.
459 1812 117 32 materia
544 1812 85 32 enim
598 1812 75 32 per
630 1812 53 32 in-

164 1846 161 37 tellectum
288 1846 124 37 potest
374 1846 173 37 apprehendi
511 1846 74 37 in
548 1846 136 37 secunda
634 1846 50 37 no

175 1873 112 37 tione
249 1873 99 37 post
311 1873 124 37 illam,
398 1873 99 37 quam
460 1873 124 37 habuit
534 1873 149 37 Naturalis,

170 1905 129 50 secundum
267 1905 86 50 quam
321 1905 119 50 cognita
408 1905 76 50 est
451 1905 76 50 per
494 1905 140 50 analogiam
602 1905 65 50 ad
623 1905 65 50 for

705 164 99 38 mam
761 164 99 38 per
818 164 212 38 priuationem
987 164 141 38 omnium
1072 164 141 38 formarum

703 198 63 36 &
729 198 101 36 ista
792 198 202 36 consyderatio
955 198 151 36 pertinet
1069 198 76 36 ad
1094 198 126 36 Diuinum,

709 230 59 31 vt
739 230 108 31 scribit
817 230 78 31 Com.
866 230 69 31 12.
905 230 88 31 meta.
964 230 78 31 com.
1013 230 69 31 14.
1052 230 108 31 materia
1131 230 78 31 enim
1170 230 49 31 ne-

707 265 128 35 gatione
800 265 185 35 cognoscitur,
951 265 70 35 vt
986 265 104 35 patet
1055 265 81 35 10.
1102 265 104 35 meta.
1159 265 70 35 tex.

712 293 86 31 com.
766 293 75 31 12.
809 293 54 31 &
831 293 65 31 si
863 293 162 31 intellectus
993 293 108 31 potest
1068 293 151 31 abstrahere
1176 293 43 31 ma

705 324 122 31 teriam
790 324 61 31 a
815 324 122 31 forma,
900 324 110 31 multo
973 324 110 31 magis
1046 324 134 31 poterit
1131 324 98 31 formam

708 357 158 30 abstrabere
832 357 56 30 a
854 357 135 30 materia.
956 357 90 30 quia
1012 357 68 30 vt
1046 357 124 30 scribit
1125 357 101 30 Aristo.

702 385 76 33 in.
746 385 65 33 7.
778 385 109 33 primae
855 385 174 33 Philosophiae
996 385 65 33 in
1029 385 87 33 tex.
1083 385 87 33 com.
1138 385 65 33 9.
1160 385 65 33 for-

703 417 70 33 ma
738 417 81 33 est
785 417 105 33 magis
854 417 186 33 separabilis.
1005 417 70 33 Et
1040 417 105 33 ratio
1110 417 93 33 est,
1156 417 70 33 quia

701 448 69 34 vt
735 448 103 34 dicit
804 448 149 34 commenta.
919 448 69 34 2.
953 448 115 34 physi.
1034 448 92 34 com.
1091 448 80 34 26.
1126 448 103 34 materia

704 484 82 30 est
751 484 128 30 propter
844 484 128 30 formam,
938 484 58 30 &
961 484 105 30 forma
1031 484 82 30 non
1077 484 82 30 est
1112 484 117 30 propter.

704 514 158 40 materiam.
825 514 61 40 &
850 514 85 40 est
898 514 158 40 sententia
1020 514 109 40 etiam
1080 514 146 40 Philosophi

703 543 69 36 in.
743 543 59 36 2.
772 543 98 36 Physi.
841 543 79 36 tex.
890 543 79 36 com.
939 543 69 36 Si.
979 543 69 36 vbi
1018 543 89 36 habet
1077 543 79 36 quod
1127 543 89 36 forma
1176 543 49 36 est

702 577 105 39 causa
772 577 152 39 materiae,
889 577 82 39 sed
936 577 82 39 non
983 577 140 39 econtra.
1088 577 70 39 Et
1123 577 93 39 quod
1170 577 58 39 di-

713 606 91 48 citur,
776 606 72 48 quod
822 606 72 48 sunt
867 606 54 48 ad
894 606 109 48 aliquid,
976 606 109 48 soluitur
1057 606 72 48 quod
1102 606 72 48 sunt
1138 606 91 48 secundum

706 637 94 37 dici,
768 637 52 37 &
789 637 73 37 non
830 637 125 37 secundum
924 637 94 37 esse,
987 637 94 37 licet
1049 637 114 37 physice
1122 637 104 37 loquendo

707 672 86 33 dici
761 672 107 33 possit
836 672 86 33 quod
890 672 118 33 materia
975 672 129 33 refertur
1072 672 64 33 ad
1104 672 107 33 formam
1168 672 54 33 re-

705 701 126 37 latione
796 701 114 37 reali,
876 701 80 37 cum
922 701 92 37 sit,
979 701 126 37 propter
1071 701 126 37 formam.
1151 701 80 37 forma

707 732 102 33 autem
774 732 68 33 ad
808 732 135 33 materiam
910 732 79 33 aut
955 732 79 33 non
1000 732 147 33 refertur,
1113 732 79 33 aut
1158 732 68 33 si
1181 732 45 33 re

708 763 121 33 fertur,
796 763 133 33 refertur
896 763 144 33 relatione
1006 763 144 33 rationis,
1117 763 99 33 sicut
1172 763 55 33 est

707 797 61 37 de
737 797 122 37 potentia
829 797 51 37 &
849 797 91 37 actu.
910 797 112 37 scribit
991 797 81 37 enim
1041 797 81 37 Com.
1092 797 61 37 in
1122 797 71 37 12.
1153 797 81 37 primae

709 828 181 36 philoscphiae.
859 828 85 36 com.
912 828 75 36 37.
955 828 85 36 quod
1008 828 128 36 potentia
1104 828 128 36 refertur
1189 828 43 36 ad

704 861 119 30 actum,
787 861 83 30 sed
835 861 107 30 actus
906 861 83 30 non
954 861 143 30 refertur
1061 861 71 30 ad
1084 861 143 30 potentiam.

707 889 58 33 &
730 889 81 33 est
776 889 150 33 sententia
891 889 161 33 Philosophi
1017 889 69 33 in
1052 889 69 33 9.
1086 889 115 33 primae
1155 889 69 33 Phi-

711 921 128 33 losophiae
810 921 59 33 in
839 921 79 33 tex.
888 921 79 33 com.
938 921 69 33 13.
977 921 118 33 potentia
1066 921 89 33 autem
1115 921 108 33 reducitur

705 956 65 30 ad
738 956 141 30 materiam,
846 956 54 30 &
868 956 98 30 actus
933 956 65 30 ad
966 956 119 30 formam,
1052 956 65 30 vt
1085 956 119 30 scribit
1161 956 65 30 Com.

711 983 64 35 2.
743 983 95 35 meta.
807 983 85 35 com.
860 983 74 35 26.
902 983 74 35 Dic
945 983 106 35 igitur
1019 983 85 35 quod
1072 983 106 35 licet.
1135 983 85 35 quando

712 1015 157 35 aturalis
830 1015 144 35 definit
935 1015 131 35 formam
1026 1015 183 35 naturalem,
1157 1015 66 35 cum

705 1046 155 36 definitio
824 1046 131 36 debebat
919 1046 143 36 complete
1027 1046 60 36 &
1050 1046 155 36 distincte
1157 1046 60 36 de-

703 1076 134 38 clarare
800 1076 134 38 naturam
897 1076 158 38 definiti,
1019 1076 85 38 non
1067 1076 85 38 pot
1116 1076 97 38 sine
1164 1076 61 38 ma-

710 1109 95 37 teria
774 1109 74 37 eam
816 1109 138 37 definire,
922 1109 64 37 vt
954 1109 95 37 notat
1017 1109 85 37 Com.
1070 1109 74 37 in.
1113 1109 64 37 I.
1144 1109 64 37 de
1166 1109 64 37 ani-

711 1141 73 31 ma.
752 1141 83 31 com.
804 1141 73 31 16.
846 1141 104 31 potest
919 1141 94 31 tamen
981 1141 146 31 abstrahere
1096 1141 62 31 in
1127 1141 94 31 prima
1179 1141 52 31 in-

706 1179 142 35 tellectus
815 1179 153 35 operatione
935 1179 109 35 formam
1011 1179 54 35 a
1033 1179 131 35 materia,
1131 1179 76 35 pro
1164 1179 65 35 quan

707 1204 70 38 to
742 1204 82 38 pot
789 1204 175 38 intelligere
929 1204 128 38 foriam,
1022 1204 82 38 non
1057 1204 163 38 intelligendo

698 1236 150 35 materiam,
814 1236 81 35 hoc
860 1236 92 35 enim
917 1236 81 35 est
963 1236 161 35 abstrahere
1090 1236 81 35 hoc
1136 1236 69 35 ab
1159 1236 69 35 hoc,

709 1266 155 33 videlicet
829 1266 179 33 intelligere
972 1266 108 33 prius
1044 1266 84 33 non
1080 1266 143 33 intellecto

711 1298 147 32 posteriori,
828 1298 88 32 sicut
887 1298 68 32 est
926 1298 59 32 de
955 1298 98 32 linea.
1024 1298 59 32 in
1053 1298 78 32 plus
1102 1298 78 32 enim
1151 1298 68 32 est
1180 1298 49 32 ab-

704 1327 129 35 strahere
801 1327 86 35 quae
855 1327 140 35 definire,
962 1327 65 35 vt
995 1327 108 35 patet.
1070 1327 129 35 Secundum
1156 1327 75 35 autem

703 1360 162 34 sententiam
830 1360 104 34 Auer.
900 1360 104 34 forma
969 1360 81 34 est
1015 1360 173 34 separabilis
1154 1360 58 34 a
1165 1360 58 34 ma-

705 1392 81 35 teria
759 1392 109 35 secundum
841 1392 154 35 definitionem,
967 1392 63 35 non
1004 1392 109 35 secundum
1085 1392 81 35 esse.
1139 1392 72 35 quia
1176 1392 54 35 alia

705 1423 79 37 est
750 1423 113 37 formae
829 1423 158 37 definitio,
953 1423 56 37 &
975 1423 90 37 alia
1031 1423 146 37 materiae,
1144 1423 68 37 eo
1167 1423 56 37 mo-

708 1457 82 33 do,
755 1457 82 33 quo
802 1457 106 33 talia
873 1457 188 33 definitiones
1026 1457 118 33 habere
1097 1457 129 33 dicuntur.

703 1488 81 41 sed
750 1488 81 41 non
796 1488 128 41 possunt
889 1488 139 41 separari
993 1488 70 41 in
1028 1488 104 41 esse,
1098 1488 93 41 quia
1144 1488 81 41 mate-

704 1520 81 34 ria
751 1520 81 34 non
797 1520 81 34 pot
844 1520 139 34 existere
948 1520 93 34 sine
1006 1520 116 34 forma,
1088 1520 105 34 neque
1146 1520 81 34 forma

704 1552 116 38 potest
786 1552 140 38 existere
891 1552 105 38 extra
960 1552 151 38 materiam.
1077 1552 116 38 Noluit
1147 1552 81 38 tamen

710 1583 99 35 Com.
771 1583 124 35 dicere
858 1583 124 35 formam
945 1583 148 35 separari
1056 1583 185 35 definitione
1192 1583 37 35 a

706 1615 141 36 materia,
812 1615 94 36 quia
871 1615 94 36 sine
929 1615 129 36 materia
1023 1615 141 36 definiri
1117 1615 106 36 possit,

706 1646 88 37 sed
757 1646 113 37 modo,
832 1646 88 37 quo
870 1646 125 37 diximus,

744 1680 78 37 ona
789 1680 145 37 contradi.
900 1680 78 37 est
945 1680 67 37 in
979 1680 123 37 commen.
1068 1680 78 37 19.
1113 1680 78 37 vbi
1147 1680 78 37 dicit

703 1709 186 38 Astrologiam
851 1709 174 38 abstrahere
988 1709 62 38 a
1013 1709 112 38 motu.
1087 1709 112 38 Huius
1149 1709 87 38 tamen

710 1742 150 36 oppositum
826 1742 127 36 videtur
918 1742 127 36 dicere.
1010 1742 69 36 I.
1044 1742 104 36 meta.
1113 1742 92 36 com.
1159 1742 58 36 13.

703 1774 97 36 Nisi
763 1774 109 36 esset
836 1774 97 36 quod
897 1774 170 36 Astrologus
1030 1774 158 36 abstrahit
1151 1774 61 36 a
1163 1774 73 36 motu

710 1812 90 30 pro
762 1812 129 30 quanto
852 1812 90 30 non
904 1812 194 30 consyderat,
1059 1812 65 30 &
1072 1812 155 30 demonstrat

707 1836 87 40 per
756 1836 124 40 medium
843 1836 173 40 sensibile,
979 1836 112 40 sicut
1054 1836 173 40 demonstrat
1177 1836 50 40 Na

705 1868 161 33 turalis.
826 1868 108 33 immo
893 1868 148 33 formale
1000 1868 134 33 medium
1095 1868 81 33 in
1121 1868 108 33 consy-

711 1900 175 46 dleratione
848 1900 187 46 Astrologica
997 1900 87 46 est
1035 1900 187 46 mathematicum.
