1416 2066
184 180 79 46 in
223 180 184 46 infinitum.
368 180 92 46 Et,
421 180 92 46 cum
473 180 118 46 dixit
552 180 132 46 illum,
631 180 79 46 quid

192 228 112 43 est,
262 228 168 43 proprium
388 228 168 43 postremo
513 228 154 43 motori,
611 228 98 43 inco-

204 258 81 48 pit
251 258 116 48 dicere
332 258 116 48 illud,
412 258 92 48 quod
470 258 81 48 est
517 258 139 48 proprium
621 258 81 48 ei,
655 258 58 48 per

194 295 100 43 quod
257 295 113 43 mouet
333 295 126 43 primus
420 295 113 43 motor
496 295 151 43 scilicet
596 295 113 43 instio.

198 338 69 45 &
226 338 137 45 dixit:
322 338 69 45 &
349 338 137 45 illud,
445 338 96 45 per
500 338 110 45 quod
569 338 137 45 mouet,
651 338 55 45 ne

200 373 118 37 cesse
279 373 92 37 est
331 373 79 37 vt
370 373 144 37 moueat,
475 373 66 37 &
501 373 79 37 vt
541 373 170 37 moueatur.
659 373 52 37 i.

193 407 77 51 &
223 407 184 51 proprium
361 407 107 51 est
422 407 107 51 ei,
483 407 107 51 per
545 407 122 51 quod
606 407 107 51 mouet

198 445 138 45 motor,
295 445 83 45 vt
336 445 151 45 moueat,
446 445 69 45 &
473 445 83 45 vt
515 445 165 45 moueatur
625 445 83 45 insi

196 485 111 46 mul.
265 485 194 46 D.incoepit
418 485 180 46 declarare
556 485 111 46 quod
611 485 97 46 neces

199 522 80 40 se
239 522 93 40 est
292 522 80 40 in
332 522 93 40 hoc
385 522 80 40 vt
425 522 173 40 moueatur,
558 522 133 40 quando
638 522 66 40 mo-

204 556 92 46 uet,
262 556 58 46 &
285 556 115 46 dixit:
366 556 81 46 hoc
412 556 92 46 enim
470 556 104 46 etiam
528 556 173 46 transmutatur,

200 593 133 47 quoniam
297 593 85 47 hoc
345 593 85 47 non
393 593 121 47 mouet,
478 593 97 47 nisi
539 593 121 47 quando
611 593 97 47 primus

200 633 129 49 motor
286 633 129 49 mouet
371 633 115 49 ipm,
443 633 200 49 necessario
586 633 129 49 sequtur

199 677 93 41 vt,
252 677 133 41 quando
345 677 119 41 mouet
424 677 173 41 moueatur.
557 677 106 41 D.d.
623 677 66 41 &
637 677 66 41 cum

200 707 92 39 hoc
252 707 92 39 est
305 707 224 39 communiunctum
489 707 92 39 cum
542 707 118 39 moto,
621 707 92 39 &c.
660 707 53 39 i.

201 744 65 52 &
227 744 91 52 cum
279 744 91 52 hoc
331 744 143 52 apparet
435 744 104 52 quod
500 744 130 52 illud,
591 744 91 52 per
630 744 78 52 quod

193 789 118 43 mouet
272 789 131 43 primus
363 789 131 43 motor,
455 789 157 43 mouetur,
573 789 131 43 quando
652 789 52 43 mo

196 828 110 42 uet
259 828 204 42 postremum
416 828 157 42 motum,
526 828 126 42 quia
589 828 126 42 tangit

193 857 140 42 illud
287 857 202 42 postremum
442 857 156 42 motum.
551 857 93 42 Et
598 857 109 42 hoc
645 857 62 42 ma

196 894 159 52 nifestum
315 894 93 52 est
368 894 80 52 in
408 894 106 52 eis,
474 894 106 52 quae
541 894 159 52 mouentur
660 894 80 52 in

201 935 114 50 loco.
278 935 140 50 apparet
379 935 102 50 enim
443 935 102 50 quod
507 935 114 50 motum
583 935 89 50 non
621 935 89 50 trans

193 972 127 46 fertur,
286 972 93 46 nisi
344 972 185 46 transferatur
495 972 81 46 cum
541 972 69 46 eo
564 972 139 46 communium-

196 1010 94 49 ctum
255 1010 82 49 per
302 1010 129 49 aliquid
396 1010 141 49 spatium.
502 1010 59 49 &
526 1010 106 49 dixit
596 1010 94 49 quod
643 1010 59 49 hoc

200 1046 136 44 apparet
299 1046 74 44 in
336 1046 111 44 motis
410 1046 74 44 in
447 1046 111 44 loco:
521 1046 136 44 quoniam
608 1046 99 44 illud,

203 1084 84 51 per
251 1084 96 51 quod
311 1084 132 51 alterat
407 1084 120 51 primum
491 1084 156 51 alterans,
599 1084 108 51 existi-

200 1132 120 38 matur
280 1132 80 38 in
320 1132 160 38 pluribus
440 1132 93 38 non
493 1132 174 38 alterari,
614 1132 93 38 sicut

200 1159 122 52 manus
282 1159 216 52 mortificatur
458 1159 162 52 mediante
579 1159 108 52 rere
633 1159 68 52 pi-

204 1200 111 42 scis
273 1200 166 42 rachada,
398 1200 97 42 vel
453 1200 138 42 rabada
550 1200 138 42 narcha
633 1200 69 42 no-

197 1237 85 38 ti,
246 1237 61 38 &
270 1237 110 38 sicut
343 1237 85 38 sol
392 1237 159 38 calefacit
514 1237 110 38 aerem
575 1237 134 38 medianti-

194 1272 90 43 bus
246 1272 180 43 corporibus
387 1272 206 43 coelestibus.
554 1272 90 43 Et.
605 1272 77 43 d.
631 1272 77 43 ali-

200 1312 108 49 quod
268 1312 163 49 spatium,
390 1312 68 49 &
417 1312 95 49 non
472 1312 122 49 dixit
553 1312 122 49 totum
621 1312 81 49 spa-

185 1349 111 49 tium.
259 1349 99 49 quia
320 1349 136 49 apparet
419 1349 99 49 quod
481 1349 210 49 instrumentum,
641 1349 62 49 per

198 1385 108 49 quod
265 1385 94 49 fit
319 1385 148 49 mouere,
427 1385 121 49 forte
507 1385 189 49 associatur
642 1385 54 49 mo

202 1426 80 40 to
242 1426 120 40 vsque
322 1426 80 40 ad
362 1426 120 40 finem
442 1426 134 40 motus,
536 1426 67 40 &
562 1426 120 40 forte
629 1426 67 40 as-

198 1459 157 50 sociatur
316 1459 79 50 ei
355 1459 92 50 per
408 1459 144 50 aliquod
512 1459 157 50 spatium,
617 1459 92 50 sicut

199 1501 155 37 chorda,
312 1501 113 37 quae
382 1501 155 37 dirigit
495 1501 183 37 sagittam,
636 1501 71 37 &
651 1501 56 37 ma

193 1529 103 49 nus,
257 1529 116 49 quae,
334 1529 128 49 piicit
424 1529 154 49 lapidem.
540 1529 90 49 Et,
591 1529 90 49 cum
630 1529 77 49 indu

190 1570 95 42 xit
245 1570 149 42 propria
353 1570 176 42 postremi,
488 1570 68 42 &
515 1570 135 42 medil,
596 1570 108 42 iduxit

201 1610 161 47 proprium
321 1610 134 47 primi,
415 1610 67 47 &
442 1610 134 47 dixit:
535 1610 121 47 illud
602 1610 94 47 autem

197 1647 108 46 quod
264 1647 135 46 mouet,
359 1647 95 46 &c.
413 1647 81 46 i.
453 1647 68 46 &
480 1647 95 46 est
534 1647 162 46 proprium
642 1647 54 46 ei

193 1682 121 51 quod
269 1682 137 51 mouet
360 1682 106 51 per
421 1682 106 51 se,
481 1682 106 51 non
542 1682 121 51 quia
603 1682 106 51 mouet

194 1721 100 49 per
251 1721 143 49 aliud,
351 1721 114 49 hoc,
422 1721 86 49 vt
465 1721 100 49 non
522 1721 172 49 moueatur
637 1721 57 49 om

192 1757 131 45 nino.
280 1757 73 45 &
309 1757 174 45 intendit
439 1757 102 45 hac
498 1757 174 45 disponem
614 1757 87 45 esse

188 1797 86 38 in
231 1797 129 38 primo
316 1797 143 38 motore
416 1797 157 38 totius.
531 1797 71 38 &
559 1797 100 38 hoc
602 1797 100 38 nitit

725 181 202 45 declarare
881 181 93 45 ex
927 181 109 45 hoc
989 181 186 45 sermone.
1129 181 109 45 Et,
1175 181 78 45 cum

732 221 138 45 posuit
829 221 110 45 hanc
898 221 220 45 conclusionem
1063 221 179 45 positionem,

726 258 159 49 incoepit
845 258 173 49 declarare
978 258 146 49 quomodo
1085 258 159 49 sequitur
1191 258 53 49 ex

732 295 148 50 propriis
843 295 111 50 moti,
917 295 62 50 &
942 295 111 50 eius,
1016 295 86 50 per
1065 295 99 50 quod
1115 295 124 50 mouetur,

730 333 89 40 cum
781 333 89 40 eo,
832 333 102 40 quod
896 333 102 40 est,
960 333 153 40 proprium
1075 333 115 40 etiam
1139 333 102 40 primo,

726 370 138 52 secundum
829 370 92 52 quod
886 370 80 52 est
932 370 115 52 primus
1012 370 103 52 motor
1081 370 126 52 totius,
1173 370 57 52 &
1185 370 57 52 di-

722 408 109 42 xit:
790 408 95 42 Cum
845 408 136 42 igitur
940 408 190 42 inuenimus,
1089 408 95 42 &c.
1144 408 82 42 i.
1185 408 82 42 &,

729 446 103 48 cum
788 446 192 48 inuenimus
936 446 192 48 postremum
1083 446 88 48 in
1127 446 147 48 mundo:

732 482 71 44 &
760 482 99 44 est
817 482 128 44 motum
902 482 184 44 separatum
1044 482 71 44 a
1072 482 156 44 motore,
1171 482 71 44 cum

726 522 103 37 sit
785 522 176 37 proprium
917 522 117 37 huic
990 522 88 37 vt
1034 522 103 37 non
1093 522 161 37 moueat:
1195 522 44 37 &

726 556 187 52 inuenimus
870 556 144 52 illud,
971 556 101 52 per
1028 556 115 52 quod
1100 556 101 52 est
1144 556 86 52 motu

727 596 135 48 istius
821 596 162 48 postremi
942 596 121 48 moti,
1023 596 148 48 puenire
1131 596 81 48 in
1158 596 81 48 mumn

731 631 69 45 do
765 631 69 45 ad
799 631 103 45 motum
868 631 69 45 ex
902 631 80 45 se,
948 631 137 45 scilicet
1050 631 57 45 a
1073 631 114 45 motore
1153 631 69 45 in
1176 631 57 45 eo,

726 676 106 45 quod
792 676 93 45 est
845 676 146 45 primum,
951 676 66 45 &
978 676 186 45 principium
1124 676 146 45 totius:

729 709 58 49 &
753 709 128 49 primum,
845 709 139 49 secundum
950 709 93 49 quod
1008 709 81 49 est
1054 709 128 49 primum,
1147 709 81 49 non
1182 709 58 49 det

723 743 107 53 esse
789 743 120 53 prius
870 743 93 53 eo,
923 743 107 53 quod
990 743 93 53 est
1043 743 107 53 post
1096 743 134 53 solummo-

729 781 64 45 do
761 781 129 45 secundum
858 781 183 45 definitionem,
1008 781 75 45 sed
1051 781 129 45 secundum
1148 781 97 45 esse,
1202 781 32 45 &

726 820 237 46 definitionem,
921 820 195 46 econtrario
1075 820 153 46 disponi
1186 820 84 46 in

725 861 168 45 motore,
847 861 107 45 per
908 861 122 45 quem
984 861 183 45 mouentur
1121 861 122 45 mota
1182 861 61 45 ex

728 894 64 44 se
760 894 128 44 scilicet
856 894 160 44 gnerabilia,
985 894 53 44 &
1006 894 192 44 corruptibilia,
1156 894 85 44 neces-

728 932 76 51 se
766 932 88 51 est
817 932 76 51 vt
855 932 101 51 iste
918 932 114 51 motor
993 932 88 51 sit
1044 932 164 51 separatus
1170 932 63 51 a
1183 932 50 51 mo

725 972 87 38 to
769 972 160 38 omnino,
885 972 73 38 &
914 972 102 38 non
972 972 102 38 sit
1031 972 131 38 motum
1103 972 131 38 omnino.

722 1013 75 45 a
752 1013 181 45 Quoniam,
888 1013 105 45 cum
948 1013 166 45 aliquid
1068 1013 151 45 fuerit
1159 1013 75 45 com

720 1045 164 53 positum
839 1045 89 53 ex
884 1045 149 53 duobus
988 1045 209 53 oppositis,
1138 1045 89 53 quo-

719 1085 92 50 rum
771 1085 157 50 vtiumque
889 1085 144 50 existit
994 1085 92 50 per
1047 1085 92 50 se,
1099 1085 66 50 &
1112 1085 118 50 alterum

717 1120 139 51 eorum
809 1120 154 51 fuerit
917 1120 200 51 separatum
1071 1120 77 51 a
1086 1120 139 51 reliquo

722 1152 146 50 necesse
828 1152 93 50 est
881 1152 80 50 vt
921 1152 160 50 reliquum
1041 1152 93 50 sit
1081 1152 146 50 separatum

726 1198 66 52 v.
759 1198 66 52 g.
792 1198 99 52 quod,
858 1198 66 52 si
890 1198 110 52 terra,
967 1198 55 52 &
989 1198 88 52 aqua
1044 1198 88 52 sint
1099 1198 131 52 separata
1186 1198 44 52 in

722 1232 107 49 mixto,
797 1232 54 49 &
819 1232 118 49 vtraque
905 1232 97 49 earum
969 1232 118 49 existit
1055 1232 107 49 perse,
1120 1232 107 49 scilicet

720 1269 110 51 quod
789 1269 151 51 neutrum
899 1269 96 51 est
954 1269 206 51 necessarium
1119 1269 83 51 in
1147 1269 83 51 esse

722 1316 184 42 alterius,
863 1316 71 42 &
892 1316 113 42 aqua
962 1316 141 42 fuerit
1061 1316 184 42 abstracta
1189 1316 42 42 a

724 1346 110 52 terra
797 1346 74 52 in
834 1346 123 52 aliquo
920 1346 110 52 loco,
993 1346 135 52 necesse
1091 1346 86 52 est
1140 1346 74 52 vt
1165 1346 61 52 ter

724 1385 77 49 ra
763 1385 90 49 sit
814 1385 167 49 abstracta
942 1385 77 49 ab
981 1385 103 49 aqua
1045 1385 77 49 in
1084 1385 128 49 aliquo
1161 1385 64 49 lo-

720 1422 95 44 co:
775 1422 109 44 sunt
843 1422 109 44 enim
911 1422 95 44 duo
965 1422 163 44 extrema,
1088 1422 68 44 &
1102 1422 123 44 medium.

721 1461 107 49 cum
782 1461 153 49 igitur
889 1461 168 49 alterum
1011 1461 183 49 extremum
1133 1461 92 49 fue-

722 1496 82 42 rit,
773 1496 112 42 necesse
855 1496 71 42 est
895 1496 61 42 vt
926 1496 92 42 aliud
987 1496 82 42 sit.
1038 1496 51 42 &
1059 1496 133 42 similiter
1161 1496 71 42 est
1191 1496 31 42 d

720 1535 130 50 primo
806 1535 145 50 motore
908 1535 101 50 cum
966 1535 159 50 medijs,
1081 1535 72 50 &
1096 1535 130 50 postre-

719 1570 80 49 mo
759 1570 120 49 moto.
839 1570 120 49 media
919 1570 107 49 enim
985 1570 120 49 licet
1065 1570 107 49 sint
1118 1570 107 49 plura,

720 1610 119 40 eandem
803 1610 119 40 habent
886 1610 131 40 naturam
982 1610 143 40 scilicet
1088 1610 119 40 illud,
1172 1610 83 40 per

723 1646 106 52 quod
789 1646 93 52 fit
842 1646 133 52 motus.
935 1646 106 52 Sunt
1001 1646 133 52 igitur
1094 1646 80 52 in
1121 1646 106 52 secun-

715 1693 96 37 no
763 1693 161 37 ordine
876 1693 193 37 sequente
1020 1693 161 37 primum
1117 1693 112 37 moto-

714 1721 116 41 rem,
786 1721 73 41 &
815 1721 131 41 motum
902 1721 102 41 est
960 1721 87 41 in
1004 1721 145 41 tentio
1091 1721 131 41 ordine.

738 1763 74 46 Si
775 1763 123 46 igitur
861 1763 86 46 non
910 1763 123 46 fuerit
996 1763 123 46 dictum
1083 1763 99 46 quod
1132 1763 86 46 primi

711 1804 119 40 motor
790 1804 146 40 necesse
896 1804 93 40 est
949 1804 80 40 vt
989 1804 93 40 sit
1042 1804 159 40 existens
1162 1804 93 40 per
