1416 2066
169 173 104 52 Si
221 173 139 52 ergo
308 173 122 52 id,
378 173 139 52 quod
465 173 192 52 fertur,
587 173 104 52 mute

187 220 108 47 tur
248 220 92 47 in
294 220 185 47 aliquid,
433 220 77 47 &
463 220 200 47 possibile
602 220 92 47 erit

189 259 175 47 mutari.
316 259 143 47 quare
411 259 111 47 non
475 259 111 47 est
522 259 175 47 infinitus

178 308 156 38 motus,
288 308 140 38 neque
381 308 172 38 feretur
506 308 187 38 infinito
631 308 62 38 mo

185 340 92 44 tu.
237 340 197 44 impossibile
395 340 105 44 enim
461 340 92 44 est
514 340 158 44 transire
619 340 66 44 il-

187 382 124 44 lum.
264 382 124 44 Quod
341 382 155 44 igitur
450 382 108 44 sic
511 382 108 44 non
573 382 108 44 est
635 382 93 44 in

183 426 165 41 finita
299 426 182 41 mutatio
431 426 99 41 vt
481 426 116 41 non
531 426 165 41 finiatur

185 461 223 55 terminis,
356 461 240 55 manifestum
528 461 103 55 est.

226 503 114 52 Et,
291 503 98 52 si
340 503 228 52 translatum
502 503 179 52 transmuta

181 547 98 63 tur
237 547 84 63 ad
279 547 167 63 aliquid.
404 547 181 63 possibile
544 547 98 63 est
585 547 112 63 tranf-

187 597 164 58 mutari.
306 597 89 58 ex
351 597 104 58 quo
411 597 179 58 sequitur
545 597 89 58 vt
575 597 119 58 nullus

180 644 145 54 motus
276 644 113 54 sit
341 644 225 54 infinitus,
518 644 80 54 &
550 644 97 54 vt
582 644 113 54 motus

183 689 102 57 non
242 689 175 57 recipiat
373 689 249 57 aeternitatem.
563 689 132 57 quonia,

171 733 225 61 impossibile
351 733 105 61 est
411 733 240 61 pertransiri.
590 733 105 61 Mani-

182 780 147 62 festum
285 780 103 62 est
344 780 162 62 igitur,
462 780 118 62 quod
521 780 176 62 impossibi-

179 829 89 53 le
224 829 104 53 est
283 829 89 53 vt
327 829 237 53 transmutatio
519 829 104 53 sit
564 829 133 53 aeterna

181 876 207 51 secundum
336 876 138 51 hunc
422 876 172 51 modum,
526 876 172 51 scilicet

194 923 98 47 vt
243 923 115 47 non
308 923 164 47 habeat
423 923 148 47 finem
505 923 181 47 terminatu

223 973 78 51 Cum
267 973 111 51 posuit
345 973 155 51 principium
467 973 133 51 scilicet
566 973 89 51 quod
610 973 78 51 illud

191 1009 89 50 quod
247 1009 168 50 impossibile
381 1009 78 50 est
426 1009 168 50 transmutan,
560 1009 112 50 nunque
638 1009 78 50 in¬

193 1050 125 41 cipiet
281 1050 75 41 in
319 1050 100 41 tram
382 1050 188 41 smutatione,
532 1050 125 41 posuit
607 1050 88 41 aliud

188 1085 176 51 principium,
329 1085 59 51 &
353 1085 82 51 est
400 1085 94 51 quod
459 1085 118 51 illud,
541 1085 94 51 quid
588 1085 106 51 transmu

190 1126 112 41 tatur
264 1126 136 41 rectem,
363 1126 99 41 tunc
425 1126 99 41 pont
487 1126 198 41 transmutari,
636 1126 62 41 cum

189 1159 207 53 transmutatur
357 1159 78 53 ad
396 1159 142 53 aliquem
499 1159 129 53 finem.
590 1159 90 53 nam
628 1159 65 53 im-

194 1196 188 48 possibile
338 1196 101 48 est
396 1196 130 48 ipsum
483 1196 217 48 transmutari
642 1196 58 48 ad

192 1245 141 29 nihilum.
298 1245 141 29 quoniam,
404 1245 71 29 si
439 1245 82 29 hoc
486 1245 118 29 esset,
569 1245 94 29 tunc
616 1245 82 29 motus

193 1273 74 52 cet
236 1273 126 52 ociosus.
330 1273 126 52 D.posuit
425 1273 95 52 etiam
488 1273 84 52 quod
541 1273 126 52 quicquid
625 1273 74 52 trans

186 1311 247 43 mutattransmutatur
398 1311 71 43 ad
433 1311 129 43 aliquid
527 1311 106 43 etiam
598 1311 71 43 in
621 1311 71 43 tran

194 1349 173 45 mutatione,
330 1349 99 45 quae
392 1349 87 45 est
441 1349 87 45 via
491 1349 74 45 ad
528 1349 111 45 esse,
602 1349 62 45 &
615 1349 74 45 cont

187 1388 124 49 elusit,
277 1388 90 49 quod
333 1388 113 49 illud,
412 1388 90 49 quod
469 1388 180 49 transmutatur
615 1388 68 49 ad
638 1388 56 49 in-

186 1424 145 51 finitum,
295 1424 181 51 impossibile
440 1424 85 51 est
488 1424 194 51 transmutari.
634 1424 60 51 de-

181 1461 100 53 inde
244 1461 163 53 coniungit
370 1461 113 53 huic,
445 1461 100 53 quod
508 1461 126 53 illud,
596 1461 100 53 quid
646 1461 50 53 im

185 1501 170 46 possibile
315 1501 91 46 est
368 1501 209 46 transmutari,
537 1501 131 46 nunque
629 1501 91 46 in¬

190 1533 111 53 cipiet
267 1533 89 53 tram
323 1533 144 53 sniutari,
433 1533 55 53 &
456 1533 144 53 conclusit
566 1533 89 53 quod
610 1533 89 53 trans-

181 1574 107 53 latum
253 1574 72 53 in
288 1574 155 53 infinitum
408 1574 179 53 impossibile
551 1574 84 53 est
599 1574 72 53 vt
622 1574 72 53 inci

189 1614 107 44 piat
255 1614 80 44 in
295 1614 227 44 translatione,
482 1614 107 44 eroo
535 1614 160 44 translatum

183 1642 110 49 recte
256 1642 73 49 in
293 1642 159 49 infinitum
415 1642 159 49 imposibie
536 1642 85 49 est
585 1642 110 49 esse.
646 1642 49 49 Et

192 1685 83 43 d.
234 1685 96 43 Et,
289 1685 83 43 si
330 1685 193 43 translatum
481 1685 220 43 transmutatur
646 1685 55 43 ad

188 1728 145 46 aliquid,
297 1728 157 46 possibile
418 1728 85 46 est
466 1728 194 46 transmutari:
623 1728 73 46 &,
648 1728 48 46 si

184 1769 217 34 transmutetur
360 1769 81 34 ad
401 1769 135 34 nihil,
496 1769 81 34 id
537 1769 95 34 est
591 1769 81 34 ad
631 1769 95 34 non

184 1802 118 40 finem,
267 1802 177 40 impossibile
408 1802 83 40 est
455 1802 189 40 transmutari.
609 1802 59 40 &
620 1802 83 40 totum

705 173 94 54 hoc
758 173 227 54 intelligendum
945 173 94 54 est
999 173 80 54 de
1025 173 201 54 transmutatio-

709 212 81 51 ne,
756 212 92 51 quae
813 212 81 51 est
859 212 81 51 via
906 212 69 51 ad
940 212 104 51 esse.
1009 212 92 51 D.d.
1067 212 69 51 ex
1102 212 81 51 quo
1136 212 81 51 seque

713 251 84 39 tur
761 251 72 39 vt
797 251 120 39 nullus
882 251 108 39 motus
954 251 84 39 sit
1002 251 169 39 infinitus,
1135 251 72 39 i.
1159 251 60 39 re-

717 288 103 42 ctus.
785 288 80 42 nam
831 288 114 42 illud,
910 288 91 42 quid
967 288 125 42 mouetur
1058 288 68 42 in
1081 288 137 42 infinitum,

715 324 88 46 non
766 324 139 46 mouetur
867 324 76 46 ad
905 324 139 46 aliquid
1006 324 101 46 ens.
1069 324 101 46 D.d.
1119 324 101 46 causam

712 364 72 50 in
748 364 97 50 hoc,
809 364 60 50 &
833 364 72 50 d.
869 364 133 50 quoniam
965 364 181 50 impossibile
1110 364 85 50 est
1147 364 72 50 per-

720 400 142 48 transiri.
829 400 120 48 quoniam
916 400 109 48 illud,
992 400 87 48 quid
1047 400 120 48 mouetur
1134 400 65 48 in
1167 400 76 48 in¬

710 437 146 41 finitum,
819 437 122 41 nunque
905 437 195 41 pertramsibit
1063 437 146 41 spatium:
1160 437 61 41 sed

712 476 125 50 illud,
800 476 100 50 quid
863 476 188 50 impossibile
1013 476 88 50 est
1063 476 113 50 feri,
1126 476 100 50 nunque

712 512 153 51 incipiet
827 512 127 51 fieri:
916 512 102 51 ergo
979 512 178 51 translatum
1119 512 76 51 in
1157 512 89 51 in¬

707 549 167 44 finitum
828 549 106 44 non
889 549 121 44 est,
965 549 76 44 &
995 549 106 44 hoc
1041 549 182 44 intendebat

716 588 78 51 cum
760 588 67 51 d.
794 588 156 51 Manifestum
916 588 78 51 est
960 588 111 51 igitur
1038 588 89 51 quod
1083 588 144 51 impossibile

711 624 105 42 est
771 624 286 42 transmutationem
1012 624 120 42 esse
1072 624 151 42 aeternam

716 660 87 46 hoc
765 660 99 46 modo
827 660 87 46 sci
877 660 75 46 i.
914 660 124 46 recte,
1001 660 62 46 &
1026 660 87 46 hoc
1063 660 162 46 essentiali-

709 700 109 51 ter.
777 700 81 51 Et
818 700 109 51 ipse
886 700 95 51 non
940 700 176 51 expressit
1076 700 81 51 in
1116 700 95 51 hoc
1157 700 68 51 ser

710 735 148 53 mone,
808 735 131 53 nisi
890 735 213 53 solummodo
1038 735 180 53 propones,

717 775 112 51 quae
787 775 112 51 sunt
856 775 209 51 necessariae
1024 775 84 51 in
1052 775 167 51 concluden-

710 813 70 45 do
745 813 117 45 illud,
827 813 93 45 quod
885 813 140 45 intendit
990 813 163 45 concludere
1106 813 117 45 secundum

711 852 131 38 suum
792 852 147 38 morem
891 852 98 38 in
923 852 262 38 abbreuiatione.

749 887 107 52 Sed,
816 887 80 52 si
856 887 107 52 esse
923 887 134 52 possit
1017 887 107 52 sic,
1084 887 80 52 vt
1111 887 107 52 tempo-

708 928 89 42 re
753 928 104 42 sit
812 928 192 42 infinita,
960 928 118 42 vna,
1034 928 74 42 &
1063 928 133 42 eadem
1137 928 89 42 exi-

711 973 152 44 stens,
817 973 259 44 consyderandum
1031 973 122 44 est.
1107 973 107 44 Nam
1153 973 76 44 vna

713 1013 154 42 quidem,
825 1013 84 42 si
867 1013 98 42 non
923 1013 126 42 fiat,
1007 1013 126 42 nihil
1077 1013 154 42 fortassis

709 1052 192 49 prohibet.
857 1052 89 49 vt
901 1052 89 49 si
945 1052 118 49 post
1019 1052 177 49 lationem
1137 1052 89 49 alte

711 1092 132 56 ratio
799 1092 117 56 sit,
872 1092 73 56 &
901 1092 117 56 post
975 1092 234 56 alterationem
1150 1092 73 56 au-

709 1133 233 57 gmentatio,
893 1133 83 57 &
926 1133 167 57 rursus
1026 1133 200 57 generatio.

716 1175 94 53 sic
769 1175 107 53 enim
836 1175 134 53 semper
930 1175 134 53 quidem
1024 1175 107 53 erit
1091 1175 121 53 tpere
1158 1175 67 53 mo-

716 1214 107 44 tus,
782 1214 93 44 sed
836 1214 93 44 non
889 1214 120 44 vnus,
969 1214 133 44 propea
1062 1214 107 44 quod
1128 1214 93 44 non
1168 1214 67 44 est

707 1256 135 42 vnus
792 1256 102 42 ex
843 1256 203 42 omnibus.
995 1256 102 42 vt
1046 1256 152 42 autem
1130 1256 102 42 fiat

717 1296 153 42 vnus,
819 1296 119 42 non
887 1296 221 42 contingit
1039 1296 187 42 infinitum

713 1337 115 56 esse
785 1337 173 56 tempore,
914 1337 158 56 praeter
1029 1337 130 56 vnum.
1116 1337 101 56 hic
1159 1337 72 56 au-

717 1381 104 45 tem
776 1381 104 45 est
836 1381 133 45 vnus,
924 1381 118 45 ipsa
998 1381 163 45 circulo
1102 1381 118 45 latio.

759 1418 116 60 Sed
826 1418 283 60 consyderandum
1059 1418 116 60 est
1109 1418 116 60 vtrum

716 1465 80 58 sit
761 1465 148 58 possibile
875 1465 68 58 vt
910 1465 80 58 sit
955 1465 80 58 hoc
1001 1465 91 58 modo
1058 1465 137 58 scilicet
1161 1465 68 58 vt
1183 1465 46 58 in

715 1513 161 63 aliquo
827 1513 177 63 tempore
956 1513 112 63 sit
1004 1513 225 63 transmutatio

712 1560 187 58 infinita,
856 1560 72 58 &
885 1560 144 58 eadem.
985 1560 86 58 Si
1029 1560 101 58 aut
1086 1560 86 58 no
1115 1560 101 58 vnus.

713 1605 128 62 nihil
798 1605 185 62 prohibet,
940 1605 85 62 vt
983 1605 85 62 si
1026 1605 114 62 post
1083 1605 142 62 transla-

714 1653 149 62 tionem
818 1653 104 62 sit
878 1653 208 62 alteratio,
1042 1653 74 62 &
1071 1653 119 62 post
1131 1653 104 62 alte-

706 1708 191 56 rationem
849 1708 111 56 sit
913 1708 206 56 augmentu,
1071 1708 159 56 deinde
1167 1708 64 56 ge

717 1746 159 56 neratio,
836 1746 93 56 hoc
889 1746 106 56 enim
956 1746 106 56 modo
1022 1746 133 56 potest
1115 1746 106 56 esse
1182 1746 80 56 in

714 1789 173 62 tempore
840 1789 220 62 principium
1012 1789 157 62 motus,
1122 1789 110 62 sed
1169 1789 63 62 no
