1416 2066
166 165 132 54 finiti,
262 165 72 54 vt
298 165 156 54 infinitum
418 165 96 54 est,
479 165 156 54 custodiat
587 165 96 54 semper

181 210 173 53 potentia:
314 210 199 53 quemadmodum
473 210 120 53 actus
553 210 133 53 ipsius
633 210 53 53 mo

180 252 129 49 bilis,
270 252 155 49 quatenus
386 252 90 49 est
438 252 142 49 mobile,
541 252 90 49 est
580 252 103 49 custo-

182 293 91 50 dirc
238 293 159 50 potentiam:
364 293 102 50 actus
432 293 102 50 autem
500 293 114 50 ipsius
568 293 114 50 infinit:

182 333 126 37 semper
271 333 139 37 adheret
372 333 177 37 potentiae.
510 333 76 37 si
548 333 126 37 icitur
624 333 63 37 po-

179 360 127 58 namut
263 360 113 58 hanc
334 360 197 58 potentiam,
489 360 169 58 tolletur
601 360 85 58 qui-

177 411 93 39 dem
230 411 120 39 ipsum
310 411 186 39 infinitum:
456 411 66 39 &
483 411 120 39 ideo,
562 411 93 39 cum
602 411 80 39 dici

181 450 88 39 mus
232 450 101 39 hanc
295 450 164 39 potentiam
422 450 139 39 repiri,
523 450 88 39 non
573 450 88 39 det
624 450 88 39 in¬

182 488 132 50 telligi
278 488 96 50 quod
338 488 156 50 deducatur
457 488 72 50 ad
493 488 108 50 actum
565 488 84 50 per
601 488 84 50 omnes

187 527 83 44 eius
239 527 114 44 pertes,
322 527 73 44 sed
363 527 73 44 det
405 527 114 44 concipi
488 527 83 44 eius
540 527 94 44 esse,
603 527 62 44 vt
624 527 62 44 esse

177 565 133 54 ipsius
270 565 146 54 tperis,
376 565 66 54 &
403 565 133 54 motus:
496 565 133 54 quorum
576 565 106 54 quidem

187 604 106 56 pars,
258 604 71 56 si
293 604 82 56 qua
340 604 176 56 reperiatur,
481 604 71 56 in
517 604 71 56 ea
552 604 106 56 certe
611 604 82 56 regie

182 653 84 43 tur
230 653 169 43 possibitas
363 653 72 43 ad
399 653 108 43 aliam
471 653 133 43 partem.
568 653 60 43 &
580 653 108 43 quoties

180 685 212 51 corrumpitur
349 685 85 51 ex
392 685 99 51 eis
448 685 141 51 aliqua
547 685 127 51 pars,
617 685 71 51 Ino

180 724 102 53 uatur
248 724 91 53 alia
304 724 102 53 pers:
372 724 91 53 quia
429 724 113 53 pertes
508 724 113 53 ipsius
576 724 113 53 infiniti

163 765 109 48 min
225 765 232 48 reperiuntur
395 765 124 48 simul.

161 804 122 55 Cum
230 804 192 55 dicimus
370 804 192 55 quoque,
493 804 192 55 magnitudi

177 845 85 37 nes
225 845 121 37 diuidi
310 845 146 37 potentia
420 845 73 37 in
456 845 158 37 infinitu,
566 845 121 37 intelli-

181 881 101 52 gimus
248 881 112 52 inesse
326 881 78 52 eis
371 881 157 52 potentiam,
494 881 89 52 quae
550 881 134 52 custodit
639 881 45 52 in

183 920 90 42 eis
234 920 166 42 continuam
362 920 179 42 diuisionem
503 920 77 42 in
529 920 153 42 infinitum.

179 965 79 37 non
224 965 91 37 quod
281 965 79 37 sit
326 965 68 37 in
360 965 79 37 eis
405 965 147 37 potentia:
519 965 79 37 qua
553 965 136 37 diuidantur

185 1001 96 40 actu
245 1001 72 40 in
281 1001 120 40 pertes
364 1001 155 40 ifinitas.
484 1001 84 40 nam
532 1001 120 40 multum
603 1001 84 40 inter

182 1039 83 43 est
230 1039 119 43 dicere
313 1039 119 43 inesse
396 1039 119 43 alicui
480 1039 83 43 rei
527 1039 155 43 potentiam
634 1039 48 43 ad

175 1077 175 45 diuisionem
313 1077 175 45 infinitam,
451 1077 63 45 &
476 1077 125 45 dicere
564 1077 125 45 inesse
639 1077 50 45 ei

187 1118 149 44 potentiam
301 1118 69 44 ad
336 1118 80 44 res
382 1118 172 44 diuisibiles
519 1118 92 44 actu
577 1118 69 44 in
600 1118 80 44 infi-

178 1156 118 43 nitum,
261 1156 153 43 videlicet
378 1156 82 43 iam
425 1156 141 43 diuisas,
531 1156 118 43 quarum
602 1156 82 43 diui-

177 1196 83 47 sio
224 1196 118 47 desiit
307 1196 71 47 ad
343 1196 165 47 infinitum.
472 1196 71 47 In
508 1196 83 47 hoc
555 1196 106 47 tamen
614 1196 71 47 dif-

181 1236 128 52 ferunt
271 1236 205 52 magnitudies,
437 1236 64 52 &
463 1236 115 52 tpers
539 1236 115 52 circa
603 1236 77 52 hoc,

184 1283 80 43 quia
234 1283 80 43 illa
284 1283 90 43 pers,
343 1283 80 43 quae
393 1283 70 43 est
433 1283 120 43 potentia
523 1283 60 43 in
553 1283 90 43 tpre,
612 1283 70 43 non
642 1283 40 43 de

177 1317 144 45 ducitur
282 1317 79 45 ad
321 1317 131 45 actum,
413 1317 105 45 nisi
479 1317 131 45 fuerit
571 1317 92 45 iam
610 1317 66 45 pri

188 1357 89 49 uata
244 1357 89 49 alia
300 1357 101 49 pars,
367 1357 67 49 si
400 1357 67 49 in
434 1357 101 49 tpere
501 1357 134 49 repiatur
591 1357 89 49 aliqua

181 1395 78 50 ps
220 1395 78 50 ni
259 1395 117 50 actu:
337 1395 91 50 sed
389 1395 78 50 in
428 1395 234 50 magnitudinibus
611 1395 65 50 re-

183 1438 126 44 piuntur
274 1438 114 44 pertes
354 1438 172 44 diuisibiles
491 1438 149 44 siilactu,
606 1438 57 44 &
617 1438 69 44 ipsa

185 1471 79 51 met
230 1471 193 51 diuisibilitas
389 1471 68 51 in
423 1471 159 51 infinitum,
547 1471 68 51 in
570 1471 113 51 ipsisque

184 1512 257 42 magnitudinibus,
400 1512 81 42 vt
440 1512 162 42 diximus,
548 1512 135 42 repitur,

180 1553 210 41 diuisibilitas
353 1553 74 41 in
390 1553 173 41 infinitum,
525 1553 62 41 &
550 1553 136 41 additio
637 1553 49 41 in

186 1588 168 56 infinitum:
318 1588 96 56 ipsa
378 1588 108 56 autem
450 1588 216 56 diuisibilitas,
618 1588 72 56 quae

191 1629 83 54 eis
238 1629 106 54 inest
309 1629 153 54 potentia,
427 1629 165 54 politasque
557 1629 71 54 ad
593 1629 83 54 ipm
628 1629 59 54 in-

186 1668 131 54 finitum
281 1668 190 54 consyderatur
436 1668 131 54 quidem,
531 1668 71 54 si
555 1668 131 54 diuiseri-

186 1709 95 54 mus
241 1709 149 54 aliquam
349 1709 230 54 inagnitudinem
525 1709 163 54 Indiuiduam

181 1756 92 40 per
234 1756 211 40 intellectum,
405 1756 119 40 primo
484 1756 79 40 in
524 1756 106 40 duas
576 1756 106 40 medie-

186 1789 139 37 tates,
283 1789 97 37 mox
339 1789 111 37 vnam
408 1789 194 37 medietatem
561 1789 83 37 in
589 1789 97 37 alias

185 1826 117 41 duas
259 1826 220 41 medietates,
434 1826 73 41 &
463 1826 146 41 iterum
551 1826 132 41 medieta

189 1869 82 38 tem
236 1869 70 38 in
271 1869 94 38 duas
330 1869 176 38 medietates,
471 1869 59 38 &
494 1869 82 38 sic
541 1869 70 38 in
565 1869 117 38 ifinitum

707 170 87 55 pter
761 170 87 55 quod
816 170 119 55 desinat
902 170 130 55 diuisio,
1000 170 130 55 quondam,
1098 170 65 55 si
1119 170 87 55 desine

707 221 89 45 ret
758 221 153 45 diuisio,
873 221 102 45 tunc
936 221 165 45 repiretur
1063 221 127 45 aliqua
1139 221 64 45 ma-

710 249 145 55 vnitudo,
819 249 97 55 quae
879 249 85 55 non
928 249 182 55 diuideretur
1073 249 73 55 in
1109 249 97 55 duas
1158 249 48 55 me

708 282 178 56 lietates:
845 282 137 56 natura
941 282 123 56 autem
1009 282 205 56 magnitudinis,

700 333 95 38 hoc
755 333 163 38 respuit:
877 333 204 38 huiuscemodi
1041 333 95 38 tme
1082 333 123 38 diuisio

696 372 152 50 ponitur
807 372 69 50 a
835 372 221 50 Mathematico.
1014 372 152 50 Additio
1111 372 97 50 autem

704 421 93 43 in
750 421 247 43 magnitudine,
951 421 185 43 quatenus
1074 421 139 43 magnitu

699 451 77 48 do
738 451 90 48 est
789 451 77 48 in
828 451 154 48 materia,
943 451 103 48 non,
1007 451 154 48 procedet
1110 451 103 48 quidem

706 489 68 53 in
740 489 147 53 infinitum
852 489 68 53 eo
886 489 101 53 modo,
954 489 90 53 quo,
1010 489 158 53 procedebar
1134 489 68 53 in
1157 489 56 53 di-

704 529 151 41 uisione
814 529 234 41 magnitudinis,
1007 529 179 41 videlicet
1131 529 83 41 acci

707 568 135 53 piendo
801 568 122 53 super
882 568 108 53 quis
950 568 216 53 magnitudinem
1112 568 95 53 aliam

702 606 214 45 magnitudinem
875 606 147 45 maiorem
982 606 120 45 illa.
1062 606 93 45 nam
1116 606 80 45 si
1142 606 67 45 hoc

701 644 90 46 sset
757 644 158 46 possibile,
881 644 136 46 quatenus
983 644 147 46 magnitudo
1096 644 79 46 est
1141 644 68 46 in
1164 644 45 46 ma

711 684 108 51 eria,
783 684 96 51 tunc
843 684 120 51 posset
926 684 120 51 repiri
1010 684 120 51 corpus
1082 684 131 51 infinitum

704 724 79 52 in
743 724 119 52 actu:
823 724 93 52 sed
876 724 93 52 non
929 724 106 52 pont
995 724 132 52 repiri
1075 724 132 52 magnitu-

698 764 92 54 do
744 764 138 54 maior
836 764 154 54 mundo:
943 764 138 54 longe
1036 764 123 54 ergo
1097 764 123 54 minus,

703 805 139 53 poterit
804 805 151 53 reperiri
905 805 139 53 infinita.

736 841 87 50 At
779 841 202 50 appositio,
937 841 115 50 quam
1010 841 130 50 putat
1082 841 115 50 Arist.

701 880 122 51 posse
782 880 122 51 fieri
863 880 81 51 in
903 880 216 51 magnitudine,
1065 880 135 51 quatenus

703 920 79 51 est
748 920 79 51 tur
793 920 101 51 finis
860 920 112 51 corpis
939 920 157 51 naturalis,
1062 920 79 51 est
1107 920 90 51 illa
1152 920 45 51 ap

703 957 132 53 positio,
802 957 88 53 squa
857 957 77 53 fit
901 957 143 53 contrario
1012 957 88 53 modo
1067 957 110 53 ipsius
1133 957 66 53 diui

699 1005 139 37 sionis,
801 1005 165 37 videlicet
927 1005 76 37 vt
965 1005 114 37 addas
1041 1005 114 37 super
1105 1005 101 37 eandem

699 1039 217 53 magnitudinem
876 1039 95 53 eam
930 1039 149 53 partem,
1038 1039 108 53 quam
1093 1039 108 53 minuis

697 1084 67 45 ab
730 1084 78 45 ea,
775 1084 56 45 &
797 1084 78 45 sic
841 1084 122 45 semper.
930 1084 78 45 nam
975 1084 78 45 hoc
1019 1084 78 45 est
1064 1084 100 45 illdm
1119 1084 78 45 incre

703 1118 118 53 mentum,
789 1118 86 53 quid
843 1118 86 53 pont
896 1118 107 53 fieri,
971 1118 129 53 quatenus
1068 1118 75 53 est
1111 1118 64 53 us
1132 1118 75 53 sinis

702 1156 140 51 corpis
800 1156 196 51 naturalis:
954 1156 70 51 &
983 1156 98 51 hic
1039 1156 126 51 modus
1109 1156 98 51 inere

702 1197 105 52 menti
772 1197 186 52 magnitudinis
924 1197 70 52 in
959 1197 163 52 infinitum,
1087 1197 82 52 est
1122 1197 82 52 ille,

702 1237 84 48 quem
754 1237 94 48 putat
817 1237 105 48 Arist.
890 1237 84 48 esse
942 1237 147 48 possibilem
1057 1237 105 48 tamen.
1131 1237 73 48 Et,
1162 1237 42 48 si

702 1277 142 49 quispiam
809 1277 130 49 dixerit
904 1277 119 49 lineam
987 1277 119 49 diuidi
1070 1277 71 49 in
1093 1277 107 49 infini-

707 1316 78 53 tum,
756 1316 59 53 ea
786 1316 118 53 ratione,
874 1316 69 53 qua
913 1316 69 53 est
952 1316 88 53 linea
1011 1316 98 53 tamen,
1080 1316 69 53 sed
1119 1316 59 53 ea
1138 1316 69 53 ratio

702 1356 84 50 ne,
750 1356 84 50 qua
798 1356 84 50 est
846 1356 108 50 linea
918 1356 120 50 ignis,
1003 1356 84 50 vel
1051 1356 144 50 aquaenon
1147 1356 60 50 di-

703 1396 124 51 uidetur
793 1396 68 51 in
827 1396 158 51 infinitum,
950 1396 79 51 sed
995 1396 146 51 diuidetur
1108 1396 68 51 in
1130 1396 79 51 magni

700 1437 135 38 tudinem
798 1437 221 38 indiuisibilem,
982 1437 61 38 &
1007 1437 86 38 est
1056 1437 98 38 illa
1105 1437 98 38 exigua

698 1476 198 52 magnitudo,
854 1476 113 52 quae
925 1476 99 52 non
981 1476 113 52 pont
1052 1476 142 52 recipe
1137 1476 71 52 for

699 1513 91 42 mam
751 1513 130 42 ignis,
842 1513 143 42 quoniam
946 1513 104 42 haec
1011 1513 91 42 est
1050 1513 156 42 magititudo

702 1551 156 43 terminata
822 1551 132 43 uatura,
918 1551 84 43 sic
967 1551 108 43 etiam
1039 1551 84 43 non
1087 1551 84 43 pot
1123 1551 84 43 fieri

704 1589 152 54 appositio
821 1589 70 54 in
856 1589 163 54 infinitum,
984 1589 140 54 quatenus
1089 1589 82 54 est
1124 1589 82 54 linea

701 1630 126 53 ignis,
790 1630 88 53 vel
840 1630 126 53 aquae,
928 1630 63 53 &
954 1630 76 53 vt
992 1630 114 53 verbo
1067 1630 126 53 dicam,
1143 1630 63 53 qua

708 1672 104 50 enus
773 1672 91 50 est
825 1672 130 50 corpus
916 1672 182 50 sensibile,
1060 1672 117 50 verum
1125 1672 78 50 qua-

707 1709 100 52 tenus
774 1709 78 52 est
818 1709 100 52 linea
885 1709 123 52 tamteu,
975 1709 89 52 pont
1030 1709 100 52 sicri
1086 1709 123 52 appositio

703 1749 67 37 in
736 1749 67 37 ea
769 1749 67 37 in
803 1749 155 37 infinitum,
925 1749 67 37 vt
958 1749 89 37 pont
1013 1749 100 37 fieri
1080 1749 122 37 diuisio
1158 1749 44 37 in

697 1796 95 30 ea,
752 1796 176 30 Geometra.
887 1796 108 30 eni.
954 1796 108 30 pont
1022 1796 135 30 ponere
1103 1796 108 30 lineam

700 1828 158 51 inanorem
818 1828 131 51 mundo,
910 1828 118 51 quare
989 1828 105 51 ergo
1054 1828 118 51 Aris.
1120 1828 92 51 dicit

709 1868 82 46 per
756 1868 105 46 potet
826 1868 105 46 fieri
896 1868 128 46 infiita
989 1868 128 46 diuisio
1083 1868 70 46 in
1106 1868 105 46 magnitu
