1416 2066
233 1133 92 49 Cum
286 1133 184 49 declarauit
430 1133 105 49 quod
496 1133 198 49 impossibile
641 1133 66 49 est

206 1173 88 44 vt
250 1173 132 44 motum
339 1173 220 44 pertranseat
515 1173 162 44 spatium
618 1173 88 44 fini

199 1206 105 44 tum
259 1206 90 44 in
304 1206 165 44 tempore
424 1206 195 44 infinito,
573 1206 75 44 &
588 1206 120 44 posuit

200 1245 116 48 quod
273 1245 204 48 pertransit
433 1245 145 48 partem
535 1245 145 48 illius
622 1245 73 48 ma-

200 1285 192 48 gnitudinis
351 1285 82 48 in
393 1285 124 48 parte
475 1285 137 48 illius
558 1285 137 48 temporis

176 1320 84 41 I&
218 1320 111 41 quod
287 1320 111 41 illa
357 1320 181 41 magnitudo
496 1320 167 41 consumit
608 1320 97 41 totam

197 1357 206 52 magnitudine,
365 1357 64 52 &
391 1357 103 52 quod
455 1357 116 52 totum
532 1357 103 52 tpes
584 1357 116 52 diuidit

197 1397 92 48 in
243 1397 154 48 tepora
351 1397 185 48 aequalia
489 1397 154 48 numero
582 1397 123 48 magni-

197 1429 212 45 tudinibus,
364 1429 91 45 in
409 1429 121 45 quas
485 1429 197 45 diuiditur
621 1429 76 45 ma-

190 1469 190 50 gnitudo,
333 1469 111 50 cum
396 1469 206 50 quaelibet
539 1469 159 50 magnitu-

197 1508 94 39 do
244 1508 142 39 earum
339 1508 283 39 pertranseantur
575 1508 94 39 in
607 1508 94 39 tem-

196 1544 125 50 pore
274 1544 172 50 finito,
399 1544 78 50 &
431 1544 141 50 omne,
524 1544 125 50 quod
587 1544 109 50 compo

197 1581 136 43 uitur
287 1581 91 43 ex
333 1581 151 43 finito
438 1581 91 43 in
484 1581 166 43 numero,
604 1581 75 43 &
620 1581 75 43 ma-

193 1619 203 47 gnitudine,
353 1619 102 47 est
411 1619 174 47 finitum,
542 1619 73 47 &
571 1619 116 47 ista
629 1619 73 47 de-

199 1656 194 50 monstratio
352 1656 167 50 fundatur
477 1656 125 50 super
560 1656 111 50 hoc,
616 1656 83 50 quid

194 1693 242 48 conceditur,
387 1693 129 48 quod
468 1693 113 48 non
533 1693 145 48 omnis
613 1693 81 48 ma-

197 1733 147 45 vnitudo
304 1733 214 45 pertransitur
478 1733 80 45 in
518 1733 147 45 tempore
625 1733 94 45 in¬

194 1758 152 52 finito,
305 1758 124 52 inco.
387 1758 97 52 pit
443 1758 193 52 notificare
581 1758 110 52 quomo-

189 1805 92 53 do
235 1805 139 53 istud
327 1805 169 53 positum
451 1805 108 53 est
497 1805 200 53 necessarium

717 1125 87 53 in
760 1125 101 53 hac
818 1125 274 53 demonstratione,
1049 1125 72 53 &
1063 1125 159 53 verifica-

720 1165 94 54 re
767 1165 283 54 propositionem,
1004 1165 189 54 dicentem
1130 1165 94 54 quod

716 1205 114 53 non
781 1205 147 53 omnis
879 1205 212 53 magnitudo
1026 1205 196 53 pertransi-

716 1245 105 49 tur
776 1245 90 49 in
821 1245 165 49 tempore
941 1245 195 49 infinito.
1075 1245 150 49 aduersa-

722 1284 115 38 rius
794 1284 130 38 enim,
880 1284 101 38 cum
938 1284 173 38 posuerit
1067 1284 115 38 quod
1125 1284 86 38 ali-

728 1325 101 44 qua
785 1325 188 44 magnitudo
930 1325 231 44 pertransitur
1118 1325 87 44 in
1147 1325 72 44 tem

723 1356 121 50 pore
799 1356 197 50 infinito,
950 1356 106 50 non
1011 1356 152 50 potest
1102 1356 121 50 ponere

718 1394 109 43 hoc,
786 1394 109 43 nisi
855 1394 82 43 in
895 1394 123 43 toto,
977 1394 95 43 non
1031 1394 82 43 in
1072 1394 136 43 parte.
1168 1394 82 43 &,

718 1431 87 51 si
762 1431 116 51 non,
835 1431 116 51 tunc
908 1431 146 51 totum,
1010 1431 73 51 &
1039 1431 116 51 pars
1097 1431 131 51 pertran

711 1467 185 52 sirentur
849 1467 92 52 in
895 1467 123 52 eode
973 1467 77 52 n
1003 1467 185 52 tempore.
1127 1467 92 52 quod

715 1508 91 38 est
767 1508 209 38 impossibile.
937 1508 65 38 &
963 1508 104 38 haec
1028 1508 91 38 est
1080 1508 104 38 eius
1133 1508 91 38 inten

719 1543 95 43 tio
774 1543 82 43 in
815 1543 95 43 hoc
869 1543 177 43 capitulo.
1005 1543 82 43 Et
1046 1543 163 43 incoepit
1155 1543 68 43 de-

716 1580 165 38 clarare
836 1580 165 38 quomodo
956 1580 256 38 verificabitur
1152 1580 75 38 de-

718 1618 217 40 monstratio
888 1618 140 40 eius,
981 1618 109 40 cum
1028 1618 202 40 aduersarius

719 1661 244 42 concesserit
914 1661 130 42 quod
995 1661 114 42 non
1060 1661 146 42 omnis
1141 1661 65 42 ma

716 1699 160 39 gnitudo
833 1699 232 39 pertransitur
1022 1699 87 39 in
1065 1699 160 39 tempore
1167 1699 58 39 in

720 1729 150 41 finito,
829 1729 68 41 &
857 1729 136 41 dixit:
952 1729 82 41 Et
993 1729 136 41 etiam,
1089 1729 82 41 si
1130 1729 95 41 non
1170 1729 55 41 om

719 1767 100 50 nis
776 1767 201 50 magnitudo,
934 1767 129 50 &cae.
1020 1767 129 50 idest
1106 1767 72 50 &
1121 1767 100 50 mani-

717 1804 159 55 festum
829 1804 112 55 est
892 1804 143 55 quod,
988 1804 112 55 cum
1036 1804 191 55 posuerimus
