1416 2066
201 172 118 55 tium,
280 172 79 55 ad
319 172 105 55 quod
385 172 158 55 mouetur,
503 172 92 55 est
555 172 171 55 receptio,
674 172 39 55 &

217 216 202 43 acquisitio.
378 216 67 43 &
405 216 94 43 hoc
459 216 94 43 est
513 216 108 43 ita,
581 216 108 43 quia
635 216 67 43 mot

220 260 119 37 nihil
299 260 119 37 aliud
378 260 92 37 est
431 260 92 37 qua
484 260 172 37 acquitere
602 260 106 37 partem

220 288 100 49 post
282 288 112 49 aliam
357 288 75 49 ex
394 288 112 49 illo,
469 288 75 49 ad
507 288 100 49 quod
569 288 87 49 res
619 288 100 49 mota
669 288 50 49 mo

219 326 124 48 uetur,
306 326 112 48 donec
380 326 149 48 acquirat
492 326 124 48 illud,
579 326 75 48 ad
617 326 99 48 quod
666 326 50 48 mo

218 361 117 41 uetur
296 361 169 41 perfecte,
426 361 65 41 &
452 361 104 41 tunc
516 361 143 41 cessat.
620 361 78 41 &,
646 361 65 41 cum

220 401 109 41 motus
292 401 133 41 dicitur
389 401 97 41 esse
449 401 169 41 contrarius
582 401 109 41 motui
643 401 72 41 ali-

222 438 94 48 quo
275 438 161 48 istorum,
396 438 147 48 dignius
503 438 94 48 est
556 438 80 48 vt
597 438 94 48 sit
637 438 80 48 con-

217 474 120 52 trarius
304 474 130 52 secundum
402 474 109 52 illud,
478 474 87 52 quid
532 474 141 52 acquirit,
641 474 54 52 &
663 474 76 52 per

218 513 84 49 quod
270 513 157 49 perficitur,
396 513 73 49 non
438 513 126 49 secundum
532 513 105 49 illud,
605 513 52 49 a
626 513 73 49 quo
658 513 52 49 se-

221 549 137 52 paratur.
323 549 57 52 a
346 549 126 52 quoniam
438 549 114 52 illud,
518 549 57 52 a
541 549 80 52 quo
575 549 137 52 separatur,

217 587 83 52 non
265 587 83 52 est
312 587 95 52 pars
371 587 178 52 substantiae
513 587 107 52 eius,
585 587 83 52 sed
632 587 83 52 est
668 587 47 52 ac

220 627 114 49 cidens
300 627 80 49 ei:
345 627 57 49 &
368 627 114 49 illud,
448 627 91 49 quid
505 627 137 49 acquirit
608 627 80 49 est
642 627 69 49 pars

213 661 207 53 substantiae.
381 661 78 53 &,
420 661 90 53 cum
471 661 90 53 ita
523 661 103 53 sit.
588 661 103 53 ergo
639 661 65 53 mo-

218 701 82 37 tus
265 701 82 37 aut
312 701 94 37 sunt
371 701 165 37 contrarii,
501 701 141 37 secundum
607 701 106 37 illud
666 701 47 37 ad

217 742 100 39 quod,
284 742 56 39 &
306 742 78 39 non
350 742 133 39 secundum
450 742 100 39 illud
517 742 67 39 ex
550 742 89 39 quo,
606 742 78 39 aut
639 742 78 39 erunt

217 775 173 50 contraril
350 775 120 50 magis
430 775 160 50 secundum
550 775 107 50 hunc
603 775 107 50 modum.

212 811 149 47 D.dedit
321 811 122 47 aliam
402 811 271 47 ratiocinationem,
633 811 68 47 &
646 811 68 47 di-

221 853 90 49 rit:
277 853 56 49 &
300 853 135 49 quilibet
401 853 158 49 nominatur,
525 853 79 49 &c.
571 853 68 49 i.
604 853 68 49 &,
627 853 79 49 quida

213 884 183 45 substantia
357 884 117 45 motus
435 884 91 45 est
487 884 78 45 de
526 884 131 45 natura
618 884 117 45 eius,

219 933 67 30 ad
252 933 89 30 quod
308 933 89 30 est,
363 933 78 30 non
407 933 100 30 eius,
474 933 67 30 ex
507 933 78 30 quo
552 933 89 30 est,
607 933 89 30 ideo
652 933 55 30 mo-

218 961 83 46 tus
266 961 178 46 denominatur
408 961 71 46 ab
443 961 107 46 illo,
514 961 71 46 ad
550 961 95 46 quod
609 961 95 46 est,
657 961 59 46 cum

218 999 129 48 dicitur
312 999 94 48 quod
371 999 106 48 motus
442 999 71 48 de
477 999 141 48 albedine
583 999 71 48 ad
606 999 106 48 nigredi

215 1035 91 52 nem
267 1035 91 52 est
319 1035 221 52 nigrificatio,
502 1035 91 52 non
541 1035 169 52 albificatio

222 1072 46 54 &
240 1072 119 54 similiter
331 1072 100 54 dicitur
405 1072 73 54 quod
450 1072 91 54 illud,
514 1072 73 54 quid
560 1072 100 54 mouetur
633 1072 55 54 de
651 1072 64 54 ggri-

217 1109 138 51 tudine
314 1109 83 51 ad
355 1109 179 51 sanitate,
493 1109 96 51 est
548 1109 124 51 ipsum
617 1109 96 51 sana-

212 1148 88 51 ri,
263 1148 88 51 non
313 1148 176 51 infirmari.
452 1148 88 51 Et,
502 1148 88 51 cum
552 1148 126 51 posuit
628 1148 88 51 istos

212 1185 136 48 quinque
310 1185 124 48 modos,
397 1185 62 48 &
422 1185 124 48 posuit
508 1185 99 48 quod
557 1185 161 48 impossibile

214 1221 76 38 est
258 1221 65 38 vt
290 1221 98 38 motus
356 1221 87 38 sint
410 1221 152 38 contrarij,
530 1221 131 38 secundum
617 1221 98 38 contra-

218 1259 143 48 rietatem
326 1259 108 48 eius,
397 1259 72 48 ex
433 1259 96 48 quo,
493 1259 72 48 ad
529 1259 120 48 illud,
612 1259 72 48 ad
636 1259 72 48 quod

214 1297 64 42 &
240 1297 128 42 posuit
329 1297 102 42 quod
393 1297 141 42 dignius
496 1297 90 42 est
547 1297 77 42 vt
585 1297 102 42 sint
636 1297 77 42 con-

222 1334 89 50 traril
284 1334 107 50 secundum
364 1334 89 50 illud,
427 1334 53 50 ad
453 1334 80 50 quid,
507 1334 62 50 qua
542 1334 107 50 secundum
622 1334 89 50 illud,
675 1334 36 50 ex

209 1372 111 48 quo,
278 1372 69 48 &
306 1372 97 48 non
361 1372 166 48 praecise
486 1372 152 48 direxit
583 1372 138 48 sermonen

211 1410 80 40 in
251 1410 106 40 hoc,
317 1410 133 40 dixit:
410 1410 146 40 Remanet
517 1410 146 40 igitur,
623 1410 93 40 &c.
663 1410 53 40 i.

216 1445 88 45 &,
260 1445 102 45 cum
319 1445 190 45 destructi
465 1445 117 45 sunt
538 1445 102 45 duo
582 1445 131 45 illorum

218 1492 145 30 modorum,
327 1492 133 30 remanet
423 1492 109 30 tres,
496 1492 145 30 scilicet
604 1492 72 30 vt
628 1492 85 30 motus

215 1524 92 38 sint
273 1524 161 38 contrarij,
400 1524 81 38 aut
446 1524 138 38 secundum
538 1524 173 38 translationem

214 1562 115 44 eorum
291 1562 77 44 ad
329 1562 179 44 contraria,
470 1562 89 44 aut
521 1562 77 44 ex
546 1562 166 44 contrarijs,

210 1597 80 38 aut
255 1597 137 38 secundum
358 1597 148 38 vtrunque.
472 1597 91 38 D.d.
529 1597 57 38 &
552 1597 114 38 rectum
632 1597 80 38 est
666 1597 46 38 vt

213 1635 130 46 illud,
304 1635 104 46 quid
369 1635 156 46 mouetur,
485 1635 91 46 &c.
537 1635 78 46 i.
576 1635 65 46 &
602 1635 104 46 bene
654 1635 65 46 ap-

210 1673 107 49 paret
282 1673 71 49 ex
317 1673 119 49 dictis
401 1673 95 49 quod
460 1673 131 49 necesse
555 1673 83 49 est
603 1673 71 49 vt
627 1673 83 49 omnia

215 1713 99 46 duo
271 1713 127 46 mota,
356 1713 113 46 quae
426 1713 169 46 mouentur
553 1713 85 46 ad
581 1713 127 46 contra-

218 1749 92 40 tia
270 1749 158 40 moueatur
389 1749 79 40 ex
428 1749 197 40 contrarijs.
586 1749 66 40 &
612 1749 79 40 d.
638 1749 79 40 hoc,

213 1788 104 45 quia
278 1788 259 45 transmutationes,
498 1788 104 45 quae
563 1788 104 45 sunt
628 1788 78 45 ad
654 1788 65 45 com

738 173 124 46 traria,
828 173 90 46 sunt
884 173 101 46 motus
951 173 67 46 in
985 173 79 46 rei
1030 173 146 46 veritate,
1131 173 112 46 scilicet

737 213 78 37 de
776 213 156 37 subiecto
893 213 169 37 contrario
1022 213 78 37 in
1061 213 169 37 subiectum
1178 213 65 37 com

734 252 146 47 trarium,
843 252 97 47 quod
904 252 85 47 non
952 252 85 47 est
1001 252 85 47 ita
1050 252 73 47 de
1086 252 109 47 aliis
1147 252 97 47 trans-

737 286 182 42 mutationibus
884 286 136 42 scilicet
987 286 91 42 quae
1044 286 91 42 sunt
1101 286 68 42 de
1123 286 114 42 affirma-

732 325 129 53 tione
818 325 86 53 in
861 325 216 53 negationem,
1033 325 72 53 &
1062 325 86 53 de
1091 325 158 53 negatione

736 361 77 41 in
775 361 232 41 affirmationem,
968 361 64 41 &
994 361 116 41 istae
1071 361 103 41 sunt
1123 361 116 41 contra-

738 400 86 47 riae
792 400 129 47 secundum
888 400 86 47 hoc,
942 400 86 47 quod
996 400 107 47 altera
1071 400 75 47 est
1113 400 64 47 ex
1146 400 96 47 illo,
1199 400 43 47 ad

740 441 94 51 quod
799 441 82 51 est
846 441 106 51 alia,
917 441 71 51 vt
952 441 165 51 generatio,
1082 441 59 51 &
1094 441 141 51 corruptio.

737 476 91 50 Et,
789 476 91 50 cum
841 476 129 50 posuit
931 476 104 50 quod
996 476 129 50 motus,
1087 476 91 50 qui
1138 476 104 50 sunt
1190 476 52 50 ad

739 516 168 39 contraria,
871 516 132 39 necesse
967 516 84 39 est
1015 516 72 39 vt
1051 516 96 39 sint
1111 516 72 39 ex
1135 516 108 39 contra-

733 550 102 51 rijs,
801 550 137 51 secundum
903 550 91 51 quod
960 550 91 51 sunt
1017 550 114 51 motus,
1097 550 57 51 &
1108 550 137 51 intendebat

737 587 169 47 declarare
867 587 78 47 ex
906 587 104 47 hoc,
971 587 104 47 quod
1035 587 117 47 motus
1100 587 143 47 contrarij

740 625 72 50 sunt
785 625 117 50 contrarij
875 625 108 50 secundum
956 625 108 50 vtrunque
1038 625 108 50 scilicet
1119 625 108 50 secundum
1191 625 54 50 com-

734 664 206 49 trarietatem
899 664 110 49 eius
968 664 82 49 ex
1009 664 110 49 quo,
1077 664 82 49 ad
1119 664 124 49 illud
1187 664 55 49 ex

736 699 91 52 quo,
793 699 57 52 &
815 699 137 52 secundum
918 699 205 52 contrarietatem
1089 699 91 52 eius
1146 699 68 52 ad
1169 699 68 52 quod

736 737 75 49 ad
774 737 113 49 illud
849 737 75 49 ad
887 737 113 49 quod,
962 737 63 49 &
987 737 88 49 iam
1037 737 175 49 declarauit
1162 737 75 49 quod

736 774 99 46 motus,
805 774 69 46 qui
845 774 138 46 dicituntur
953 774 79 46 esse
1003 774 128 46 contrarij
1102 774 119 46 secundum
1181 774 59 46 com-

734 810 199 48 trarietatem
893 810 106 48 eius
960 810 80 48 ex
1000 810 106 48 quo,
1066 810 80 48 ad
1106 810 133 48 illud,
1186 810 53 48 ad

734 851 108 48 quod,
806 851 96 48 sunt
866 851 96 48 idem
926 851 120 48 motus,
1011 851 60 48 &
1035 851 96 48 quod
1095 851 84 48 non
1143 851 84 48 est
1179 851 60 48 ne-

738 886 102 44 cesse
806 886 113 44 perper
885 886 91 44 hoc,
942 886 57 44 &
965 886 113 44 rectum
1044 886 68 44 vt
1078 886 136 44 dicantur
1169 886 68 44 con-

737 925 146 51 raril.
839 925 175 51 incoepit
970 925 131 51 piuno
1058 925 189 51 declarare
1189 925 58 51 de

736 965 144 46 motibus,
844 965 84 46 qui
892 965 144 46 ponuntur
1001 965 168 46 contrarijl
1121 965 120 46 secundum

737 1002 152 40 vtrunque,
854 1002 93 40 quod
912 1002 82 40 non
959 1002 152 40 contingit
1076 1002 82 40 eis
1122 1002 105 40 illud
1181 1002 58 40 im-

742 1035 132 52 ossibile,
843 1035 81 52 quod
894 1035 132 52 contingit
996 1035 92 52 primo
1057 1035 92 52 modo,
1118 1035 122 52 scilicet
1199 1035 41 52 vt

735 1074 88 40 sit
785 1074 100 40 idem
847 1074 75 40 in
885 1074 138 40 numero.
985 1074 63 40 &
1010 1074 113 40 fecit
1085 1074 100 40 hoc,
1147 1074 75 40 ne
1172 1074 75 40 ali-

733 1110 103 50 quis
797 1110 167 50 existimet
925 1110 103 50 quod
990 1110 77 50 in
1028 1110 90 50 hac
1079 1110 167 50 positione
1195 1110 51 50 se

741 1149 112 49 quitur
819 1149 101 49 illud
886 1149 179 49 impossibile,
1032 1149 90 49 quod
1088 1149 146 49 contingit
1200 1149 67 49 in

745 1185 89 47 rimo
800 1185 133 47 scilicet
900 1185 66 47 in
933 1185 89 47 hoc,
988 1185 89 47 quod
1044 1185 100 47 motus
1110 1185 77 47 est
1143 1185 100 47 contra-

731 1222 98 52 rius
792 1222 123 52 motui,
878 1222 148 52 secundum
989 1222 123 52 illud,
1075 1222 74 52 ex
1112 1222 98 52 quo,
1173 1222 61 52 &
1186 1222 61 52 se-

734 1260 154 46 cundum
842 1260 154 46 illud,
950 1260 93 46 ad
996 1260 139 46 quod.
1089 1260 93 46 Et
1120 1260 124 46 dixit:

736 1294 90 44 Sed
788 1294 116 44 forte
865 1294 168 44 essentia,
994 1294 103 44 &cg.
1058 1294 116 44 idest
1136 1294 90 44 sed
1175 1294 64 44 es-

734 1333 153 49 sentia
841 1333 153 49 duorum
948 1333 168 49 motuum,
1070 1333 107 49 qui
1116 1333 122 49 ponunt

740 1373 148 37 contrarij
853 1373 136 37 secundum
955 1373 204 37 contrarietatem
1126 1373 113 37 eorum,
1194 1373 45 37 ex

730 1413 82 43 quo
777 1413 106 43 sunt,
848 1413 59 43 &
871 1413 141 43 secundum
977 1413 211 43 contrarietatem
1141 1413 94 43 eorum,

729 1445 83 51 ad
771 1445 111 51 quod
840 1445 125 51 sunt,
923 1445 97 51 non
978 1445 166 51 sequitur
1103 1445 83 51 ex
1144 1445 97 51 hoc
1186 1445 55 51 vt

733 1482 89 40 duo
784 1482 115 40 motus
861 1482 102 40 sint
925 1482 115 40 vnus,
1001 1482 115 40 sicut
1078 1482 166 40 sequitur,
1193 1482 51 40 si

739 1525 160 47 ponantur
858 1525 173 47 contrarij
991 1525 93 47 per
1031 1525 213 47 contrarietatem

733 1559 104 51 eius,
803 1559 69 51 ex
837 1559 92 51 quo,
895 1559 69 51 ad
930 1559 116 51 illud,
1011 1559 69 51 ad
1046 1559 104 51 quid,
1115 1559 127 51 quoniam
1196 1559 46 51 mo

731 1600 104 42 tus
791 1600 89 42 ad
835 1600 193 42 sanitatem
984 1600 89 42 ex
1028 1600 193 42 egntudine
1162 1600 74 42 non

731 1634 123 41 idem
807 1634 107 41 est
869 1634 107 41 cum
930 1634 123 41 motu
1007 1634 92 41 de
1053 1634 184 41 sanitate
1176 1634 61 41 ad

734 1674 220 50 aegritudinem,
915 1674 91 50 sed
967 1674 104 50 sunt
1032 1674 104 50 duo.
1084 1674 155 50 D.incoepit

734 1709 94 51 dare
793 1709 129 51 causam,
887 1709 94 51 pper
946 1709 94 51 quam
1005 1709 129 51 necesse
1099 1709 82 51 est
1146 1709 71 51 vt
1169 1709 59 51 mot

737 1748 117 40 contrarij
827 1748 72 40 sint
872 1748 117 40 contrarij
962 1748 63 40 per
999 1748 108 40 vtrumque
1080 1748 108 40 scilicet
1152 1748 90 40 secundum

729 1785 113 41 illud
805 1785 75 41 ex
842 1785 100 41 quo,
905 1785 63 41 &
930 1785 151 41 secundum
1043 1785 126 41 illud,
1131 1785 75 41 ad
1156 1785 88 41 quod.
