1416 2066
171 172 158 62 Signum
282 172 142 62 autem
377 172 142 62 huius
472 172 95 62 id
519 172 142 62 esse,
598 172 95 62 quod

181 221 221 55 contingit
351 221 102 55 in
402 221 204 55 numeris.
539 221 153 55 circum.

184 261 196 55 positis
327 261 142 55 enim
415 261 249 55 gnomonibus
593 261 107 55 cir-

185 304 106 42 ca
238 304 159 42 vnum,
345 304 89 42 &
380 304 213 42 scorsum,
522 304 177 42 aliquan-

180 348 107 55 do
234 348 178 55 quidem
358 348 160 55 aliam
465 348 178 55 semper
572 348 125 55 fieri

184 388 198 52 speciem,
332 388 214 52 aliquando
496 388 148 52 autem
579 388 115 52 vnam.

228 429 83 62 Et
270 429 83 62 in
312 429 125 62 illis
395 429 153 62 dicunt,
506 429 111 62 quod
562 429 139 62 infinitu

184 477 104 61 est
244 477 119 61 par.
318 477 149 61 dicunt
423 477 119 61 enim
497 477 89 61 et
542 477 104 61 est
587 477 104 61 vnum,

182 524 132 63 quod
264 524 165 63 quando
380 524 198 63 patitur,
528 524 83 63 &
545 524 149 63 finitur

186 572 89 65 ab
231 572 163 65 impare,
349 572 178 65 largitur
483 572 163 65 entibus
587 572 104 65 infi-

185 625 204 61 nitatem.
338 625 170 61 Dicunt
457 625 85 61 &
491 625 170 61 signum
593 625 102 61 eius

187 672 104 58 est
247 672 119 58 hoc,
321 672 119 58 quod
395 672 164 58 accidit
514 672 89 58 in
544 672 149 58 numeris.

184 721 148 58 numeri
288 721 118 58 enim
362 721 133 58 quado
450 721 192 58 continent
583 721 104 58 vnum.

194 764 78 63 &
226 764 157 63 quando
335 764 219 63 separantur
508 764 94 63 ab
555 764 110 63 eo,
602 764 94 63 for-

180 816 90 62 te
225 816 136 62 forma
315 816 120 62 fiet
391 816 120 62 alia
466 816 75 62 a
496 816 151 62 forma,
602 816 120 62 quae

185 868 147 54 erat,
283 868 82 54 &
315 868 147 54 forte
413 868 130 54 erit
478 868 98 54 vna.

229 916 131 42 Dicit:
321 916 79 42 Et
360 916 79 42 in
399 916 118 42 illis
478 916 144 42 dicunt,
583 916 92 42 &c.
635 916 66 42 &
649 916 52 42 in

185 957 116 53 nuit
258 957 248 53 Pythagoricos,
462 957 102 53 qui
520 957 146 53 dicunt
608 957 87 53 quid

193 998 182 40 infinitum
333 998 98 40 non
389 998 154 40 accidit
500 998 168 40 entibus,
612 998 84 40 nisi

191 1035 70 48 ex
226 1035 116 48 natura
308 1035 116 48 paris.
389 1035 105 48 solum
459 1035 93 48 enim
517 1035 93 48 par,
563 1035 128 48 quandodi-

190 1075 134 54 uiditur
288 1075 73 54 in
324 1075 98 54 duo,
385 1075 61 54 &
410 1075 159 54 infinitum
532 1075 61 54 a
557 1075 98 54 pari
605 1075 86 54 largi

189 1110 92 57 tur
241 1110 183 57 corporibus
385 1110 92 57 per
438 1110 144 57 naturam
530 1110 170 57 diuisionis,

193 1154 73 40 in
229 1154 85 40 duo
278 1154 121 40 media,
362 1154 73 40 vt
399 1154 97 40 sint
459 1154 157 40 infinita.
580 1154 97 40 omne
628 1154 73 40 enim

187 1193 153 55 corpus
294 1193 198 55 diuiditur
446 1193 92 55 in
492 1193 107 55 duo
553 1193 153 55 media,
644 1193 46 55 &

187 1232 162 42 vtrunque
308 1232 81 42 in
349 1232 95 42 duo
403 1232 135 42 media,
497 1232 68 42 &
524 1232 95 42 sic
578 1232 81 42 in
605 1232 81 42 infi

188 1277 141 39 nitum.
287 1277 155 39 diuisio
399 1277 141 39 igitur
498 1277 85 39 in
540 1277 99 39 duo
582 1277 113 39 media,

187 1317 120 37 cuius
267 1317 94 37 cam
320 1317 94 37 est
374 1317 134 37 natura
468 1317 134 37 paris,
561 1317 94 37 est
601 1317 94 37 caufa

174 1355 80 49 in
214 1355 146 49 essendo
320 1355 80 49 in
360 1355 186 49 infinitum:
506 1355 66 49 &
533 1355 133 49 impar,
612 1355 80 49 quia

191 1391 83 43 non
239 1391 167 43 diuiditur,
370 1391 83 43 est
417 1391 83 43 cam
465 1391 119 43 illius
536 1391 155 43 indiuisibi-

189 1431 141 56 liratis
292 1431 141 56 entium:
395 1431 103 56 ergo
459 1431 90 56 est
510 1431 90 56 cam
549 1431 154 56 finitatis,

193 1468 106 44 quia
259 1468 146 44 finitum
365 1468 93 44 est
418 1468 93 44 vnu
471 1468 226 44 indiuisibile.
657 1468 66 44 &

190 1509 93 38 hoc
243 1509 174 38 innuebat,
377 1509 93 38 cum
430 1509 134 38 dixit:
523 1509 67 38 &
550 1509 147 38 finitur
644 1509 53 38 ab

191 1549 147 51 impare.
297 1549 67 51 &
324 1549 133 51 quidam
417 1549 133 51 dicunt
510 1549 107 51 quod
564 1549 133 51 innuebat

188 1586 140 54 perpar
286 1586 182 54 materiam,
426 1586 70 54 &
454 1586 98 54 per
510 1586 126 54 impar
580 1586 112 54 formam

189 1629 139 37 D.dedit
290 1629 114 37 aliam
366 1629 164 37 rationem,
492 1629 63 37 &
517 1629 126 37 dixit:
593 1629 101 37 Dicunt

195 1664 55 53 &
217 1664 109 53 signum
293 1664 87 53 eius
348 1664 87 53 est,
402 1664 76 53 &c.
446 1664 65 53 i.
479 1664 55 53 &
501 1664 98 53 etiam
566 1664 109 53 dicunt
632 1664 65 53 quod

189 1704 126 53 fignum
278 1704 114 53 eius,
353 1704 101 53 quod
416 1704 88 53 par
467 1704 88 53 est
517 1704 88 53 cam
555 1704 139 53 multituds

194 1745 102 41 nis
253 1745 189 41 specierum
398 1745 87 41 in
442 1745 175 41 entibus,
573 1745 102 41 non
616 1745 73 41 im-

190 1782 115 53 par,
261 1782 100 53 est
319 1782 115 53 hoc,
391 1782 115 53 quod
462 1782 158 53 accidit
563 1782 129 53 numeris

181 1823 138 43 apud
267 1823 293 43 compositionem
508 1823 172 43 eorum,
612 1823 86 43 cum

194 1862 99 44 vno,
256 1862 124 44 primum
343 1862 99 44 enim
405 1862 112 44 impar
479 1862 149 44 scilicet
591 1862 99 44 tria
641 1862 62 44 cum

725 172 100 47 vno
782 172 129 47 facit
868 172 200 47 quadratum:
1025 172 71 47 &
1053 172 100 47 cum
1096 172 143 47 secundum

709 213 153 53 impar
811 213 238 53 componitur
999 213 119 53 cum
1067 213 119 53 hoc
1118 213 102 53 qua-

719 253 130 45 drato
805 253 130 45 facit
892 253 130 45 aliud
979 253 203 45 quadratum.
1138 253 72 45 &
1153 253 72 45 si-

714 295 165 43 militer
834 295 105 43 est
894 295 210 43 dispositio
1060 295 90 43 in
1090 295 135 43 omnibus

709 335 171 50 imparibus
841 335 158 50 scilicet
959 335 145 50 quoniam
1065 335 132 50 semper
1144 335 79 50 con-

712 372 150 45 seruant
822 372 137 45 eandem
917 372 137 45 formam
1013 372 164 45 scilicet
1123 372 109 45 formam

708 420 198 38 quadrati.
860 420 152 38 primum
967 420 122 38 enim
1043 420 107 38 par
1104 420 107 38 cum
1150 420 76 38 vno

713 453 142 54 facit
808 453 236 54 triangulum,
997 453 79 54 &
1028 453 157 54 quando
1123 453 94 54 com-

721 493 124 48 ponitur
811 493 68 48 cu
845 493 79 48 hoc
890 493 136 48 secundum
992 493 79 48 par
1037 493 136 48 scilicet
1127 493 102 48 quatuor

710 529 149 53 facit
809 529 248 53 pentagonum,
1007 529 83 53 &
1040 529 165 53 quando
1139 529 83 53 cum

708 570 113 53 hoc
772 570 210 53 pentagono
934 570 226 53 componitur
1096 570 129 53 ternum

715 608 91 51 par
767 608 117 51 facit
845 608 195 51 tetragonum,
1001 608 65 51 &
1027 608 91 51 sic
1079 608 117 51 facit
1144 608 78 51 for-

715 649 94 51 mas
768 649 161 51 diuersas
889 649 188 51 infinitas,
1036 649 121 51 quare
1117 649 94 51 est
1157 649 67 51 cam

712 688 266 50 multitudinis.
931 688 78 50 &
963 688 110 50 hoc
1010 688 203 50 intendebat,

713 728 98 42 cum
769 728 139 42 dixit:
866 728 139 42 numeri
964 728 112 42 enim
1034 728 98 42 &c.
1090 728 84 42 i.
1117 728 98 42 nume-

711 772 93 38 ri
758 772 124 38 enim
836 772 155 38 quando
944 772 186 38 adduntur
1084 772 124 38 vni,
1146 772 78 38 aut

715 813 141 40 quando
814 813 198 40 diminuitur
969 813 85 40 ex
1011 813 113 40 eis,
1082 813 127 40 forte
1152 813 71 40 for

710 845 97 53 ma
758 845 162 53 numeri
872 845 130 53 post
953 845 243 53 additionem,
1132 845 97 53 erit

711 884 110 46 alia
780 884 69 46 a
808 884 138 46 forma,
904 884 110 46 quae
973 884 124 46 erat.
1056 884 69 46 &
1083 884 96 46 hoc
1125 884 96 46 erit,

712 921 159 50 quando
824 921 175 50 numerus
951 921 191 50 additus,
1095 921 112 50 aut
1142 921 80 50 di-

711 961 167 41 minutus
832 961 152 41 fuerit
939 961 121 41 par.
1014 961 76 41 &
1045 961 137 41 forte
1121 961 106 41 forma

706 1005 169 37 numeri
824 1005 220 37 remanebit
993 1005 169 37 eadem,
1095 1005 118 37 quan-

719 1042 94 40 lo
766 1042 172 40 numerus
892 1042 188 40 additus,
1033 1042 110 40 aut
1080 1042 141 40 diminu-

711 1082 105 40 tus
771 1082 149 40 fuerit
875 1082 149 40 impar.
980 1082 75 40 &
1010 1082 120 40 ideo
1070 1082 149 40 vocabant

710 1121 184 52 imparia
844 1121 218 52 gnomones,
1012 1121 134 52 quia
1079 1121 134 52 obser-

717 1156 114 55 uant
788 1156 157 55 naturam
903 1156 143 55 numeri
1003 1156 186 55 quadrati,
1131 1156 86 55 quam

713 1203 86 39 do
756 1203 172 39 adduntur
885 1203 158 39 numeris
1000 1203 201 39 quadratis,
1143 1203 72 39 si-

710 1237 122 45 cut
779 1237 175 45 gnomon
902 1237 227 45 conseruat
1059 1237 157 45 naturam

712 1278 174 53 quadrati,
845 1278 134 53 quando
939 1278 147 53 additur
1032 1278 147 53 quadrato.

749 1349 138 45 Plato
841 1349 138 45 autem
932 1349 107 45 duo
994 1349 199 45 infinita,
1131 1349 77 45 ma-

703 1393 180 56 gnum,
823 1393 100 56 &
863 1393 220 56 paruum.
1022 1393 140 56 Qui
1082 1393 140 56 autem

717 1437 96 53 de
765 1437 175 53 natura,
892 1437 143 53 omnes
988 1437 159 53 semper
1084 1437 127 53 subil-

712 1477 153 47 ciunt
814 1477 187 47 alteram
950 1477 187 47 quandam
1070 1477 153 47 naturam

708 1526 210 36 dictorum
865 1526 262 36 elementorum
1057 1526 157 36 infini-

704 1572 110 44 to
759 1572 110 44 vt
814 1572 183 44 aquam,
942 1572 128 44 aut
1015 1572 183 44 aerem,
1125 1572 92 44 aut

707 1613 196 39 medium
845 1613 196 39 horum.
982 1613 176 39 Eorum
1080 1613 137 39 vero,

712 1645 108 53 qui
773 1645 154 53 finita
881 1645 169 53 faciunt
1004 1645 200 53 elementa,
1142 1645 77 53 nul

708 1691 107 54 lus
769 1691 183 54 infinita
906 1691 152 54 facit.
1013 1691 198 54 Quicunque
1150 1691 76 54 au-

716 1740 111 41 tem
780 1740 191 41 infinita
923 1740 175 41 faciunt
1034 1740 175 41 elementa,

705 1785 316 42 quemadmodum
937 1785 274 42 Anaxagoras,

714 1820 88 47 &
750 1820 265 47 Democritus,
962 1820 141 47 ille
1050 1820 177 47 quidem
1156 1820 71 47 ex

710 1857 140 54 ijns,
804 1857 125 54 quae
882 1857 125 54 sunt
960 1857 187 54 similium
1085 1857 140 54 partium
