1416 2066
144 173 202 60 Sexistimatio
309 173 164 60 quandoque
435 173 139 60 aliquid
536 173 101 60 esse
587 173 88 60 talis

162 219 179 51 disponis,
300 219 96 51 &c.
355 219 83 51 i.
396 219 69 51 &
424 219 96 51 hoc
479 219 152 51 apparet
576 219 96 51 magis

159 258 88 40 in
203 258 308 40 existimationibus,
468 258 117 40 quae
526 258 147 40 mutantur

169 294 67 53 in
202 294 67 53 re
236 294 134 53 secundum
336 294 134 53 tempora.
437 294 134 53 quoniam,
537 294 78 53 cum
582 294 78 53 apd
615 294 56 53 nos

164 332 137 43 fuerit
260 332 137 43 aliqua
356 332 205 43 existimatio
520 332 82 43 de
548 332 123 43 aliquo,

167 370 99 44 quod
228 370 86 44 sit
278 370 111 44 talis
352 370 210 44 dispositionis
525 370 74 44 in
562 370 99 44 tali
611 370 62 44 tem

169 407 116 51 pore,
247 407 65 51 &
272 407 155 51 alterius
389 407 155 51 disponis
505 407 78 51 in
544 407 103 51 alio
595 407 78 51 tpe-

170 452 150 31 mutatio
279 452 109 31 enim
347 452 136 31 nostra
443 452 82 31 de
470 452 204 31 existimatione

159 481 93 41 in
205 481 279 41 existimationem
438 481 109 41 est
484 481 186 41 transmuta-

165 524 89 47 tio
216 524 190 47 necessario.
368 524 63 47 &
394 524 178 47 intendebat
533 524 114 47 quod,
597 524 76 47 quia

166 560 110 48 omnia
239 560 98 48 sunt
301 560 196 48 quiescentia,
460 560 160 48 contingit
583 560 74 48 vt
608 560 61 48 num

169 597 107 45 quam
235 597 160 45 mutentur
356 597 240 45 existimationes
556 597 80 45 in
583 597 93 45 eadem

170 632 78 42 re,
215 632 134 42 scilicet
315 632 67 42 vt
349 632 67 42 in
382 632 101 42 eadem
449 632 67 42 re
483 632 78 42 non
516 632 157 42 existimentur

165 675 225 46 existimationes
353 675 150 46 diuersae
466 675 75 46 in
503 675 150 46 tperibus
603 675 63 46 di-

170 717 120 41 uersis
254 717 96 41 ita,
314 717 96 41 quod
374 717 108 41 eadem
447 717 180 41 existimatio
591 717 84 41 sit
627 717 48 41 de

143 744 165 42 ISocrate
267 744 110 42 esse
336 744 83 42 in
378 744 124 42 domo,
460 744 96 42 aut
515 744 124 42 exire
598 744 69 42 a
612 744 55 42 do

163 789 103 37 mo.
222 789 117 37 quod
295 789 103 37 est
354 789 132 37 valde
442 789 235 37 improbabile.
618 789 59 37 Et

161 828 116 43 quia
233 828 275 43 existimationem,
464 828 72 43 &
479 828 188 43 imaginatio-

164 861 96 38 nem
219 861 110 38 esse
288 861 138 38 motum,
384 861 96 38 aut
439 861 124 38 sequi
522 861 124 38 motum
604 861 96 38 non

166 895 80 42 est
211 895 161 42 manifestum
338 895 80 42 per
383 895 80 42 se,
429 895 69 42 d.
464 895 172 42 existimatio
601 895 92 42 enim

169 934 66 52 &
195 934 186 52 imaginatio
341 934 212 52 existimantur
513 934 106 52 esse
566 934 93 52 motus

165 970 75 41 in
203 970 88 41 aut
253 970 113 41 sequi
329 970 126 41 motum.
417 970 88 41 Et,
467 970 101 41 quia
530 970 113 41 omnes
593 970 75 41 ista

162 1012 139 49 rationes
266 1012 104 49 sunt,
336 1012 162 49 prbabiles,
463 1012 58 49 &
486 1012 104 49 nulla
555 1012 104 49 fides
613 1012 58 49 est

170 1045 61 56 in
200 1045 82 56 eis,
251 1045 82 56 nisi
303 1045 123 56 secundum
394 1045 82 56 quod
445 1045 174 56 propositiones
588 1045 82 56 sunt
629 1045 41 56 ma

157 1092 90 40 gis
209 1092 181 40 probabiles
351 1092 103 40 quid
416 1092 181 40 conclusio,
558 1092 90 40 non
596 1092 78 40 quia

165 1123 104 39 sunt
230 1123 221 39 manifestiores
412 1123 195 39 conclusione
569 1123 91 39 apd
621 1123 78 39 in

156 1160 193 43 tellectum,
308 1160 138 43 dicit:
404 1160 96 43 Sed
459 1160 207 43 perscrutari
611 1160 55 43 de

162 1199 101 47 hoc,
225 1199 88 47 &c.
276 1199 76 47 i.
314 1199 88 47 sed
364 1199 189 47 perscrutari
516 1199 76 47 de
553 1199 101 47 hoc,
604 1199 63 47 cu-

161 1237 83 41 ius
209 1237 142 41 scientia
315 1237 83 41 est
363 1237 154 41 manifesta
481 1237 83 41 per
529 1237 83 41 se,
576 1237 59 41 &
588 1237 83 41 quae-

158 1274 102 40 rere
222 1274 153 40 rationem
337 1274 115 40 super
414 1274 128 40 illud,
503 1274 115 40 cuius
567 1274 102 40 scien-

145 1309 95 45 Itia
204 1309 95 45 apud
264 1309 83 45 nos
311 1309 83 45 est
359 1309 83 45 ita
406 1309 119 45 certa,
489 1309 95 45 quod
548 1309 83 45 non
584 1309 83 45 indi-

166 1349 85 45 vet
215 1349 146 45 ratione,
324 1349 85 45 est
373 1349 73 45 de
410 1349 85 45 ope
459 1349 110 45 eius,
532 1349 85 45 qui
581 1349 85 45 non
617 1349 49 45 ha

158 1386 96 52 bet
213 1386 220 52 discretionem
392 1386 83 52 in
434 1386 234 52 distinguendo.
613 1386 55 52 Et

161 1422 95 46 cum
215 1422 176 46 compleuit
350 1422 257 46 contradictionem
552 1422 108 46 istius

156 1461 196 52 opinionis,
310 1461 196 52 reuertitur
463 1461 84 52 ad
491 1461 182 52 contradicem

157 1501 102 38 dum
216 1501 175 38 opinioni
347 1501 189 38 secundae,
492 1501 73 38 &
521 1501 146 38 dixit:
609 1501 58 38 Et

162 1537 145 41 secundum
270 1537 96 41 hunc
331 1537 120 41 modum,
415 1537 84 41 &c.
463 1537 72 41 i.
499 1537 72 41 &,
535 1537 84 41 cum
584 1537 84 41 sit
620 1537 48 41 ma

159 1574 163 52 nifestum
282 1574 109 52 apud
350 1574 95 52 nos
404 1574 109 52 quod
472 1574 149 52 quaedam
567 1574 95 52 entia

154 1621 194 42 mouentur
299 1621 226 42 quandoque,
477 1621 81 42 &
493 1621 178 42 quiescunt

163 1649 165 40 quandoque:
293 1649 59 40 &
316 1649 106 40 sumus
387 1649 106 40 certi
457 1649 94 40 quod
516 1649 94 40 ista
563 1649 94 40 compre

153 1685 126 38 hensio
242 1685 88 38 non
292 1685 88 38 est
343 1685 76 38 ex
380 1685 151 38 fallacia
494 1685 139 38 sensus:
582 1685 76 38 ideo

153 1725 116 37 istud
230 1725 167 37 pricipium
359 1725 154 37 sufficit
474 1725 116 37 nobis
551 1725 103 37 quod
603 1725 64 37 non

158 1765 183 45 mouentur
295 1765 137 45 omnia
387 1765 168 45 semper,
509 1765 107 45 aut
554 1765 107 45 quie-

155 1796 125 46 scunt
238 1796 153 46 semper:
350 1796 97 46 aut
405 1796 125 46 omnia
488 1796 125 46 entia
558 1796 111 46 diuidi

691 180 86 55 in
734 180 115 55 duas
805 180 158 55 partes,
920 180 143 55 quarum
1021 180 100 55 vna
1064 180 143 55 quiescit

689 221 162 51 semper,
807 221 73 51 &
836 221 162 51 reliqua
954 221 162 51 mouetur
1057 221 132 51 semper.

689 257 93 40 Et,
742 257 93 40 cum
795 257 173 40 destruxit
928 257 120 40 istas
1008 257 106 40 tres
1061 257 146 40 diuisioes

691 293 213 40 praedictas,
861 293 128 40 fecit
946 293 255 40 rememorationem
1144 293 57 40 de

687 332 109 46 hoc,
755 332 68 46 &
783 332 136 46 dixit:
878 332 191 46 Manifestum
1028 332 95 46 est
1069 332 123 46 igitur,

687 372 89 38 &c.
738 372 77 38 i.
777 372 64 38 &
802 372 89 38 iam
853 372 128 38 igitur
943 372 153 38 apparuit
1058 372 102 38 quod
1109 372 89 38 entia

685 413 103 44 non
744 413 206 44 diuiduntur
906 413 88 44 iu
951 413 118 44 duas
1024 413 162 44 partes,
1127 413 74 44 qua

688 452 101 42 rum
745 452 101 42 vna
803 452 173 42 quiescit
933 452 159 42 semper,
1048 452 72 42 &
1062 452 130 42 reliqua

687 480 160 43 mouetur
804 480 160 43 semper:
920 480 233 43 nquemadmodum
1095 480 102 43 appa-

690 514 98 57 ruit,
755 514 87 57 quod
810 514 163 57 impossibile
941 514 76 57 est
984 514 65 57 vt
1017 514 98 57 omnia
1082 514 87 57 sint
1126 514 65 57 que-

689 558 174 36 scentia,
819 558 72 36 &
848 558 130 36 omnia
935 558 116 36 sint
1007 558 130 36 mota,
1094 558 72 36 &
1108 558 87 36 omne

685 597 91 50 hoc
737 597 143 50 apparet
841 597 78 50 ex
880 597 104 50 hoc,
946 597 104 50 quod
1011 597 143 50 quaedam
1102 597 91 50 quie-

695 632 99 52 scunt
761 632 142 52 quanoque,
870 632 55 52 &
892 632 121 52 quaedam
980 632 131 52 mouentur
1068 632 121 52 quandoque

684 670 126 53 iste
763 670 126 53 enim
841 670 141 53 modus
936 670 204 53 opponitur
1077 670 126 53 tribus

687 708 125 46 modis
757 708 180 46 praedictis.

688 771 121 47 Omne,
768 771 108 47 quod
836 771 162 47 mouetur,
957 771 81 47 ab
997 771 135 47 aliquo
1078 771 121 47 moueri-

818 810 229 47 Cap.
933 810 114 47 4.

794 860 167 57 Eliquum
915 860 106 57 est
976 860 152 57 igitur
1067 860 122 57 consy-

799 904 191 42 derandum,
946 904 132 42 vtrum
1034 904 132 42 omnia
1107 904 88 42 sint

798 944 212 50 huiusmodi
961 944 98 50 vt
993 944 196 50 moueantur,

687 989 85 36 &
721 989 238 36 quiescant:
908 989 102 36 an
959 989 170 36 aliqua
1061 989 136 36 quidem

686 1025 115 48 sic,
757 1025 143 48 aliqua
858 1025 115 48 vero
929 1025 143 48 semper
1015 1025 172 48 quiescant,

680 1073 176 33 aliqua
804 1073 158 33 autem
909 1073 176 33 semper
1015 1073 176 33 moueant.

682 1108 111 38 hoc
746 1108 127 38 enim
825 1108 270 38 demonstrandum
1048 1108 111 38 est
1111 1108 80 38 a
1127 1108 64 38 no

689 1149 125 53 bis.
768 1149 204 53 Mouentium
924 1149 172 53 igitur,
1050 1149 78 53 &
1066 1149 125 53 eorum,

686 1188 115 54 quae
758 1188 187 54 mouentur,
901 1188 115 54 alia
973 1188 144 54 quidem
1074 1188 101 54 per
1117 1188 72 54 ac-

687 1237 153 37 cidens
794 1237 168 37 mouent,
916 1237 76 37 &
946 1237 214 37 mouenteur,
1099 1237 92 37 alia

684 1273 130 50 autem
770 1273 101 50 per
828 1273 101 50 se.
886 1273 101 50 Per
944 1273 174 50 accidens
1060 1273 130 50 quidem,

690 1313 88 42 vt
734 1313 204 42 quaecunque
895 1313 88 42 ex
939 1313 102 42 eo,
997 1313 117 42 quia
1070 1313 117 42 sunt
1129 1313 58 42 in

685 1351 230 43 mouentibus,
868 1351 107 43 aut
930 1351 123 43 ijs,
1006 1351 123 43 quae
1068 1351 123 43 mouen-

685 1394 116 41 tur,
758 1394 73 41 &
787 1394 116 41 quae
860 1394 102 41 per
918 1394 160 41 partem.
1034 1394 102 41 Per
1092 1394 87 41 se
1121 1394 73 41 au-

684 1436 127 47 tem,
763 1436 222 47 quaecunque
938 1436 111 47 non
1002 1436 95 47 ex
1049 1436 111 47 eo,
1097 1436 95 47 quia

679 1473 123 49 sint
756 1473 92 49 in
802 1473 185 49 mouente,
940 1473 108 49 aut
1002 1473 92 49 in
1048 1473 108 49 eo,
1094 1473 92 49 quod

680 1524 191 38 mouetur,
823 1524 143 38 neque
919 1524 96 38 ex
967 1524 112 38 eo,
1031 1524 127 38 quia
1094 1524 96 38 pars

680 1564 164 30 aliqua
794 1564 180 30 ipsorum
925 1564 164 30 mouet,
1040 1564 115 30 aut
1105 1564 115 30 mo

685 1605 118 40 uetur.
768 1605 106 40 Eorum
839 1605 118 40 autem,
921 1605 94 40 quae
980 1605 83 40 per
1028 1605 83 40 se,
1075 1605 94 40 alia
1122 1605 71 40 qui-

684 1634 97 47 dem
740 1634 69 47 a
767 1634 166 47 seipsis,
892 1634 111 47 alia
961 1634 111 47 vero
1030 1634 83 47 ab
1072 1634 125 47 alio.
1141 1634 55 47 Et

678 1676 126 42 alia
757 1676 157 42 quidem
867 1676 79 42 a
899 1676 173 42 natura,
1025 1676 126 42 alia
1088 1676 94 42 vero

685 1716 219 54 violentia,
858 1716 78 54 &
889 1716 125 54 pter
968 1716 188 54 naturam.
1093 1716 94 54 quod

678 1756 96 46 nm
726 1756 144 46 ipsum
822 1756 80 46 a
854 1756 160 46 seipso
966 1756 176 46 mouetur
1078 1756 112 46 natu-

680 1798 89 53 ra
725 1798 179 53 mouetur,
859 1798 89 53 vt
903 1798 223 53 vnumquodque
1067 1798 119 53 anima
