1416 2066
172 179 218 47 cuiuslibet
343 179 140 47 eorum
437 179 109 47 est
499 179 140 47 maior
592 179 124 47 motu
654 179 47 47 A

188 228 157 39 primum,
302 228 100 39 aut
359 228 171 39 aequalis
487 228 100 39 ei,
543 228 100 39 aut
586 228 114 39 minor-

189 268 106 31 sed,
255 268 106 31 quia
321 268 199 31 impossibile
481 268 93 31 est
534 268 80 31 vt
574 268 119 31 motus
640 268 53 31 mo

188 306 89 42 ti
233 306 104 42 sit
292 306 134 42 minor
382 306 119 42 motu
456 306 179 42 motoris,
591 306 104 42 quo
635 306 60 42 mo

188 333 132 45 uetur,
280 333 66 45 &
307 333 132 45 potest
400 333 106 45 esse
466 333 132 45 maior,
558 333 132 45 dixit:
638 333 66 45 nam

193 381 143 30 moius
289 381 143 30 eorum
384 381 175 30 motuum,
512 381 112 30 &c.
576 381 112 30 Nos
623 381 80 30 au-

191 421 82 29 tem
238 421 141 29 diximus,
344 421 94 29 quod
403 421 82 29 non
450 421 82 29 est
496 421 129 29 dicitur
590 421 59 29 a
614 421 70 29 in
637 421 59 29 hoc

183 449 117 41 siue
256 449 160 41 ponatur
373 449 146 41 maior,
475 449 102 41 aut
534 449 102 41 mis
577 449 117 41 ex:li-

190 485 108 48 cet
251 485 108 48 non
313 485 154 48 possit
420 485 138 48 minor
513 485 138 48 poni.
605 485 77 48 &
620 485 77 48 hoc

186 526 137 36 necesse
285 526 100 36 est,
347 526 75 36 si
385 526 212 36 concesserimus
559 526 100 36 quod
609 526 87 36 omnis

190 557 117 45 motus
268 557 91 45 est
320 557 209 45 diuisibilis.
490 557 91 45 Et,
542 557 104 45 quia
595 557 104 45 illud,

193 598 103 49 quod
257 598 154 49 sequitur
373 598 77 49 ex
412 598 90 49 hoc
463 598 154 49 sermone,
579 598 90 49 est
618 598 77 49 quod

188 636 128 45 motus
273 636 170 45 infiniti
401 636 114 45 sunt
472 636 85 45 in
514 636 156 45 tempore
614 636 85 45 fini

192 669 93 37 to,
245 669 93 37 non
298 669 119 37 motus
377 669 172 37 infinitus
509 669 66 37 i
535 669 145 37 tempore
628 669 66 37 fi-

185 710 122 44 nito,
267 710 108 44 quod
334 710 189 44 declaratum
483 710 95 44 est
537 710 108 44 esse
591 710 108 44 impos-

190 745 123 41 sibile
276 745 74 41 in
313 745 123 41 Sexto,
387 745 99 41 dixit:

230 780 117 46 Sic
297 780 167 46 igitur
414 780 217 46 videbitur
564 780 133 46 demon-

183 823 160 43 strari
295 823 112 43 id,
359 823 128 43 quod
439 823 96 43 ab
486 823 160 43 initio
582 823 112 43 dixi-

186 861 139 45 mus:
272 861 121 45 non
342 861 156 45 tamen
428 861 260 45 demonstratur,

188 910 208 44 propterea
348 910 128 44 quod
428 910 160 44 nullum
524 910 176 44 inconueni

190 949 101 38 ens
247 949 174 38 accidit.
378 949 188 38 contingit
522 949 116 38 enim
595 949 87 38 in
624 949 72 38 tem

189 983 134 49 pore
273 983 167 49 finito
390 983 217 49 infinitum
557 983 150 49 motum
640 983 67 49 es

193 1029 111 37 se,
256 1029 111 37 non
320 1029 142 37 autem
414 1029 174 37 eundem,
541 1029 111 37 sed
588 1029 111 37 alte-

187 1069 136 45 rum,
272 1069 85 45 &
306 1069 204 45 alterum,
458 1069 170 45 multis
560 1069 136 45 motis,

181 1109 83 37 &
215 1109 233 37 infinitis.
398 1109 133 37 quod
481 1109 167 37 quidem
581 1109 117 37 acci-

185 1149 108 45 dit
246 1149 77 45 &
277 1149 93 45 in
324 1149 124 45 ijs,
401 1149 124 45 quae
478 1149 124 45 nunc
540 1149 154 45 diximus.

234 1189 206 64 Secundum
388 1189 172 64 igitur
508 1189 137 64 hunc
577 1189 120 64 modum

189 1237 216 54 existimatur
362 1237 115 54 quod
434 1237 144 54 illud,
534 1237 115 54 quod
592 1237 101 54 inte-

182 1281 172 58 debatur
308 1281 94 58 ex
355 1281 219 58 principio,
511 1281 188 58 declaratum

195 1324 109 62 est.
264 1324 96 62 sed
318 1324 96 62 non
373 1324 96 62 est
428 1324 205 62 declaratum,
578 1324 123 62 quonia,

188 1372 89 62 ex
233 1372 149 62 dictis
337 1372 104 62 non
397 1372 179 62 sequitur
516 1372 179 62 improbabi-

194 1420 94 63 te.
247 1420 175 63 possibile
382 1420 108 63 enim
450 1420 94 63 est
503 1420 81 63 vt
544 1420 81 63 in
571 1420 121 63 tempore

187 1469 131 53 finito
278 1469 105 53 sint
344 1469 118 53 motus
422 1469 170 53 infiniti,
553 1469 105 53 ita,
619 1469 105 53 quod

181 1514 103 56 non
240 1514 103 56 sit
299 1514 117 56 vnus
372 1514 147 56 motus,
475 1514 103 56 sed
534 1514 132 56 motus
607 1514 88 56 prae

187 1557 99 61 ter
243 1557 141 61 alium,
342 1557 99 61 cum
399 1557 155 61 fuerint
512 1557 141 61 multa,
610 1557 113 61 quae

188 1605 204 56 mouentur,
345 1605 79 56 &
377 1605 204 56 infinita.
534 1605 79 56 &
565 1605 110 56 hoc
612 1605 79 56 ac-

191 1652 125 62 cidit
274 1652 83 62 in
316 1652 125 62 istis
399 1652 139 62 motis,
497 1652 83 62 in
538 1652 139 62 quibus
622 1652 69 62 lo

176 1709 159 45 quemur.

183 1756 138 56 Quia
269 1756 104 56 ex
321 1756 121 56 hoc
390 1756 190 56 sermone
512 1756 190 56 sequitur,

189 1796 77 46 vt
228 1796 116 46 motus
305 1796 154 46 infiniti
421 1796 103 46 sint
485 1796 142 46 insimul
588 1796 77 46 in
614 1796 77 46 ten

722 181 108 45 pore
790 181 149 45 finito.
898 181 95 45 non
952 181 81 45 vt
993 181 122 45 motus
1074 181 176 45 infinitus
1195 181 41 45 I

714 219 87 55 sit
763 219 75 55 in
801 219 137 55 tempore
900 219 137 55 finito,
1000 219 62 55 &
1025 219 87 55 est
1075 219 125 55 illud,
1149 219 75 55 quid

719 258 198 53 declaratum
875 258 99 53 est
931 258 113 53 esse
1002 258 213 53 impossibile
1158 258 57 53 in

714 301 131 48 Sexto,
806 301 131 48 dixit:
898 301 158 48 Secundum
1016 301 131 48 igitur
1108 301 105 48 hunc
1160 301 53 48 mo

719 334 87 51 dum
768 334 199 51 existimatui,
930 334 87 51 &c.
979 334 74 51 i.
1016 334 149 51 secundum
1116 334 99 51 igitur

715 371 123 40 hunc
792 371 185 40 sermonem
930 371 215 40 praedictum
1084 371 123 40 existi

717 413 124 46 matur
800 413 110 46 quod
868 413 137 46 illud,
964 413 110 46 quod
1019 413 206 46 intendebatur.

720 447 153 43 declarari,
840 447 120 43 quoniam
928 447 164 43 impossibile
1059 447 77 43 est
1103 447 66 43 vt
1136 447 87 43 ista
1179 447 44 43 mo

713 483 80 51 ta
753 483 173 51 procedant
886 483 80 51 in
925 483 186 51 infinitum,
1058 483 160 51 declaratum

718 520 108 51 est.
785 520 108 51 sed,
852 520 94 51 cum
906 520 94 51 hoc
960 520 134 51 fuerit
1054 520 108 51 bene
1107 520 108 51 consy-

713 561 164 50 deratum,
836 561 178 50 apparebit
973 561 109 50 quod
1041 561 96 50 non
1082 561 137 50 declara-

715 597 96 52 tum
770 597 110 52 est.
839 597 96 52 nam
894 597 83 52 ex
936 597 96 52 hoc
991 597 207 52 syllogismo,
1142 597 83 52 quem

708 637 165 51 induxit,
832 637 96 51 non
887 637 165 51 sequitur
1011 637 207 51 impossibile
1163 637 55 51 in

716 672 83 43 rei
763 672 153 43 veritate,
881 672 83 43 sed
928 672 189 43 impossibile,
1082 672 71 43 vt
1105 672 118 43 videtur.

713 710 79 49 Et
752 710 93 49 hoc
805 710 198 49 intendebat,
964 710 93 49 cum
1017 710 132 49 dixit:
1096 710 119 49 quoniam

712 748 84 39 ex
754 748 98 39 hoc
810 748 98 39 non
867 748 169 39 sequitur
993 748 225 39 improbabile.
1162 748 56 39 i.

716 785 155 51 impossie.
836 785 215 51 D.demonstiauit
1015 785 96 51 quod
1075 785 120 51 illud,
1146 785 72 51 quid

715 821 209 49 concluditur
882 821 84 49 ex
924 821 98 49 hoc
980 821 195 49 syllooismo
1119 821 98 49 indu-

721 851 108 59 cente
793 851 72 59 ad
829 851 192 59 inconueniens
986 851 84 59 est
1034 851 168 59 possibile,
1154 851 60 59 non

713 898 155 52 impossibile,
839 898 48 52 &
859 898 97 52 dixit:
926 898 126 52 possibile
1023 898 77 52 enim
1072 898 68 52 est
1110 898 58 52 vt
1140 898 58 52 in
1159 898 58 52 ten-

719 934 79 48 pore
769 934 109 48 finito,
848 934 69 48 &c.
888 934 60 48 i.
917 934 129 48 possibile
1017 934 79 48 enim
1066 934 69 48 est
1106 934 60 48 vt
1136 934 60 48 in
1155 934 60 48 ten-

717 972 106 47 pore
783 972 133 47 finito
876 972 106 47 sint
943 972 120 47 motus
1023 972 160 47 infiniti
1129 972 93 47 insi-

713 1013 104 50 mul,
778 1013 104 50 ita,
843 1013 104 50 quod
907 1013 194 50 congreoatum
1063 1013 78 50 ex
1101 1013 91 50 eis
1153 1013 91 50 non

719 1039 92 51 sit
771 1039 105 51 vnus
837 1039 132 51 motus,
929 1039 92 51 sed
982 1039 197 51 vnusquisque
1127 1039 92 51 eorum

721 1085 146 52 differat
831 1085 61 52 a
855 1085 146 52 reliquo,
965 1085 98 52 ita,
1026 1085 98 52 quod
1087 1085 98 52 sint
1136 1085 85 52 multa

709 1124 205 50 infinita,
867 1124 157 50 quorum
977 1124 142 50 vnum,
1071 1124 126 50 quod
1134 1124 79 50 mo-

714 1166 141 37 ueatur
813 1166 99 37 per
869 1166 85 37 se
911 1166 240 37 singulariter,
1109 1166 71 37 &
1123 1166 99 37 omnia

709 1204 195 47 moueantur
859 1204 90 47 in
904 1204 165 47 tempore
1023 1204 180 47 aequali.
1143 1204 75 47 hoc

712 1236 91 51 enim
768 1236 147 51 possibile
881 1236 91 51 est,
938 1236 57 51 &
961 1236 79 51 est
1006 1236 113 51 illud,
1085 1236 91 51 quod
1130 1236 91 51 conclu

711 1271 95 51 sit
766 1271 108 51 iste
833 1271 122 51 sermo
914 1271 203 51 praedictus,
1076 1271 95 51 non
1117 1271 108 51 impos-

713 1309 146 38 sibile,
819 1309 79 38 vt
858 1309 185 38 videbatur.
1004 1309 106 38 D.d.
1070 1309 66 38 &
1097 1309 93 38 hoc
1137 1309 79 38 acci

714 1347 96 51 dit,
774 1347 84 51 &c.
822 1347 72 51 i.
858 1347 72 51 vt
894 1347 180 51 vnumquodque
1038 1347 108 51 eorum
1098 1347 120 51 scilicet

710 1389 212 45 infinitorum
879 1389 183 45 positorum
1020 1389 169 45 moueatur
1147 1389 99 45 mo

707 1422 89 49 tu
752 1422 179 49 proprio,
886 1422 75 49 &
916 1422 134 49 omnia
1005 1422 179 49 insimul.
1125 1422 89 49 quod

712 1468 83 47 est
759 1468 165 47 possibile,
889 1468 83 47 non
937 1468 189 47 impossibile,
1090 1468 71 47 vt
1114 1468 106 47 videtur

712 1498 88 48 in
756 1498 132 48 primo
830 1498 147 48 aspectu.

757 1557 123 37 Ced,
833 1557 92 37 si
879 1557 107 37 id,
941 1557 123 37 quod
1018 1557 169 37 mouetur
1125 1557 92 37 pri-

706 1597 109 38 mo
760 1597 218 38 secundum
924 1597 182 38 locum,
1051 1597 91 38 &
1070 1597 145 38 corpo-

715 1644 112 37 rali
785 1644 127 37 motu,
870 1644 155 37 necesse
982 1644 98 37 est
1038 1644 169 37 tangere,
1151 1644 70 37 aut

713 1680 210 42 continuum
874 1680 129 42 esse
955 1680 194 42 mouenti,
1100 1680 97 42 vt
1132 1680 81 42 vi-

709 1718 159 36 demus
816 1718 106 36 in
869 1718 195 36 omnibus
1010 1718 124 36 hoc
1064 1718 159 36 contin-

705 1756 150 50 gere,
806 1756 134 50 erit
889 1756 100 50 ex
939 1756 184 50 omnibus
1073 1756 134 50 vnum
1140 1756 84 50 ip-

708 1797 119 54 sum
776 1797 170 54 totum,
895 1797 119 54 aut
963 1797 238 54 continuum.
1134 1797 85 54 Hoc
