<?xml version="1.0" encoding="UTF-8"?>
<alto xmlns:xsi="http://www.w3.org/2001/XMLSchema-instance"
      xmlns="http://www.loc.gov/standards/alto/ns-v2#"
      xmlns:page="http://schema.primaresearch.org/PAGE/gts/pagecontent/2013-07-15"
      xsi:schemaLocation="http://www.loc.gov/standards/alto/ns-v2# http://www.loc.gov/standards/alto/alto.xsd">
   <Description>
      <MeasurementUnit>pixel</MeasurementUnit>
      <OCRProcessing ID="IdOcr">
         <ocrProcessingStep>
            <processingDateTime>2021-02-13T08:28:00.716-05:00</processingDateTime>
            <processingSoftware>
               <softwareCreator>READ COOP</softwareCreator>
               <softwareName>Transkribus</softwareName>
            </processingSoftware>
         </ocrProcessingStep>
      </OCRProcessing>
   </Description>
   <Tags/>
   <Layout>
      <Page ID="Page1" PHYSICAL_IMG_NR="1" HEIGHT="2066" WIDTH="1416">
         <TopMargin HEIGHT="0" WIDTH="1416" VPOS="0" HPOS="0"/>
         <LeftMargin HEIGHT="2066" WIDTH="0" VPOS="0" HPOS="0"/>
         <RightMargin HEIGHT="2066" WIDTH="0" VPOS="0" HPOS="1416"/>
         <BottomMargin HEIGHT="0" WIDTH="1416" VPOS="2066" HPOS="0"/>
         <PrintSpace HEIGHT="2066" WIDTH="1416" VPOS="0" HPOS="0">
            <TextBlock ID="TextRegion_1612877734180_1078"
                       HEIGHT="1739"
                       WIDTH="526"
                       VPOS="140"
                       HPOS="190">
               <Shape>
                  <Polygon POINTS="190,140 716,140 716,1879 190,1879"/>
               </Shape>
               <TextLine ID="line_1612877713410_1054"
                         BASELINE="242"
                         HEIGHT="69"
                         WIDTH="508"
                         VPOS="173"
                         HPOS="185">
                  <String HEIGHT="69"
                          WIDTH="154"
                          VPOS="173"
                          HPOS="170"
                          CONTENT="quando"/>
                  <SP HEIGHT="69" WIDTH="15" VPOS="173" HPOS="324"/>
                  <String HEIGHT="69"
                          WIDTH="154"
                          VPOS="173"
                          HPOS="277"
                          CONTENT="utitur"/>
                  <SP HEIGHT="69" WIDTH="15" VPOS="173" HPOS="431"/>
                  <String HEIGHT="69" WIDTH="108" VPOS="173" HPOS="385" CONTENT="sua"/>
                  <SP HEIGHT="69" WIDTH="15" VPOS="173" HPOS="493"/>
                  <String HEIGHT="69"
                          WIDTH="185"
                          VPOS="173"
                          HPOS="447"
                          CONTENT="scientia"/>
                  <SP HEIGHT="69" WIDTH="15" VPOS="173" HPOS="631"/>
                  <String HEIGHT="69"
                          WIDTH="123"
                          VPOS="173"
                          HPOS="570"
                          CONTENT="perues"/>
               </TextLine>
               <TextLine ID="r2l5"
                         BASELINE="292"
                         HEIGHT="64"
                         WIDTH="504"
                         VPOS="228"
                         HPOS="194">
                  <String HEIGHT="64" WIDTH="101" VPOS="228" HPOS="180" CONTENT="se."/>
                  <SP HEIGHT="64" WIDTH="14" VPOS="228" HPOS="280"/>
                  <String HEIGHT="64" WIDTH="101" VPOS="228" HPOS="237" CONTENT="Sed"/>
                  <SP HEIGHT="64" WIDTH="14" VPOS="228" HPOS="338"/>
                  <String HEIGHT="64" WIDTH="101" VPOS="228" HPOS="295" CONTENT="non"/>
                  <SP HEIGHT="64" WIDTH="14" VPOS="228" HPOS="396"/>
                  <String HEIGHT="64"
                          WIDTH="144"
                          VPOS="228"
                          HPOS="352"
                          CONTENT="omnia,"/>
                  <SP HEIGHT="64" WIDTH="14" VPOS="228" HPOS="496"/>
                  <String HEIGHT="64"
                          WIDTH="115"
                          VPOS="228"
                          HPOS="453"
                          CONTENT="quae"/>
                  <SP HEIGHT="64" WIDTH="14" VPOS="228" HPOS="568"/>
                  <String HEIGHT="64"
                          WIDTH="158"
                          VPOS="228"
                          HPOS="525"
                          CONTENT="possunt"/>
                  <SP HEIGHT="64" WIDTH="14" VPOS="228" HPOS="684"/>
                  <String HEIGHT="64" WIDTH="72" VPOS="228" HPOS="626" CONTENT="age"/>
               </TextLine>
               <TextLine ID="r2l7"
                         BASELINE="322"
                         HEIGHT="37"
                         WIDTH="495"
                         VPOS="285"
                         HPOS="197">
                  <String HEIGHT="37" WIDTH="102" VPOS="285" HPOS="182" CONTENT="re,"/>
                  <SP HEIGHT="37" WIDTH="15" VPOS="285" HPOS="284"/>
                  <String HEIGHT="37" WIDTH="102" VPOS="285" HPOS="241" CONTENT="aut"/>
                  <SP HEIGHT="37" WIDTH="15" VPOS="285" HPOS="343"/>
                  <String HEIGHT="37"
                          WIDTH="131"
                          VPOS="285"
                          HPOS="299"
                          CONTENT="pati,"/>
                  <SP HEIGHT="37" WIDTH="15" VPOS="285" HPOS="430"/>
                  <String HEIGHT="37" WIDTH="102" VPOS="285" HPOS="386" CONTENT="aut"/>
                  <SP HEIGHT="37" WIDTH="15" VPOS="285" HPOS="488"/>
                  <String HEIGHT="37"
                          WIDTH="160"
                          VPOS="285"
                          HPOS="445"
                          CONTENT="mouere,"/>
                  <SP HEIGHT="37" WIDTH="15" VPOS="285" HPOS="605"/>
                  <String HEIGHT="37" WIDTH="102" VPOS="285" HPOS="561" CONTENT="aut"/>
                  <SP HEIGHT="37" WIDTH="15" VPOS="285" HPOS="663"/>
                  <String HEIGHT="37" WIDTH="87" VPOS="285" HPOS="605" CONTENT="moue"/>
               </TextLine>
               <TextLine ID="r2l9"
                         BASELINE="383"
                         HEIGHT="51"
                         WIDTH="506"
                         VPOS="332"
                         HPOS="197">
                  <String HEIGHT="51" WIDTH="98" VPOS="332" HPOS="183" CONTENT="ri,"/>
                  <SP HEIGHT="51" WIDTH="14" VPOS="332" HPOS="281"/>
                  <String HEIGHT="51"
                          WIDTH="197"
                          VPOS="332"
                          HPOS="239"
                          CONTENT="necessario"/>
                  <SP HEIGHT="51" WIDTH="14" VPOS="332" HPOS="436"/>
                  <String HEIGHT="51"
                          WIDTH="155"
                          VPOS="332"
                          HPOS="394"
                          CONTENT="possunt"/>
                  <SP HEIGHT="51" WIDTH="14" VPOS="332" HPOS="548"/>
                  <String HEIGHT="51"
                          WIDTH="112"
                          VPOS="332"
                          HPOS="506"
                          CONTENT="hoc,"/>
                  <SP HEIGHT="51" WIDTH="14" VPOS="332" HPOS="619"/>
                  <String HEIGHT="51" WIDTH="98" VPOS="332" HPOS="577" CONTENT="sed"/>
                  <SP HEIGHT="51" WIDTH="14" VPOS="332" HPOS="675"/>
                  <String HEIGHT="51" WIDTH="84" VPOS="332" HPOS="619" CONTENT="quan"/>
               </TextLine>
               <TextLine ID="r2l12"
                         BASELINE="431"
                         HEIGHT="64"
                         WIDTH="496"
                         VPOS="367"
                         HPOS="197">
                  <String HEIGHT="64" WIDTH="85" VPOS="367" HPOS="183" CONTENT="do"/>
                  <SP HEIGHT="64" WIDTH="14" VPOS="367" HPOS="268"/>
                  <String HEIGHT="64"
                          WIDTH="156"
                          VPOS="367"
                          HPOS="225"
                          CONTENT="fuerint"/>
                  <SP HEIGHT="64" WIDTH="14" VPOS="367" HPOS="381"/>
                  <String HEIGHT="64"
                          WIDTH="128"
                          VPOS="367"
                          HPOS="339"
                          CONTENT="talis"/>
                  <SP HEIGHT="64" WIDTH="14" VPOS="367" HPOS="466"/>
                  <String HEIGHT="64"
                          WIDTH="255"
                          VPOS="367"
                          HPOS="424"
                          CONTENT="dispositionis,"/>
                  <SP HEIGHT="64" WIDTH="14" VPOS="367" HPOS="679"/>
                  <String HEIGHT="64" WIDTH="71" VPOS="367" HPOS="622" CONTENT="aut"/>
               </TextLine>
               <TextLine ID="r2l14"
                         BASELINE="474"
                         HEIGHT="62"
                         WIDTH="506"
                         VPOS="412"
                         HPOS="194">
                  <String HEIGHT="62"
                          WIDTH="153"
                          VPOS="412"
                          HPOS="179"
                          CONTENT="quando"/>
                  <SP HEIGHT="62" WIDTH="15" VPOS="412" HPOS="332"/>
                  <String HEIGHT="62"
                          WIDTH="169"
                          VPOS="412"
                          HPOS="286"
                          CONTENT="fuerint"/>
                  <SP HEIGHT="62" WIDTH="15" VPOS="412" HPOS="455"/>
                  <String HEIGHT="62"
                          WIDTH="215"
                          VPOS="412"
                          HPOS="409"
                          CONTENT="uicinantia"/>
                  <SP HEIGHT="62" WIDTH="15" VPOS="412" HPOS="623"/>
                  <String HEIGHT="62"
                          WIDTH="123"
                          VPOS="412"
                          HPOS="577"
                          CONTENT="sibi"/>
                  <SP HEIGHT="62" WIDTH="15" VPOS="412" HPOS="700"/>
                  <String HEIGHT="62" WIDTH="61" VPOS="412" HPOS="639" CONTENT="ad"/>
               </TextLine>
               <TextLine ID="r2l16"
                         BASELINE="515"
                         HEIGHT="55"
                         WIDTH="500"
                         VPOS="460"
                         HPOS="193">
                  <String HEIGHT="55"
                          WIDTH="182"
                          VPOS="460"
                          HPOS="178"
                          CONTENT="inuicem:"/>
                  <SP HEIGHT="55" WIDTH="15" VPOS="460" HPOS="360"/>
                  <String HEIGHT="55"
                          WIDTH="121"
                          VPOS="460"
                          HPOS="314"
                          CONTENT="ita,"/>
                  <SP HEIGHT="55" WIDTH="15" VPOS="460" HPOS="435"/>
                  <String HEIGHT="55"
                          WIDTH="121"
                          VPOS="460"
                          HPOS="390"
                          CONTENT="quod"/>
                  <SP HEIGHT="55" WIDTH="15" VPOS="460" HPOS="511"/>
                  <String HEIGHT="55"
                          WIDTH="152"
                          VPOS="460"
                          HPOS="466"
                          CONTENT="quando"/>
                  <SP HEIGHT="55" WIDTH="15" VPOS="460" HPOS="617"/>
                  <String HEIGHT="55"
                          WIDTH="136"
                          VPOS="460"
                          HPOS="557"
                          CONTENT="fuerini"/>
               </TextLine>
               <TextLine ID="r2l18"
                         BASELINE="555"
                         HEIGHT="46"
                         WIDTH="493"
                         VPOS="509"
                         HPOS="198">
                  <String HEIGHT="46"
                          WIDTH="223"
                          VPOS="509"
                          HPOS="182"
                          CONTENT="uicinantia"/>
                  <SP HEIGHT="46" WIDTH="16" VPOS="509" HPOS="405"/>
                  <String HEIGHT="46"
                          WIDTH="143"
                          VPOS="509"
                          HPOS="357"
                          CONTENT="sibi,"/>
                  <SP HEIGHT="46" WIDTH="16" VPOS="509" HPOS="500"/>
                  <String HEIGHT="46" WIDTH="111" VPOS="509" HPOS="452" CONTENT="hoc"/>
                  <SP HEIGHT="46" WIDTH="16" VPOS="509" HPOS="564"/>
                  <String HEIGHT="46"
                          WIDTH="191"
                          VPOS="509"
                          HPOS="516"
                          CONTENT="mouebit,"/>
                  <SP HEIGHT="46" WIDTH="16" VPOS="509" HPOS="707"/>
                  <String HEIGHT="46" WIDTH="48" VPOS="509" HPOS="643" CONTENT="&amp;"/>
               </TextLine>
               <TextLine ID="r2l21"
                         BASELINE="602"
                         HEIGHT="48"
                         WIDTH="505"
                         VPOS="554"
                         HPOS="193">
                  <String HEIGHT="48" WIDTH="114" VPOS="554" HPOS="177" CONTENT="hoc"/>
                  <SP HEIGHT="48" WIDTH="16" VPOS="554" HPOS="291"/>
                  <String HEIGHT="48"
                          WIDTH="228"
                          VPOS="554"
                          HPOS="242"
                          CONTENT="mouebitur,"/>
                  <SP HEIGHT="48" WIDTH="16" VPOS="554" HPOS="470"/>
                  <String HEIGHT="48" WIDTH="81" VPOS="554" HPOS="421" CONTENT="&amp;"/>
                  <SP HEIGHT="48" WIDTH="16" VPOS="554" HPOS="503"/>
                  <String HEIGHT="48" WIDTH="114" VPOS="554" HPOS="454" CONTENT="cum"/>
                  <SP HEIGHT="48" WIDTH="16" VPOS="554" HPOS="568"/>
                  <String HEIGHT="48"
                          WIDTH="179"
                          VPOS="554"
                          HPOS="519"
                          CONTENT="fuerint"/>
                  <SP HEIGHT="48" WIDTH="16" VPOS="554" HPOS="698"/>
                  <String HEIGHT="48" WIDTH="65" VPOS="554" HPOS="633" CONTENT="in"/>
               </TextLine>
               <TextLine ID="r2l23"
                         BASELINE="659"
                         HEIGHT="62"
                         WIDTH="490"
                         VPOS="597"
                         HPOS="201">
                  <String HEIGHT="62"
                          WIDTH="112"
                          VPOS="597"
                          HPOS="187"
                          CONTENT="illa"/>
                  <SP HEIGHT="62" WIDTH="14" VPOS="597" HPOS="299"/>
                  <String HEIGHT="62"
                          WIDTH="238"
                          VPOS="597"
                          HPOS="257"
                          CONTENT="dispositione,"/>
                  <SP HEIGHT="62" WIDTH="14" VPOS="597" HPOS="495"/>
                  <String HEIGHT="62" WIDTH="84" VPOS="597" HPOS="453" CONTENT="in"/>
                  <SP HEIGHT="62" WIDTH="14" VPOS="597" HPOS="537"/>
                  <String HEIGHT="62" WIDTH="98" VPOS="597" HPOS="495" CONTENT="qua"/>
                  <SP HEIGHT="62" WIDTH="14" VPOS="597" HPOS="593"/>
                  <String HEIGHT="62" WIDTH="98" VPOS="597" HPOS="551" CONTENT="hoc"/>
                  <SP HEIGHT="62" WIDTH="14" VPOS="597" HPOS="649"/>
                  <String HEIGHT="62"
                          WIDTH="98"
                          VPOS="597"
                          HPOS="593"
                          CONTENT="inna"
                          SUBS_TYPE="HypPart1"
                          SUBS_CONTENT="innatum"/>
                  <HYP CONTENT="-"/>
               </TextLine>
               <TextLine ID="r2l25"
                         BASELINE="690"
                         HEIGHT="37"
                         WIDTH="491"
                         VPOS="653"
                         HPOS="205">
                  <String HEIGHT="37"
                          WIDTH="115"
                          VPOS="653"
                          HPOS="189"
                          CONTENT="tum"
                          SUBS_TYPE="HypPart2"
                          SUBS_CONTENT="innatum"/>
                  <SP HEIGHT="37" WIDTH="16" VPOS="653" HPOS="303"/>
                  <String HEIGHT="37"
                          WIDTH="131"
                          VPOS="653"
                          HPOS="254"
                          CONTENT="erit"/>
                  <SP HEIGHT="37" WIDTH="16" VPOS="653" HPOS="385"/>
                  <String HEIGHT="37"
                          WIDTH="180"
                          VPOS="653"
                          HPOS="336"
                          CONTENT="mouere."/>
                  <SP HEIGHT="37" WIDTH="16" VPOS="653" HPOS="516"/>
                  <String HEIGHT="37" WIDTH="82" VPOS="653" HPOS="467" CONTENT="&amp;"/>
                  <SP HEIGHT="37" WIDTH="16" VPOS="653" HPOS="549"/>
                  <String HEIGHT="37" WIDTH="115" VPOS="653" HPOS="500" CONTENT="hoc"/>
                  <SP HEIGHT="37" WIDTH="16" VPOS="653" HPOS="614"/>
                  <String HEIGHT="37"
                          WIDTH="147"
                          VPOS="653"
                          HPOS="549"
                          CONTENT="innatum"/>
               </TextLine>
               <TextLine ID="r2l27"
                         BASELINE="746"
                         HEIGHT="53"
                         WIDTH="164"
                         VPOS="693"
                         HPOS="210">
                  <String HEIGHT="53" WIDTH="104" VPOS="693" HPOS="195" CONTENT="est"/>
                  <SP HEIGHT="53" WIDTH="15" VPOS="693" HPOS="299"/>
                  <String HEIGHT="53"
                          WIDTH="134"
                          VPOS="693"
                          HPOS="240"
                          CONTENT="moueri."/>
               </TextLine>
               <TextLine ID="r2l30"
                         BASELINE="795"
                         HEIGHT="49"
                         WIDTH="495"
                         VPOS="746"
                         HPOS="202">
                  <String HEIGHT="49" WIDTH="105" VPOS="746" HPOS="187" CONTENT="Cum"/>
                  <SP HEIGHT="49" WIDTH="15" VPOS="746" HPOS="292"/>
                  <String HEIGHT="49"
                          WIDTH="150"
                          VPOS="746"
                          HPOS="247"
                          CONTENT="posuit"/>
                  <SP HEIGHT="49" WIDTH="15" VPOS="746" HPOS="397"/>
                  <String HEIGHT="49"
                          WIDTH="120"
                          VPOS="746"
                          HPOS="352"
                          CONTENT="quod"/>
                  <SP HEIGHT="49" WIDTH="15" VPOS="746" HPOS="472"/>
                  <String HEIGHT="49"
                          WIDTH="135"
                          VPOS="746"
                          HPOS="427"
                          CONTENT="causa"/>
                  <SP HEIGHT="49" WIDTH="15" VPOS="746" HPOS="562"/>
                  <String HEIGHT="49"
                          WIDTH="165"
                          VPOS="746"
                          HPOS="517"
                          CONTENT="quietis"/>
                  <SP HEIGHT="49" WIDTH="15" VPOS="746" HPOS="682"/>
                  <String HEIGHT="49" WIDTH="75" VPOS="746" HPOS="622" CONTENT="est"/>
               </TextLine>
               <TextLine ID="r2l32"
                         BASELINE="826"
                         HEIGHT="42"
                         WIDTH="492"
                         VPOS="784"
                         HPOS="204">
                  <String HEIGHT="42"
                          WIDTH="104"
                          VPOS="784"
                          HPOS="191"
                          CONTENT="alia"/>
                  <SP HEIGHT="42" WIDTH="13" VPOS="784" HPOS="295"/>
                  <String HEIGHT="42" WIDTH="65" VPOS="784" HPOS="256" CONTENT="a"/>
                  <SP HEIGHT="42" WIDTH="13" VPOS="784" HPOS="321"/>
                  <String HEIGHT="42"
                          WIDTH="117"
                          VPOS="784"
                          HPOS="282"
                          CONTENT="causa"/>
                  <SP HEIGHT="42" WIDTH="13" VPOS="784" HPOS="398"/>
                  <String HEIGHT="42"
                          WIDTH="129"
                          VPOS="784"
                          HPOS="359"
                          CONTENT="motus,"/>
                  <SP HEIGHT="42" WIDTH="13" VPOS="784" HPOS="489"/>
                  <String HEIGHT="42" WIDTH="65" VPOS="784" HPOS="450" CONTENT="&amp;"/>
                  <SP HEIGHT="42" WIDTH="13" VPOS="784" HPOS="515"/>
                  <String HEIGHT="42"
                          WIDTH="117"
                          VPOS="784"
                          HPOS="476"
                          CONTENT="quod,"/>
                  <SP HEIGHT="42" WIDTH="13" VPOS="784" HPOS="592"/>
                  <String HEIGHT="42" WIDTH="91" VPOS="784" HPOS="554" CONTENT="cum"/>
                  <SP HEIGHT="42" WIDTH="13" VPOS="784" HPOS="644"/>
                  <String HEIGHT="42"
                          WIDTH="104"
                          VPOS="784"
                          HPOS="592"
                          CONTENT="fuerit"/>
               </TextLine>
               <TextLine ID="r2l34"
                         BASELINE="875"
                         HEIGHT="53"
                         WIDTH="484"
                         VPOS="822"
                         HPOS="212">
                  <String HEIGHT="53"
                          WIDTH="157"
                          VPOS="822"
                          HPOS="198"
                          CONTENT="positum"/>
                  <SP HEIGHT="53" WIDTH="14" VPOS="822" HPOS="354"/>
                  <String HEIGHT="53"
                          WIDTH="157"
                          VPOS="822"
                          HPOS="312"
                          CONTENT="aliquod"/>
                  <SP HEIGHT="53" WIDTH="14" VPOS="822" HPOS="468"/>
                  <String HEIGHT="53"
                          WIDTH="142"
                          VPOS="822"
                          HPOS="426"
                          CONTENT="motum,"/>
                  <SP HEIGHT="53" WIDTH="14" VPOS="822" HPOS="568"/>
                  <String HEIGHT="53"
                          WIDTH="157"
                          VPOS="822"
                          HPOS="525"
                          CONTENT="postque"/>
                  <SP HEIGHT="53" WIDTH="14" VPOS="822" HPOS="682"/>
                  <String HEIGHT="53" WIDTH="71" VPOS="822" HPOS="625" CONTENT="non"/>
               </TextLine>
               <TextLine ID="r2l36"
                         BASELINE="898"
                         HEIGHT="32"
                         WIDTH="487"
                         VPOS="866"
                         HPOS="211">
                  <String HEIGHT="32"
                          WIDTH="179"
                          VPOS="866"
                          HPOS="198"
                          CONTENT="mouebatur,"/>
                  <SP HEIGHT="32" WIDTH="13" VPOS="866" HPOS="378"/>
                  <String HEIGHT="32"
                          WIDTH="103"
                          VPOS="866"
                          HPOS="339"
                          CONTENT="quod"/>
                  <SP HEIGHT="32" WIDTH="13" VPOS="866" HPOS="442"/>
                  <String HEIGHT="32"
                          WIDTH="141"
                          VPOS="866"
                          HPOS="403"
                          CONTENT="necesse"/>
                  <SP HEIGHT="32" WIDTH="13" VPOS="866" HPOS="544"/>
                  <String HEIGHT="32" WIDTH="90" VPOS="866" HPOS="506" CONTENT="est"/>
                  <SP HEIGHT="32" WIDTH="13" VPOS="866" HPOS="595"/>
                  <String HEIGHT="32" WIDTH="77" VPOS="866" HPOS="557" CONTENT="vt"/>
                  <SP HEIGHT="32" WIDTH="13" VPOS="866" HPOS="634"/>
                  <String HEIGHT="32"
                          WIDTH="115"
                          VPOS="866"
                          HPOS="583"
                          CONTENT="auferat"/>
               </TextLine>
               <TextLine ID="r2l38"
                         BASELINE="939"
                         HEIGHT="41"
                         WIDTH="488"
                         VPOS="898"
                         HPOS="210">
                  <String HEIGHT="41"
                          WIDTH="110"
                          VPOS="898"
                          HPOS="198"
                          CONTENT="causa"/>
                  <SP HEIGHT="41" WIDTH="12" VPOS="898" HPOS="308"/>
                  <String HEIGHT="41"
                          WIDTH="146"
                          VPOS="898"
                          HPOS="271"
                          CONTENT="quietis,"/>
                  <SP HEIGHT="41" WIDTH="12" VPOS="898" HPOS="417"/>
                  <String HEIGHT="41" WIDTH="61" VPOS="898" HPOS="381" CONTENT="&amp;"/>
                  <SP HEIGHT="41" WIDTH="12" VPOS="898" HPOS="442"/>
                  <String HEIGHT="41" WIDTH="98" VPOS="898" HPOS="405" CONTENT="quod"/>
                  <SP HEIGHT="41" WIDTH="12" VPOS="898" HPOS="503"/>
                  <String HEIGHT="41"
                          WIDTH="134"
                          VPOS="898"
                          HPOS="466"
                          CONTENT="ablatio"/>
                  <SP HEIGHT="41" WIDTH="12" VPOS="898" HPOS="600"/>
                  <String HEIGHT="41"
                          WIDTH="122"
                          VPOS="898"
                          HPOS="564"
                          CONTENT="illius"/>
                  <SP HEIGHT="41" WIDTH="12" VPOS="898" HPOS="686"/>
                  <String HEIGHT="41" WIDTH="61" VPOS="898" HPOS="637" CONTENT="est"/>
               </TextLine>
               <TextLine ID="r2l40"
                         BASELINE="974"
                         HEIGHT="37"
                         WIDTH="488"
                         VPOS="937"
                         HPOS="213">
                  <String HEIGHT="37"
                          WIDTH="251"
                          VPOS="937"
                          HPOS="198"
                          CONTENT="transmutatio,"/>
                  <SP HEIGHT="37" WIDTH="15" VPOS="937" HPOS="450"/>
                  <String HEIGHT="37" WIDTH="104" VPOS="937" HPOS="405" CONTENT="aut"/>
                  <SP HEIGHT="37" WIDTH="15" VPOS="937" HPOS="509"/>
                  <String HEIGHT="37"
                          WIDTH="163"
                          VPOS="937"
                          HPOS="464"
                          CONTENT="sequens"/>
                  <SP HEIGHT="37" WIDTH="15" VPOS="937" HPOS="627"/>
                  <String HEIGHT="37"
                          WIDTH="133"
                          VPOS="937"
                          HPOS="568"
                          CONTENT="transmu"/>
               </TextLine>
               <TextLine ID="r2l42"
                         BASELINE="1010"
                         HEIGHT="37"
                         WIDTH="483"
                         VPOS="973"
                         HPOS="210">
                  <String HEIGHT="37"
                          WIDTH="179"
                          VPOS="973"
                          HPOS="196"
                          CONTENT="tationem,"/>
                  <SP HEIGHT="37" WIDTH="14" VPOS="973" HPOS="376"/>
                  <String HEIGHT="37" WIDTH="69" VPOS="973" HPOS="334" CONTENT="&amp;"/>
                  <SP HEIGHT="37" WIDTH="14" VPOS="973" HPOS="403"/>
                  <String HEIGHT="37" WIDTH="97" VPOS="973" HPOS="362" CONTENT="est"/>
                  <SP HEIGHT="37" WIDTH="14" VPOS="973" HPOS="458"/>
                  <String HEIGHT="37"
                          WIDTH="193"
                          VPOS="973"
                          HPOS="417"
                          CONTENT="manifestum"/>
                  <SP HEIGHT="37" WIDTH="14" VPOS="973" HPOS="610"/>
                  <String HEIGHT="37" WIDTH="97" VPOS="973" HPOS="569" CONTENT="hic"/>
                  <SP HEIGHT="37" WIDTH="14" VPOS="973" HPOS="665"/>
                  <String HEIGHT="37" WIDTH="83" VPOS="973" HPOS="610" CONTENT="esse"/>
               </TextLine>
               <TextLine ID="r2l44"
                         BASELINE="1051"
                         HEIGHT="39"
                         WIDTH="490"
                         VPOS="1012"
                         HPOS="210">
                  <String HEIGHT="39"
                          WIDTH="138"
                          VPOS="1012"
                          HPOS="197"
                          CONTENT="aliqua,"/>
                  <SP HEIGHT="39" WIDTH="13" VPOS="1012" HPOS="336"/>
                  <String HEIGHT="39"
                          WIDTH="101"
                          VPOS="1012"
                          HPOS="298"
                          CONTENT="quae"/>
                  <SP HEIGHT="39" WIDTH="13" VPOS="1012" HPOS="398"/>
                  <String HEIGHT="39"
                          WIDTH="138"
                          VPOS="1012"
                          HPOS="361"
                          CONTENT="faciunt"/>
                  <SP HEIGHT="39" WIDTH="13" VPOS="1012" HPOS="499"/>
                  <String HEIGHT="39" WIDTH="88" VPOS="1012" HPOS="461" CONTENT="duo"/>
                  <SP HEIGHT="39" WIDTH="13" VPOS="1012" HPOS="549"/>
                  <String HEIGHT="39"
                          WIDTH="163"
                          VPOS="1012"
                          HPOS="512"
                          CONTENT="contraria"/>
                  <SP HEIGHT="39" WIDTH="13" VPOS="1012" HPOS="675"/>
                  <String HEIGHT="39"
                          WIDTH="75"
                          VPOS="1012"
                          HPOS="625"
                          CONTENT="insi"/>
               </TextLine>
               <TextLine ID="r2l46"
                         BASELINE="1097"
                         HEIGHT="48"
                         WIDTH="490"
                         VPOS="1049"
                         HPOS="208">
                  <String HEIGHT="48"
                          WIDTH="112"
                          VPOS="1049"
                          HPOS="194"
                          CONTENT="mul,"/>
                  <SP HEIGHT="48" WIDTH="14" VPOS="1049" HPOS="306"/>
                  <String HEIGHT="48" WIDTH="70" VPOS="1049" HPOS="264" CONTENT="&amp;"/>
                  <SP HEIGHT="48" WIDTH="14" VPOS="1049" HPOS="334"/>
                  <String HEIGHT="48"
                          WIDTH="154"
                          VPOS="1049"
                          HPOS="292"
                          CONTENT="apparet"/>
                  <SP HEIGHT="48" WIDTH="14" VPOS="1049" HPOS="446"/>
                  <String HEIGHT="48" WIDTH="84" VPOS="1049" HPOS="404" CONTENT="in"/>
                  <SP HEIGHT="48" WIDTH="14" VPOS="1049" HPOS="488"/>
                  <String HEIGHT="48" WIDTH="98" VPOS="1049" HPOS="446" CONTENT="eis"/>
                  <SP HEIGHT="48" WIDTH="14" VPOS="1049" HPOS="544"/>
                  <String HEIGHT="48"
                          WIDTH="140"
                          VPOS="1049"
                          HPOS="502"
                          CONTENT="mouere"/>
                  <SP HEIGHT="48" WIDTH="14" VPOS="1049" HPOS="642"/>
                  <String HEIGHT="48"
                          WIDTH="112"
                          VPOS="1049"
                          HPOS="586"
                          CONTENT="absque"/>
               </TextLine>
               <TextLine ID="r2l48"
                         BASELINE="1130"
                         HEIGHT="45"
                         WIDTH="488"
                         VPOS="1085"
                         HPOS="213">
                  <String HEIGHT="45" WIDTH="92" VPOS="1085" HPOS="200" CONTENT="eo,"/>
                  <SP HEIGHT="45" WIDTH="13" VPOS="1085" HPOS="292"/>
                  <String HEIGHT="45"
                          WIDTH="106"
                          VPOS="1085"
                          HPOS="253"
                          CONTENT="quod"/>
                  <SP HEIGHT="45" WIDTH="13" VPOS="1085" HPOS="358"/>
                  <String HEIGHT="45"
                          WIDTH="171"
                          VPOS="1085"
                          HPOS="319"
                          CONTENT="praecedat"/>
                  <SP HEIGHT="45" WIDTH="13" VPOS="1085" HPOS="490"/>
                  <String HEIGHT="45" WIDTH="79" VPOS="1085" HPOS="450" CONTENT="ea"/>
                  <SP HEIGHT="45" WIDTH="13" VPOS="1085" HPOS="530"/>
                  <String HEIGHT="45"
                          WIDTH="119"
                          VPOS="1085"
                          HPOS="490"
                          CONTENT="alius"/>
                  <SP HEIGHT="45" WIDTH="13" VPOS="1085" HPOS="609"/>
                  <String HEIGHT="45"
                          WIDTH="132"
                          VPOS="1085"
                          HPOS="569"
                          CONTENT="motus,"/>
                  <SP HEIGHT="45" WIDTH="13" VPOS="1085" HPOS="701"/>
                  <String HEIGHT="45" WIDTH="66" VPOS="1085" HPOS="661" CONTENT="&amp;"/>
                  <SP HEIGHT="45" WIDTH="13" VPOS="1085" HPOS="727"/>
                  <String HEIGHT="45" WIDTH="26" VPOS="1085" HPOS="675" CONTENT=""/>
               </TextLine>
               <TextLine ID="r2l50"
                         BASELINE="1162"
                         HEIGHT="38"
                         WIDTH="491"
                         VPOS="1124"
                         HPOS="207">
                  <String HEIGHT="38"
                          WIDTH="106"
                          VPOS="1124"
                          HPOS="194"
                          CONTENT="sunt"/>
                  <SP HEIGHT="38" WIDTH="13" VPOS="1124" HPOS="300"/>
                  <String HEIGHT="38"
                          WIDTH="119"
                          VPOS="1124"
                          HPOS="260"
                          CONTENT="entia"/>
                  <SP HEIGHT="38" WIDTH="13" VPOS="1124" HPOS="380"/>
                  <String HEIGHT="38"
                          WIDTH="199"
                          VPOS="1124"
                          HPOS="340"
                          CONTENT="rationalia,"/>
                  <SP HEIGHT="38" WIDTH="13" VPOS="1124" HPOS="539"/>
                  <String HEIGHT="38"
                          WIDTH="159"
                          VPOS="1124"
                          HPOS="499"
                          CONTENT="incoepit"/>
                  <SP HEIGHT="38" WIDTH="13" VPOS="1124" HPOS="658"/>
                  <String HEIGHT="38"
                          WIDTH="93"
                          VPOS="1124"
                          HPOS="605"
                          CONTENT="decla"/>
               </TextLine>
               <TextLine ID="r2l52"
                         BASELINE="1211"
                         HEIGHT="53"
                         WIDTH="488"
                         VPOS="1158"
                         HPOS="205">
                  <String HEIGHT="53"
                          WIDTH="108"
                          VPOS="1158"
                          HPOS="191"
                          CONTENT="rare"/>
                  <SP HEIGHT="53" WIDTH="14" VPOS="1158" HPOS="300"/>
                  <String HEIGHT="53"
                          WIDTH="108"
                          VPOS="1158"
                          HPOS="259"
                          CONTENT="hoc,"/>
                  <SP HEIGHT="53" WIDTH="14" VPOS="1158" HPOS="368"/>
                  <String HEIGHT="53" WIDTH="68" VPOS="1158" HPOS="327" CONTENT="&amp;"/>
                  <SP HEIGHT="53" WIDTH="14" VPOS="1158" HPOS="395"/>
                  <String HEIGHT="53"
                          WIDTH="149"
                          VPOS="1158"
                          HPOS="354"
                          CONTENT="nititur"/>
                  <SP HEIGHT="53" WIDTH="14" VPOS="1158" HPOS="503"/>
                  <String HEIGHT="53"
                          WIDTH="190"
                          VPOS="1158"
                          HPOS="463"
                          CONTENT="dissoluere"/>
                  <SP HEIGHT="53" WIDTH="14" VPOS="1158" HPOS="652"/>
                  <String HEIGHT="53"
                          WIDTH="95"
                          VPOS="1158"
                          HPOS="598"
                          CONTENT="quae"
                          SUBS_TYPE="HypPart1"
                          SUBS_CONTENT="quaestionem"/>
                  <HYP CONTENT="-"/>
               </TextLine>
               <TextLine ID="r2l54"
                         BASELINE="1234"
                         HEIGHT="35"
                         WIDTH="485"
                         VPOS="1199"
                         HPOS="209">
                  <String HEIGHT="35"
                          WIDTH="157"
                          VPOS="1199"
                          HPOS="195"
                          CONTENT="stionem"
                          SUBS_TYPE="HypPart2"
                          SUBS_CONTENT="quaestionem"/>
                  <SP HEIGHT="35" WIDTH="14" VPOS="1199" HPOS="352"/>
                  <String HEIGHT="35"
                          WIDTH="200"
                          VPOS="1199"
                          HPOS="309"
                          CONTENT="accidentem"/>
                  <SP HEIGHT="35" WIDTH="14" VPOS="1199" HPOS="509"/>
                  <String HEIGHT="35" WIDTH="86" VPOS="1199" HPOS="466" CONTENT="in"/>
                  <SP HEIGHT="35" WIDTH="14" VPOS="1199" HPOS="551"/>
                  <String HEIGHT="35"
                          WIDTH="100"
                          VPOS="1199"
                          HPOS="509"
                          CONTENT="eo,"/>
                  <SP HEIGHT="35" WIDTH="14" VPOS="1199" HPOS="608"/>
                  <String HEIGHT="35" WIDTH="71" VPOS="1199" HPOS="566" CONTENT="&amp;"/>
                  <SP HEIGHT="35" WIDTH="14" VPOS="1199" HPOS="637"/>
                  <String HEIGHT="35"
                          WIDTH="114"
                          VPOS="1199"
                          HPOS="580"
                          CONTENT="dixit:"/>
               </TextLine>
               <TextLine ID="r2l55"
                         BASELINE="1280"
                         HEIGHT="43"
                         WIDTH="491"
                         VPOS="1237"
                         HPOS="205">
                  <String HEIGHT="43" WIDTH="82" VPOS="1237" HPOS="191" CONTENT="Et"/>
                  <SP HEIGHT="43" WIDTH="14" VPOS="1237" HPOS="273"/>
                  <String HEIGHT="43"
                          WIDTH="150"
                          VPOS="1237"
                          HPOS="232"
                          CONTENT="quaedam"/>
                  <SP HEIGHT="43" WIDTH="14" VPOS="1237" HPOS="382"/>
                  <String HEIGHT="43"
                          WIDTH="150"
                          VPOS="1237"
                          HPOS="341"
                          CONTENT="mouent."/>
                  <SP HEIGHT="43" WIDTH="14" VPOS="1237" HPOS="491"/>
                  <String HEIGHT="43" WIDTH="82" VPOS="1237" HPOS="451" CONTENT="i."/>
                  <SP HEIGHT="43" WIDTH="14" VPOS="1237" HPOS="532"/>
                  <String HEIGHT="43" WIDTH="68" VPOS="1237" HPOS="491" CONTENT="&amp;"/>
                  <SP HEIGHT="43" WIDTH="14" VPOS="1237" HPOS="560"/>
                  <String HEIGHT="43"
                          WIDTH="150"
                          VPOS="1237"
                          HPOS="519"
                          CONTENT="apparet"/>
                  <SP HEIGHT="43" WIDTH="14" VPOS="1237" HPOS="669"/>
                  <String HEIGHT="43"
                          WIDTH="82"
                          VPOS="1237"
                          HPOS="614"
                          CONTENT="quod"/>
               </TextLine>
               <TextLine ID="r2l57"
                         BASELINE="1323"
                         HEIGHT="47"
                         WIDTH="490"
                         VPOS="1276"
                         HPOS="210">
                  <String HEIGHT="47"
                          WIDTH="163"
                          VPOS="1276"
                          HPOS="195"
                          CONTENT="quaedam"/>
                  <SP HEIGHT="47" WIDTH="15" VPOS="1276" HPOS="358"/>
                  <String HEIGHT="47"
                          WIDTH="148"
                          VPOS="1276"
                          HPOS="314"
                          CONTENT="mouent"/>
                  <SP HEIGHT="47" WIDTH="15" VPOS="1276" HPOS="462"/>
                  <String HEIGHT="47"
                          WIDTH="119"
                          VPOS="1276"
                          HPOS="418"
                          CONTENT="motu"/>
                  <SP HEIGHT="47" WIDTH="15" VPOS="1276" HPOS="537"/>
                  <String HEIGHT="47"
                          WIDTH="193"
                          VPOS="1276"
                          HPOS="492"
                          CONTENT="singulari"/>
                  <SP HEIGHT="47" WIDTH="15" VPOS="1276" HPOS="685"/>
                  <String HEIGHT="47" WIDTH="74" VPOS="1276" HPOS="626" CONTENT="tam"/>
               </TextLine>
               <TextLine ID="r2l59"
                         BASELINE="1346"
                         HEIGHT="39"
                         WIDTH="487"
                         VPOS="1307"
                         HPOS="209">
                  <String HEIGHT="39" WIDTH="90" VPOS="1307" HPOS="196" CONTENT="tum"/>
                  <SP HEIGHT="39" WIDTH="13" VPOS="1307" HPOS="286"/>
                  <String HEIGHT="39"
                          WIDTH="154"
                          VPOS="1307"
                          HPOS="247"
                          CONTENT="scilicet"/>
                  <SP HEIGHT="39" WIDTH="13" VPOS="1307" HPOS="401"/>
                  <String HEIGHT="39" WIDTH="90" VPOS="1307" HPOS="363" CONTENT="vno"/>
                  <SP HEIGHT="39" WIDTH="13" VPOS="1307" HPOS="453"/>
                  <String HEIGHT="39"
                          WIDTH="128"
                          VPOS="1307"
                          HPOS="414"
                          CONTENT="duorum"/>
                  <SP HEIGHT="39" WIDTH="13" VPOS="1307" HPOS="542"/>
                  <String HEIGHT="39"
                          WIDTH="128"
                          VPOS="1307"
                          HPOS="504"
                          CONTENT="motuum"/>
                  <SP HEIGHT="39" WIDTH="13" VPOS="1307" HPOS="632"/>
                  <String HEIGHT="39"
                          WIDTH="115"
                          VPOS="1307"
                          HPOS="581"
                          CONTENT="contra"
                          SUBS_TYPE="HypPart1"
                          SUBS_CONTENT="contrariorum,"/>
                  <HYP CONTENT="-"/>
               </TextLine>
               <TextLine ID="r2l61"
                         BASELINE="1399"
                         HEIGHT="43"
                         WIDTH="495"
                         VPOS="1356"
                         HPOS="204">
                  <String HEIGHT="43"
                          WIDTH="176"
                          VPOS="1356"
                          HPOS="188"
                          CONTENT="riorum,"
                          SUBS_TYPE="HypPart2"
                          SUBS_CONTENT="contrariorum,"/>
                  <SP HEIGHT="43" WIDTH="16" VPOS="1356" HPOS="364"/>
                  <String HEIGHT="43" WIDTH="80" VPOS="1356" HPOS="316" CONTENT="&amp;"/>
                  <SP HEIGHT="43" WIDTH="16" VPOS="1356" HPOS="396"/>
                  <String HEIGHT="43"
                          WIDTH="176"
                          VPOS="1356"
                          HPOS="348"
                          CONTENT="quaedam"/>
                  <SP HEIGHT="43" WIDTH="16" VPOS="1356" HPOS="523"/>
                  <String HEIGHT="43"
                          WIDTH="160"
                          VPOS="1356"
                          HPOS="475"
                          CONTENT="mouent"/>
                  <SP HEIGHT="43" WIDTH="16" VPOS="1356" HPOS="635"/>
                  <String HEIGHT="43"
                          WIDTH="128"
                          VPOS="1356"
                          HPOS="571"
                          CONTENT="duobus"/>
               </TextLine>
               <TextLine ID="r2l63"
                         BASELINE="1423"
                         HEIGHT="38"
                         WIDTH="486"
                         VPOS="1385"
                         HPOS="208">
                  <String HEIGHT="38"
                          WIDTH="124"
                          VPOS="1385"
                          HPOS="197"
                          CONTENT="motibus"/>
                  <SP HEIGHT="38" WIDTH="11" VPOS="1385" HPOS="321"/>
                  <String HEIGHT="38"
                          WIDTH="124"
                          VPOS="1385"
                          HPOS="287"
                          CONTENT="insimu,"/>
                  <SP HEIGHT="38" WIDTH="11" VPOS="1385" HPOS="411"/>
                  <String HEIGHT="38"
                          WIDTH="136"
                          VPOS="1385"
                          HPOS="378"
                          CONTENT="scilicet"/>
                  <SP HEIGHT="38" WIDTH="11" VPOS="1385" HPOS="513"/>
                  <String HEIGHT="38" WIDTH="68" VPOS="1385" HPOS="479" CONTENT="in"/>
                  <SP HEIGHT="38" WIDTH="11" VPOS="1385" HPOS="547"/>
                  <String HEIGHT="38"
                          WIDTH="102"
                          VPOS="1385"
                          HPOS="513"
                          CONTENT="horis"/>
                  <SP HEIGHT="38" WIDTH="11" VPOS="1385" HPOS="615"/>
                  <String HEIGHT="38"
                          WIDTH="124"
                          VPOS="1385"
                          HPOS="570"
                          CONTENT="diuersis,"/>
               </TextLine>
               <TextLine ID="r2l65"
                         BASELINE="1466"
                         HEIGHT="44"
                         WIDTH="484"
                         VPOS="1422"
                         HPOS="207">
                  <String HEIGHT="44"
                          WIDTH="121"
                          VPOS="1422"
                          HPOS="194"
                          CONTENT="TIlla"/>
                  <SP HEIGHT="44" WIDTH="13" VPOS="1422" HPOS="315"/>
                  <String HEIGHT="44"
                          WIDTH="108"
                          VPOS="1422"
                          HPOS="274"
                          CONTENT="enim"/>
                  <SP HEIGHT="44" WIDTH="13" VPOS="1422" HPOS="382"/>
                  <String HEIGHT="44"
                          WIDTH="108"
                          VPOS="1422"
                          HPOS="341"
                          CONTENT="quae"/>
                  <SP HEIGHT="44" WIDTH="13" VPOS="1422" HPOS="449"/>
                  <String HEIGHT="44"
                          WIDTH="134"
                          VPOS="1422"
                          HPOS="409"
                          CONTENT="mouent"/>
                  <SP HEIGHT="44" WIDTH="13" VPOS="1422" HPOS="543"/>
                  <String HEIGHT="44"
                          WIDTH="108"
                          VPOS="1422"
                          HPOS="503"
                          CONTENT="motu"/>
                  <SP HEIGHT="44" WIDTH="13" VPOS="1422" HPOS="610"/>
                  <String HEIGHT="44" WIDTH="94" VPOS="1422" HPOS="570" CONTENT="vno"/>
                  <SP HEIGHT="44" WIDTH="13" VPOS="1422" HPOS="664"/>
                  <String HEIGHT="44"
                          WIDTH="81"
                          VPOS="1422"
                          HPOS="610"
                          CONTENT="tan"
                          SUBS_TYPE="HypPart1"
                          SUBS_CONTENT="tantum,"/>
                  <HYP CONTENT="-"/>
               </TextLine>
               <TextLine ID="r2l67"
                         BASELINE="1506"
                         HEIGHT="45"
                         WIDTH="497"
                         VPOS="1461"
                         HPOS="201">
                  <String HEIGHT="45"
                          WIDTH="114"
                          VPOS="1461"
                          HPOS="187"
                          CONTENT="tum,"
                          SUBS_TYPE="HypPart2"
                          SUBS_CONTENT="tantum,"/>
                  <SP HEIGHT="45" WIDTH="14" VPOS="1461" HPOS="300"/>
                  <String HEIGHT="45" WIDTH="71" VPOS="1461" HPOS="258" CONTENT="&amp;"/>
                  <SP HEIGHT="45" WIDTH="14" VPOS="1461" HPOS="329"/>
                  <String HEIGHT="45" WIDTH="99" VPOS="1461" HPOS="286" CONTENT="non"/>
                  <SP HEIGHT="45" WIDTH="14" VPOS="1461" HPOS="386"/>
                  <String HEIGHT="45"
                          WIDTH="142"
                          VPOS="1461"
                          HPOS="343"
                          CONTENT="habent"/>
                  <SP HEIGHT="45" WIDTH="14" VPOS="1461" HPOS="485"/>
                  <String HEIGHT="45"
                          WIDTH="185"
                          VPOS="1461"
                          HPOS="442"
                          CONTENT="potentiam"/>
                  <SP HEIGHT="45" WIDTH="14" VPOS="1461" HPOS="627"/>
                  <String HEIGHT="45" WIDTH="85" VPOS="1461" HPOS="584" CONTENT="ad"/>
                  <SP HEIGHT="45" WIDTH="14" VPOS="1461" HPOS="670"/>
                  <String HEIGHT="45"
                          WIDTH="85"
                          VPOS="1461"
                          HPOS="613"
                          CONTENT="com"
                          SUBS_TYPE="HypPart1"
                          SUBS_CONTENT="comtrarium"/>
                  <HYP CONTENT="-"/>
               </TextLine>
               <TextLine ID="r2l69"
                         BASELINE="1547"
                         HEIGHT="46"
                         WIDTH="493"
                         VPOS="1501"
                         HPOS="210">
                  <String HEIGHT="46"
                          WIDTH="143"
                          VPOS="1501"
                          HPOS="197"
                          CONTENT="trarium"
                          SUBS_TYPE="HypPart2"
                          SUBS_CONTENT="comtrarium"/>
                  <SP HEIGHT="46" WIDTH="13" VPOS="1501" HPOS="340"/>
                  <String HEIGHT="46"
                          WIDTH="104"
                          VPOS="1501"
                          HPOS="301"
                          CONTENT="sunt"/>
                  <SP HEIGHT="46" WIDTH="13" VPOS="1501" HPOS="405"/>
                  <String HEIGHT="46"
                          WIDTH="117"
                          VPOS="1501"
                          HPOS="366"
                          CONTENT="illa,"/>
                  <SP HEIGHT="46" WIDTH="13" VPOS="1501" HPOS="482"/>
                  <String HEIGHT="46"
                          WIDTH="104"
                          VPOS="1501"
                          HPOS="444"
                          CONTENT="quae"/>
                  <SP HEIGHT="46" WIDTH="13" VPOS="1501" HPOS="547"/>
                  <String HEIGHT="46"
                          WIDTH="130"
                          VPOS="1501"
                          HPOS="508"
                          CONTENT="mouent"/>
                  <SP HEIGHT="46" WIDTH="13" VPOS="1501" HPOS="638"/>
                  <String HEIGHT="46" WIDTH="91" VPOS="1501" HPOS="599" CONTENT="per"/>
                  <SP HEIGHT="46" WIDTH="13" VPOS="1501" HPOS="690"/>
                  <String HEIGHT="46" WIDTH="65" VPOS="1501" HPOS="638" CONTENT="vir"/>
               </TextLine>
               <TextLine ID="r2l71"
                         BASELINE="1581"
                         HEIGHT="41"
                         WIDTH="486"
                         VPOS="1540"
                         HPOS="209">
                  <String HEIGHT="41"
                          WIDTH="109"
                          VPOS="1540"
                          HPOS="197"
                          CONTENT="tutes"/>
                  <SP HEIGHT="41" WIDTH="12" VPOS="1540" HPOS="306"/>
                  <String HEIGHT="41"
                          WIDTH="158"
                          VPOS="1540"
                          HPOS="270"
                          CONTENT="naturales"/>
                  <SP HEIGHT="41" WIDTH="12" VPOS="1540" HPOS="428"/>
                  <String HEIGHT="41" WIDTH="73" VPOS="1540" HPOS="391" CONTENT="in"/>
                  <SP HEIGHT="41" WIDTH="12" VPOS="1540" HPOS="464"/>
                  <String HEIGHT="41"
                          WIDTH="97"
                          VPOS="1540"
                          HPOS="428"
                          CONTENT="eis."/>
                  <SP HEIGHT="41" WIDTH="12" VPOS="1540" HPOS="525"/>
                  <String HEIGHT="41" WIDTH="73" VPOS="1540" HPOS="488" CONTENT="v."/>
                  <SP HEIGHT="41" WIDTH="12" VPOS="1540" HPOS="561"/>
                  <String HEIGHT="41" WIDTH="73" VPOS="1540" HPOS="525" CONTENT="g."/>
                  <SP HEIGHT="41" WIDTH="12" VPOS="1540" HPOS="598"/>
                  <String HEIGHT="41"
                          WIDTH="122"
                          VPOS="1540"
                          HPOS="561"
                          CONTENT="ignis,"/>
                  <SP HEIGHT="41" WIDTH="12" VPOS="1540" HPOS="683"/>
                  <String HEIGHT="41" WIDTH="61" VPOS="1540" HPOS="634" CONTENT="qui"/>
               </TextLine>
               <TextLine ID="r2l73"
                         BASELINE="1610"
                         HEIGHT="37"
                         WIDTH="480"
                         VPOS="1573"
                         HPOS="211">
                  <String HEIGHT="37"
                          WIDTH="130"
                          VPOS="1573"
                          HPOS="201"
                          CONTENT="ralefacit"/>
                  <SP HEIGHT="37" WIDTH="10" VPOS="1573" HPOS="331"/>
                  <String HEIGHT="37"
                          WIDTH="110"
                          VPOS="1573"
                          HPOS="301"
                          CONTENT="tamtum,"/>
                  <SP HEIGHT="37" WIDTH="10" VPOS="1573" HPOS="411"/>
                  <String HEIGHT="37" WIDTH="50" VPOS="1573" HPOS="381" CONTENT="&amp;"/>
                  <SP HEIGHT="37" WIDTH="10" VPOS="1573" HPOS="431"/>
                  <String HEIGHT="37" WIDTH="70" VPOS="1573" HPOS="401" CONTENT="non"/>
                  <SP HEIGHT="37" WIDTH="10" VPOS="1573" HPOS="471"/>
                  <String HEIGHT="37"
                          WIDTH="140"
                          VPOS="1573"
                          HPOS="441"
                          CONTENT="infrigidat"/>
                  <SP HEIGHT="37" WIDTH="10" VPOS="1573" HPOS="581"/>
                  <String HEIGHT="37"
                          WIDTH="120"
                          VPOS="1573"
                          HPOS="551"
                          CONTENT="scilicet"/>
                  <SP HEIGHT="37" WIDTH="10" VPOS="1573" HPOS="671"/>
                  <String HEIGHT="37"
                          WIDTH="60"
                          VPOS="1573"
                          HPOS="631"
                          CONTENT="esen"/>
               </TextLine>
               <TextLine ID="r2l75"
                         BASELINE="1660"
                         HEIGHT="49"
                         WIDTH="494"
                         VPOS="1611"
                         HPOS="207">
                  <String HEIGHT="49"
                          WIDTH="153"
                          VPOS="1611"
                          HPOS="195"
                          CONTENT="tialiter:"/>
                  <SP HEIGHT="49" WIDTH="12" VPOS="1611" HPOS="348"/>
                  <String HEIGHT="49" WIDTH="59" VPOS="1611" HPOS="313" CONTENT="&amp;"/>
                  <SP HEIGHT="49" WIDTH="12" VPOS="1611" HPOS="372"/>
                  <String HEIGHT="49"
                          WIDTH="94"
                          VPOS="1611"
                          HPOS="336"
                          CONTENT="nix,"/>
                  <SP HEIGHT="49" WIDTH="12" VPOS="1611" HPOS="430"/>
                  <String HEIGHT="49"
                          WIDTH="94"
                          VPOS="1611"
                          HPOS="395"
                          CONTENT="quae"/>
                  <SP HEIGHT="49" WIDTH="12" VPOS="1611" HPOS="489"/>
                  <String HEIGHT="49"
                          WIDTH="176"
                          VPOS="1611"
                          HPOS="454"
                          CONTENT="infrigidat,"/>
                  <SP HEIGHT="49" WIDTH="12" VPOS="1611" HPOS="630"/>
                  <String HEIGHT="49" WIDTH="59" VPOS="1611" HPOS="595" CONTENT="&amp;"/>
                  <SP HEIGHT="49" WIDTH="12" VPOS="1611" HPOS="654"/>
                  <String HEIGHT="49" WIDTH="82" VPOS="1611" HPOS="619" CONTENT="non"/>
                  <SP HEIGHT="49" WIDTH="12" VPOS="1611" HPOS="701"/>
                  <String HEIGHT="49" WIDTH="47" VPOS="1611" HPOS="654" CONTENT="ca"/>
               </TextLine>
               <TextLine ID="r2l77"
                         BASELINE="1694"
                         HEIGHT="45"
                         WIDTH="488"
                         VPOS="1649"
                         HPOS="209">
                  <String HEIGHT="45"
                          WIDTH="163"
                          VPOS="1649"
                          HPOS="195"
                          CONTENT="lefacit."/>
                  <SP HEIGHT="45" WIDTH="14" VPOS="1649" HPOS="358"/>
                  <String HEIGHT="45"
                          WIDTH="108"
                          VPOS="1649"
                          HPOS="317"
                          CONTENT="Illa"/>
                  <SP HEIGHT="45" WIDTH="14" VPOS="1649" HPOS="426"/>
                  <String HEIGHT="45"
                          WIDTH="136"
                          VPOS="1649"
                          HPOS="385"
                          CONTENT="autem,"/>
                  <SP HEIGHT="45" WIDTH="14" VPOS="1649" HPOS="521"/>
                  <String HEIGHT="45"
                          WIDTH="108"
                          VPOS="1649"
                          HPOS="480"
                          CONTENT="quae"/>
                  <SP HEIGHT="45" WIDTH="14" VPOS="1649" HPOS="589"/>
                  <String HEIGHT="45"
                          WIDTH="136"
                          VPOS="1649"
                          HPOS="548"
                          CONTENT="habent"/>
                  <SP HEIGHT="45" WIDTH="14" VPOS="1649" HPOS="683"/>
                  <String HEIGHT="45"
                          WIDTH="68"
                          VPOS="1649"
                          HPOS="629"
                          CONTENT="po"
                          SUBS_TYPE="HypPart1"
                          SUBS_CONTENT="potentiam"/>
                  <HYP CONTENT="-"/>
               </TextLine>
               <TextLine ID="r2l79"
                         BASELINE="1722"
                         HEIGHT="37"
                         WIDTH="479"
                         VPOS="1685"
                         HPOS="212">
                  <String HEIGHT="37"
                          WIDTH="132"
                          VPOS="1685"
                          HPOS="200"
                          CONTENT="tentiam"
                          SUBS_TYPE="HypPart2"
                          SUBS_CONTENT="potentiam"/>
                  <SP HEIGHT="37" WIDTH="12" VPOS="1685" HPOS="332"/>
                  <String HEIGHT="37" WIDTH="72" VPOS="1685" HPOS="296" CONTENT="ad"/>
                  <SP HEIGHT="37" WIDTH="12" VPOS="1685" HPOS="368"/>
                  <String HEIGHT="37"
                          WIDTH="144"
                          VPOS="1685"
                          HPOS="332"
                          CONTENT="vtrunque"/>
                  <SP HEIGHT="37" WIDTH="12" VPOS="1685" HPOS="475"/>
                  <String HEIGHT="37"
                          WIDTH="180"
                          VPOS="1685"
                          HPOS="440"
                          CONTENT="contrarium,"/>
                  <SP HEIGHT="37" WIDTH="12" VPOS="1685" HPOS="619"/>
                  <String HEIGHT="37"
                          WIDTH="96"
                          VPOS="1685"
                          HPOS="583"
                          CONTENT="sunt"/>
                  <SP HEIGHT="37" WIDTH="12" VPOS="1685" HPOS="679"/>
                  <String HEIGHT="37" WIDTH="60" VPOS="1685" HPOS="631" CONTENT="vir"/>
               </TextLine>
               <TextLine ID="r2l81"
                         BASELINE="1772"
                         HEIGHT="48"
                         WIDTH="485"
                         VPOS="1724"
                         HPOS="208">
                  <String HEIGHT="48"
                          WIDTH="102"
                          VPOS="1724"
                          HPOS="197"
                          CONTENT="tutes"/>
                  <SP HEIGHT="48" WIDTH="11" VPOS="1724" HPOS="298"/>
                  <String HEIGHT="48"
                          WIDTH="135"
                          VPOS="1724"
                          HPOS="264"
                          CONTENT="scilicet"/>
                  <SP HEIGHT="48" WIDTH="11" VPOS="1724" HPOS="400"/>
                  <String HEIGHT="48"
                          WIDTH="214"
                          VPOS="1724"
                          HPOS="366"
                          CONTENT="comprehensiuae."/>
                  <SP HEIGHT="48" WIDTH="11" VPOS="1724" HPOS="580"/>
                  <String HEIGHT="48" WIDTH="68" VPOS="1724" HPOS="546" CONTENT="Et"/>
                  <SP HEIGHT="48" WIDTH="11" VPOS="1724" HPOS="614"/>
                  <String HEIGHT="48" WIDTH="79" VPOS="1724" HPOS="580" CONTENT="hoc"/>
                  <SP HEIGHT="48" WIDTH="11" VPOS="1724" HPOS="659"/>
                  <String HEIGHT="48"
                          WIDTH="79"
                          VPOS="1724"
                          HPOS="614"
                          CONTENT="inten"/>
               </TextLine>
               <TextLine ID="r2l83"
                         BASELINE="1812"
                         HEIGHT="51"
                         WIDTH="486"
                         VPOS="1761"
                         HPOS="211">
                  <String HEIGHT="51"
                          WIDTH="135"
                          VPOS="1761"
                          HPOS="198"
                          CONTENT="debat,"/>
                  <SP HEIGHT="51" WIDTH="14" VPOS="1761" HPOS="333"/>
                  <String HEIGHT="51" WIDTH="95" VPOS="1761" HPOS="292" CONTENT="cum"/>
                  <SP HEIGHT="51" WIDTH="14" VPOS="1761" HPOS="387"/>
                  <String HEIGHT="51"
                          WIDTH="135"
                          VPOS="1761"
                          HPOS="346"
                          CONTENT="dixit:"/>
                  <SP HEIGHT="51" WIDTH="14" VPOS="1761" HPOS="481"/>
                  <String HEIGHT="51"
                          WIDTH="162"
                          VPOS="1761"
                          HPOS="441"
                          CONTENT="cognitio"/>
                  <SP HEIGHT="51" WIDTH="14" VPOS="1761" HPOS="603"/>
                  <String HEIGHT="51"
                          WIDTH="122"
                          VPOS="1761"
                          HPOS="562"
                          CONTENT="vero,"/>
                  <SP HEIGHT="51" WIDTH="14" VPOS="1761" HPOS="684"/>
                  <String HEIGHT="51" WIDTH="68" VPOS="1761" HPOS="630" CONTENT="&amp;c."/>
               </TextLine>
               <TextLine ID="r2l85"
                         BASELINE="1835"
                         HEIGHT="38"
                         WIDTH="480"
                         VPOS="1797"
                         HPOS="213">
                  <String HEIGHT="38" WIDTH="82" VPOS="1797" HPOS="199" CONTENT="i."/>
                  <SP HEIGHT="38" WIDTH="14" VPOS="1797" HPOS="282"/>
                  <String HEIGHT="38"
                          WIDTH="165"
                          VPOS="1797"
                          HPOS="240"
                          CONTENT="virtutes"/>
                  <SP HEIGHT="38" WIDTH="14" VPOS="1797" HPOS="405"/>
                  <String HEIGHT="38"
                          WIDTH="123"
                          VPOS="1797"
                          HPOS="364"
                          CONTENT="autem"/>
                  <SP HEIGHT="38" WIDTH="14" VPOS="1797" HPOS="487"/>
                  <String HEIGHT="38"
                          WIDTH="192"
                          VPOS="1797"
                          HPOS="446"
                          CONTENT="rationales"/>
                  <SP HEIGHT="38" WIDTH="14" VPOS="1797" HPOS="638"/>
                  <String HEIGHT="38"
                          WIDTH="110"
                          VPOS="1797"
                          HPOS="583"
                          CONTENT="vident"/>
               </TextLine>
            </TextBlock>
            <TextBlock ID="TextRegion_1612877734180_1077"
                       HEIGHT="1739"
                       WIDTH="523"
                       VPOS="140"
                       HPOS="716">
               <Shape>
                  <Polygon POINTS="716,140 1239,140 1239,1879 716,1879"/>
               </Shape>
               <TextLine ID="line_1612877726147_1071"
                         BASELINE="218"
                         HEIGHT="40"
                         WIDTH="518"
                         VPOS="178"
                         HPOS="726">
                  <String HEIGHT="40"
                          WIDTH="144"
                          VPOS="178"
                          HPOS="712"
                          CONTENT="habere"/>
                  <SP HEIGHT="40" WIDTH="14" VPOS="178" HPOS="856"/>
                  <String HEIGHT="40"
                          WIDTH="130"
                          VPOS="178"
                          HPOS="812"
                          CONTENT="posse"/>
                  <SP HEIGHT="40" WIDTH="14" VPOS="178" HPOS="942"/>
                  <String HEIGHT="40" WIDTH="86" VPOS="178" HPOS="899" CONTENT="ad"/>
                  <SP HEIGHT="40" WIDTH="14" VPOS="178" HPOS="985"/>
                  <String HEIGHT="40"
                          WIDTH="173"
                          VPOS="178"
                          HPOS="942"
                          CONTENT="vtrunque"/>
                  <SP HEIGHT="40" WIDTH="14" VPOS="178" HPOS="1115"/>
                  <String HEIGHT="40"
                          WIDTH="187"
                          VPOS="178"
                          HPOS="1057"
                          CONTENT="contrarium."/>
               </TextLine>
               <TextLine ID="r2l4"
                         BASELINE="258"
                         HEIGHT="37"
                         WIDTH="509"
                         VPOS="221"
                         HPOS="726">
                  <String HEIGHT="37" WIDTH="90" VPOS="221" HPOS="711" CONTENT="Et"/>
                  <SP HEIGHT="37" WIDTH="15" VPOS="221" HPOS="801"/>
                  <String HEIGHT="37"
                          WIDTH="180"
                          VPOS="221"
                          HPOS="756"
                          CONTENT="intendit"/>
                  <SP HEIGHT="37" WIDTH="15" VPOS="221" HPOS="936"/>
                  <String HEIGHT="37" WIDTH="105" VPOS="221" HPOS="891" CONTENT="hic"/>
                  <SP HEIGHT="37" WIDTH="15" VPOS="221" HPOS="995"/>
                  <String HEIGHT="37" WIDTH="105" VPOS="221" HPOS="951" CONTENT="per"/>
                  <SP HEIGHT="37" WIDTH="15" VPOS="221" HPOS="1055"/>
                  <String HEIGHT="37"
                          WIDTH="120"
                          VPOS="221"
                          HPOS="1010"
                          CONTENT="hanc"/>
                  <SP HEIGHT="37" WIDTH="15" VPOS="221" HPOS="1130"/>
                  <String HEIGHT="37"
                          WIDTH="165"
                          VPOS="221"
                          HPOS="1070"
                          CONTENT="dictionem"/>
               </TextLine>
               <TextLine ID="r2l6"
                         BASELINE="298"
                         HEIGHT="43"
                         WIDTH="511"
                         VPOS="255"
                         HPOS="728">
                  <String HEIGHT="43"
                          WIDTH="234"
                          VPOS="255"
                          HPOS="713"
                          CONTENT="existimatur,"/>
                  <SP HEIGHT="43" WIDTH="15" VPOS="255" HPOS="947"/>
                  <String HEIGHT="43"
                          WIDTH="161"
                          VPOS="255"
                          HPOS="903"
                          CONTENT="concedi"/>
                  <SP HEIGHT="43" WIDTH="15" VPOS="255" HPOS="1064"/>
                  <String HEIGHT="43" WIDTH="88" VPOS="255" HPOS="1020" CONTENT="ab"/>
                  <SP HEIGHT="43" WIDTH="15" VPOS="255" HPOS="1108"/>
                  <String HEIGHT="43"
                          WIDTH="161"
                          VPOS="255"
                          HPOS="1064"
                          CONTENT="omnibus"/>
                  <SP HEIGHT="43" WIDTH="15" VPOS="255" HPOS="1224"/>
                  <String HEIGHT="43" WIDTH="73" VPOS="255" HPOS="1166" CONTENT="aut"/>
               </TextLine>
               <TextLine ID="r2l8"
                         BASELINE="341"
                         HEIGHT="43"
                         WIDTH="502"
                         VPOS="298"
                         HPOS="728">
                  <String HEIGHT="43" WIDTH="68" VPOS="298" HPOS="714" CONTENT="a"/>
                  <SP HEIGHT="43" WIDTH="14" VPOS="298" HPOS="782"/>
                  <String HEIGHT="43"
                          WIDTH="176"
                          VPOS="298"
                          HPOS="742"
                          CONTENT="pluribus."/>
                  <SP HEIGHT="43" WIDTH="14" VPOS="298" HPOS="918"/>
                  <String HEIGHT="43" WIDTH="95" VPOS="298" HPOS="877" CONTENT="Et,"/>
                  <SP HEIGHT="43" WIDTH="14" VPOS="298" HPOS="972"/>
                  <String HEIGHT="43"
                          WIDTH="109"
                          VPOS="298"
                          HPOS="932"
                          CONTENT="quia"/>
                  <SP HEIGHT="43" WIDTH="14" VPOS="298" HPOS="1040"/>
                  <String HEIGHT="43"
                          WIDTH="163"
                          VPOS="298"
                          HPOS="999"
                          CONTENT="virtutes"/>
                  <SP HEIGHT="43" WIDTH="14" VPOS="298" HPOS="1162"/>
                  <String HEIGHT="43"
                          WIDTH="122"
                          VPOS="298"
                          HPOS="1108"
                          CONTENT="natura"
                          SUBS_TYPE="HypPart1"
                          SUBS_CONTENT="naturales"/>
                  <HYP CONTENT="-"/>
               </TextLine>
               <TextLine ID="r2l10"
                         BASELINE="370"
                         HEIGHT="37"
                         WIDTH="499"
                         VPOS="333"
                         HPOS="734">
                  <String HEIGHT="37"
                          WIDTH="103"
                          VPOS="333"
                          HPOS="719"
                          CONTENT="les"
                          SUBS_TYPE="HypPart2"
                          SUBS_CONTENT="naturales"/>
                  <SP HEIGHT="37" WIDTH="15" VPOS="333" HPOS="822"/>
                  <String HEIGHT="37"
                          WIDTH="132"
                          VPOS="333"
                          HPOS="778"
                          CONTENT="agunt"/>
                  <SP HEIGHT="37" WIDTH="15" VPOS="333" HPOS="910"/>
                  <String HEIGHT="37"
                          WIDTH="161"
                          VPOS="333"
                          HPOS="866"
                          CONTENT="alterum"/>
                  <SP HEIGHT="37" WIDTH="15" VPOS="333" HPOS="1028"/>
                  <String HEIGHT="37"
                          WIDTH="250"
                          VPOS="333"
                          HPOS="984"
                          CONTENT="contrariorum,"/>
                  <SP HEIGHT="37" WIDTH="15" VPOS="333" HPOS="1233"/>
                  <String HEIGHT="37" WIDTH="73" VPOS="333" HPOS="1189" CONTENT="&amp;"/>
                  <SP HEIGHT="37" WIDTH="15" VPOS="333" HPOS="1262"/>
                  <String HEIGHT="37" WIDTH="29" VPOS="333" HPOS="1204" CONTENT=""/>
               </TextLine>
               <TextLine ID="r2l11"
                         BASELINE="423"
                         HEIGHT="57"
                         WIDTH="488"
                         VPOS="366"
                         HPOS="739">
                  <String HEIGHT="57"
                          WIDTH="145"
                          VPOS="366"
                          HPOS="726"
                          CONTENT="andoque"/>
                  <SP HEIGHT="57" WIDTH="13" VPOS="366" HPOS="871"/>
                  <String HEIGHT="57"
                          WIDTH="158"
                          VPOS="366"
                          HPOS="831"
                          CONTENT="reliquum"/>
                  <SP HEIGHT="57" WIDTH="13" VPOS="366" HPOS="990"/>
                  <String HEIGHT="57" WIDTH="92" VPOS="366" HPOS="950" CONTENT="per"/>
                  <SP HEIGHT="57" WIDTH="13" VPOS="366" HPOS="1042"/>
                  <String HEIGHT="57"
                          WIDTH="171"
                          VPOS="366"
                          HPOS="1003"
                          CONTENT="accidens,"/>
                  <SP HEIGHT="57" WIDTH="13" VPOS="366" HPOS="1174"/>
                  <String HEIGHT="57"
                          WIDTH="106"
                          VPOS="366"
                          HPOS="1121"
                          CONTENT="dixit:"/>
               </TextLine>
               <TextLine ID="r2l13"
                         BASELINE="455"
                         HEIGHT="50"
                         WIDTH="494"
                         VPOS="405"
                         HPOS="732">
                  <String HEIGHT="50" WIDTH="93" VPOS="405" HPOS="719" CONTENT="Sed"/>
                  <SP HEIGHT="50" WIDTH="13" VPOS="405" HPOS="812"/>
                  <String HEIGHT="50"
                          WIDTH="160"
                          VPOS="405"
                          HPOS="772"
                          CONTENT="apparet,"/>
                  <SP HEIGHT="50" WIDTH="13" VPOS="405" HPOS="932"/>
                  <String HEIGHT="50" WIDTH="93" VPOS="405" HPOS="892" CONTENT="&amp;c."/>
                  <SP HEIGHT="50" WIDTH="13" VPOS="405" HPOS="986"/>
                  <String HEIGHT="50" WIDTH="80" VPOS="405" HPOS="946" CONTENT="i."/>
                  <SP HEIGHT="50" WIDTH="13" VPOS="405" HPOS="1026"/>
                  <String HEIGHT="50" WIDTH="93" VPOS="405" HPOS="986" CONTENT="sed"/>
                  <SP HEIGHT="50" WIDTH="13" VPOS="405" HPOS="1079"/>
                  <String HEIGHT="50" WIDTH="80" VPOS="405" HPOS="1039" CONTENT="in"/>
                  <SP HEIGHT="50" WIDTH="13" VPOS="405" HPOS="1119"/>
                  <String HEIGHT="50"
                          WIDTH="160"
                          VPOS="405"
                          HPOS="1066"
                          CONTENT="virtutibus"/>
               </TextLine>
               <TextLine ID="r2l15"
                         BASELINE="491"
                         HEIGHT="46"
                         WIDTH="498"
                         VPOS="445"
                         HPOS="724">
                  <String HEIGHT="46"
                          WIDTH="220"
                          VPOS="445"
                          HPOS="709"
                          CONTENT="naturalibus"/>
                  <SP HEIGHT="46" WIDTH="15" VPOS="445" HPOS="929"/>
                  <String HEIGHT="46" WIDTH="103" VPOS="445" HPOS="885" CONTENT="est"/>
                  <SP HEIGHT="46" WIDTH="15" VPOS="445" HPOS="988"/>
                  <String HEIGHT="46"
                          WIDTH="161"
                          VPOS="445"
                          HPOS="944"
                          CONTENT="aliquod"/>
                  <SP HEIGHT="46" WIDTH="15" VPOS="445" HPOS="1105"/>
                  <String HEIGHT="46"
                          WIDTH="146"
                          VPOS="445"
                          HPOS="1061"
                          CONTENT="simile"/>
                  <SP HEIGHT="46" WIDTH="15" VPOS="445" HPOS="1207"/>
                  <String HEIGHT="46" WIDTH="73" VPOS="445" HPOS="1149" CONTENT="ei,"/>
               </TextLine>
               <TextLine ID="r2l17"
                         BASELINE="528"
                         HEIGHT="45"
                         WIDTH="498"
                         VPOS="483"
                         HPOS="730">
                  <String HEIGHT="45"
                          WIDTH="114"
                          VPOS="483"
                          HPOS="716"
                          CONTENT="quod"/>
                  <SP HEIGHT="45" WIDTH="14" VPOS="483" HPOS="830"/>
                  <String HEIGHT="45"
                          WIDTH="185"
                          VPOS="483"
                          HPOS="787"
                          CONTENT="inuenitur"/>
                  <SP HEIGHT="45" WIDTH="14" VPOS="483" HPOS="972"/>
                  <String HEIGHT="45" WIDTH="85" VPOS="483" HPOS="929" CONTENT="in"/>
                  <SP HEIGHT="45" WIDTH="14" VPOS="483" HPOS="1015"/>
                  <String HEIGHT="45"
                          WIDTH="199"
                          VPOS="483"
                          HPOS="972"
                          CONTENT="virtutibus"/>
                  <SP HEIGHT="45" WIDTH="14" VPOS="483" HPOS="1171"/>
                  <String HEIGHT="45"
                          WIDTH="114"
                          VPOS="483"
                          HPOS="1114"
                          CONTENT="ratio"
                          SUBS_TYPE="HypPart1"
                          SUBS_CONTENT="rationabilibus"/>
                  <HYP CONTENT="-"/>
               </TextLine>
               <TextLine ID="r2l19"
                         BASELINE="569"
                         HEIGHT="52"
                         WIDTH="500"
                         VPOS="517"
                         HPOS="727">
                  <String HEIGHT="52"
                          WIDTH="144"
                          VPOS="517"
                          HPOS="716"
                          CONTENT="nabilibus"
                          SUBS_TYPE="HypPart2"
                          SUBS_CONTENT="rationabilibus"/>
                  <SP HEIGHT="52" WIDTH="11" VPOS="517" HPOS="860"/>
                  <String HEIGHT="52" WIDTH="67" VPOS="517" HPOS="827" CONTENT="de"/>
                  <SP HEIGHT="52" WIDTH="11" VPOS="517" HPOS="894"/>
                  <String HEIGHT="52" WIDTH="78" VPOS="517" HPOS="860" CONTENT="hoc"/>
                  <SP HEIGHT="52" WIDTH="11" VPOS="517" HPOS="938"/>
                  <String HEIGHT="52"
                          WIDTH="133"
                          VPOS="517"
                          HPOS="905"
                          CONTENT="scilicet"/>
                  <SP HEIGHT="52" WIDTH="11" VPOS="517" HPOS="1038"/>
                  <String HEIGHT="52"
                          WIDTH="89"
                          VPOS="517"
                          HPOS="1005"
                          CONTENT="quod"/>
                  <SP HEIGHT="52" WIDTH="11" VPOS="517" HPOS="1094"/>
                  <String HEIGHT="52"
                          WIDTH="100"
                          VPOS="517"
                          HPOS="1060"
                          CONTENT="agunt"/>
                  <SP HEIGHT="52" WIDTH="11" VPOS="517" HPOS="1160"/>
                  <String HEIGHT="52"
                          WIDTH="111"
                          VPOS="517"
                          HPOS="1116"
                          CONTENT="vtrumque"/>
               </TextLine>
               <TextLine ID="r2l20"
                         BASELINE="605"
                         HEIGHT="50"
                         WIDTH="498"
                         VPOS="555"
                         HPOS="730">
                  <String HEIGHT="50"
                          WIDTH="197"
                          VPOS="555"
                          HPOS="717"
                          CONTENT="contrarium:"/>
                  <SP HEIGHT="50" WIDTH="13" VPOS="555" HPOS="913"/>
                  <String HEIGHT="50"
                          WIDTH="105"
                          VPOS="555"
                          HPOS="874"
                          CONTENT="quia"/>
                  <SP HEIGHT="50" WIDTH="13" VPOS="555" HPOS="979"/>
                  <String HEIGHT="50"
                          WIDTH="131"
                          VPOS="555"
                          HPOS="940"
                          CONTENT="altera"/>
                  <SP HEIGHT="50" WIDTH="13" VPOS="555" HPOS="1071"/>
                  <String HEIGHT="50"
                          WIDTH="118"
                          VPOS="555"
                          HPOS="1031"
                          CONTENT="actio"/>
                  <SP HEIGHT="50" WIDTH="13" VPOS="555" HPOS="1149"/>
                  <String HEIGHT="50" WIDTH="92" VPOS="555" HPOS="1110" CONTENT="est"/>
                  <SP HEIGHT="50" WIDTH="13" VPOS="555" HPOS="1202"/>
                  <String HEIGHT="50"
                          WIDTH="79"
                          VPOS="555"
                          HPOS="1149"
                          CONTENT="vir"
                          SUBS_TYPE="HypPart1"
                          SUBS_CONTENT="virtutum"/>
                  <HYP CONTENT="-"/>
               </TextLine>
               <TextLine ID="r2l22"
                         BASELINE="635"
                         HEIGHT="38"
                         WIDTH="501"
                         VPOS="597"
                         HPOS="726">
                  <String HEIGHT="38"
                          WIDTH="133"
                          VPOS="597"
                          HPOS="711"
                          CONTENT="tutum"
                          SUBS_TYPE="HypPart2"
                          SUBS_CONTENT="virtutum"/>
                  <SP HEIGHT="38" WIDTH="15" VPOS="597" HPOS="844"/>
                  <String HEIGHT="38"
                          WIDTH="206"
                          VPOS="597"
                          HPOS="800"
                          CONTENT="naturalium"/>
                  <SP HEIGHT="38" WIDTH="15" VPOS="597" HPOS="1006"/>
                  <String HEIGHT="38" WIDTH="103" VPOS="597" HPOS="962" CONTENT="per"/>
                  <SP HEIGHT="38" WIDTH="15" VPOS="597" HPOS="1065"/>
                  <String HEIGHT="38"
                          WIDTH="103"
                          VPOS="597"
                          HPOS="1021"
                          CONTENT="se,"/>
                  <SP HEIGHT="38" WIDTH="15" VPOS="597" HPOS="1124"/>
                  <String HEIGHT="38" WIDTH="74" VPOS="597" HPOS="1080" CONTENT="&amp;"/>
                  <SP HEIGHT="38" WIDTH="15" VPOS="597" HPOS="1153"/>
                  <String HEIGHT="38"
                          WIDTH="133"
                          VPOS="597"
                          HPOS="1094"
                          CONTENT="reliqua"/>
               </TextLine>
               <TextLine ID="r2l24"
                         BASELINE="679"
                         HEIGHT="37"
                         WIDTH="498"
                         VPOS="642"
                         HPOS="731">
                  <String HEIGHT="37" WIDTH="94" VPOS="642" HPOS="718" CONTENT="per"/>
                  <SP HEIGHT="37" WIDTH="13" VPOS="642" HPOS="812"/>
                  <String HEIGHT="37"
                          WIDTH="175"
                          VPOS="642"
                          HPOS="771"
                          CONTENT="accidens:"/>
                  <SP HEIGHT="37" WIDTH="13" VPOS="642" HPOS="946"/>
                  <String HEIGHT="37" WIDTH="81" VPOS="642" HPOS="906" CONTENT="in"/>
                  <SP HEIGHT="37" WIDTH="13" VPOS="642" HPOS="987"/>
                  <String HEIGHT="37"
                          WIDTH="188"
                          VPOS="642"
                          HPOS="946"
                          CONTENT="virtutibus"/>
                  <SP HEIGHT="37" WIDTH="13" VPOS="642" HPOS="1135"/>
                  <String HEIGHT="37"
                          WIDTH="121"
                          VPOS="642"
                          HPOS="1094"
                          CONTENT="autem"/>
                  <SP HEIGHT="37" WIDTH="13" VPOS="642" HPOS="1216"/>
                  <String HEIGHT="37"
                          WIDTH="67"
                          VPOS="642"
                          HPOS="1162"
                          CONTENT="ra"
                          SUBS_TYPE="HypPart1"
                          SUBS_CONTENT="rationabilibus"/>
                  <HYP CONTENT="-"/>
               </TextLine>
               <TextLine ID="r2l26"
                         BASELINE="714"
                         HEIGHT="45"
                         WIDTH="492"
                         VPOS="669"
                         HPOS="734">
                  <String HEIGHT="45"
                          WIDTH="213"
                          VPOS="669"
                          HPOS="721"
                          CONTENT="tionabilibus"
                          SUBS_TYPE="HypPart2"
                          SUBS_CONTENT="rationabilibus"/>
                  <SP HEIGHT="45" WIDTH="13" VPOS="669" HPOS="933"/>
                  <String HEIGHT="45"
                          WIDTH="106"
                          VPOS="669"
                          HPOS="894"
                          CONTENT="duae"/>
                  <SP HEIGHT="45" WIDTH="13" VPOS="669" HPOS="1000"/>
                  <String HEIGHT="45"
                          WIDTH="160"
                          VPOS="669"
                          HPOS="960"
                          CONTENT="actiones"/>
                  <SP HEIGHT="45" WIDTH="13" VPOS="669" HPOS="1120"/>
                  <String HEIGHT="45"
                          WIDTH="160"
                          VPOS="669"
                          HPOS="1066"
                          CONTENT="contrariae"/>
               </TextLine>
               <TextLine ID="r2l28"
                         BASELINE="746"
                         HEIGHT="38"
                         WIDTH="499"
                         VPOS="708"
                         HPOS="728">
                  <String HEIGHT="38"
                          WIDTH="102"
                          VPOS="708"
                          HPOS="715"
                          CONTENT="sunt"/>
                  <SP HEIGHT="38" WIDTH="13" VPOS="708" HPOS="818"/>
                  <String HEIGHT="38"
                          WIDTH="230"
                          VPOS="708"
                          HPOS="779"
                          CONTENT="essentialiter."/>
                  <SP HEIGHT="38" WIDTH="13" VPOS="708" HPOS="1009"/>
                  <String HEIGHT="38" WIDTH="90" VPOS="708" HPOS="971" CONTENT="Et,"/>
                  <SP HEIGHT="38" WIDTH="13" VPOS="708" HPOS="1061"/>
                  <String HEIGHT="38" WIDTH="90" VPOS="708" HPOS="1022" CONTENT="cum"/>
                  <SP HEIGHT="38" WIDTH="13" VPOS="708" HPOS="1112"/>
                  <String HEIGHT="38"
                          WIDTH="166"
                          VPOS="708"
                          HPOS="1061"
                          CONTENT="notificauit"/>
               </TextLine>
               <TextLine ID="r2l29"
                         BASELINE="795"
                         HEIGHT="46"
                         WIDTH="480"
                         VPOS="749"
                         HPOS="732">
                  <String HEIGHT="46"
                          WIDTH="107"
                          VPOS="749"
                          HPOS="719"
                          CONTENT="quod"/>
                  <SP HEIGHT="46" WIDTH="13" VPOS="749" HPOS="825"/>
                  <String HEIGHT="46"
                          WIDTH="160"
                          VPOS="749"
                          HPOS="785"
                          CONTENT="virtutes"/>
                  <SP HEIGHT="46" WIDTH="13" VPOS="749" HPOS="945"/>
                  <String HEIGHT="46"
                          WIDTH="173"
                          VPOS="749"
                          HPOS="905"
                          CONTENT="naturales"/>
                  <SP HEIGHT="46" WIDTH="13" VPOS="749" HPOS="1079"/>
                  <String HEIGHT="46"
                          WIDTH="133"
                          VPOS="749"
                          HPOS="1039"
                          CONTENT="habent"/>
                  <SP HEIGHT="46" WIDTH="13" VPOS="749" HPOS="1172"/>
                  <String HEIGHT="46"
                          WIDTH="93"
                          VPOS="749"
                          HPOS="1119"
                          CONTENT="etiam"/>
               </TextLine>
               <TextLine ID="r2l31"
                         BASELINE="834"
                         HEIGHT="52"
                         WIDTH="494"
                         VPOS="782"
                         HPOS="725">
                  <String HEIGHT="52"
                          WIDTH="113"
                          VPOS="782"
                          HPOS="711"
                          CONTENT="hoc,"/>
                  <SP HEIGHT="52" WIDTH="14" VPOS="782" HPOS="824"/>
                  <String HEIGHT="52"
                          WIDTH="127"
                          VPOS="782"
                          HPOS="781"
                          CONTENT="dedit"/>
                  <SP HEIGHT="52" WIDTH="14" VPOS="782" HPOS="908"/>
                  <String HEIGHT="52"
                          WIDTH="183"
                          VPOS="782"
                          HPOS="866"
                          CONTENT="exemplum,"/>
                  <SP HEIGHT="52" WIDTH="14" VPOS="782" HPOS="1050"/>
                  <String HEIGHT="52" WIDTH="71" VPOS="782" HPOS="1007" CONTENT="&amp;"/>
                  <SP HEIGHT="52" WIDTH="14" VPOS="782" HPOS="1078"/>
                  <String HEIGHT="52"
                          WIDTH="141"
                          VPOS="782"
                          HPOS="1036"
                          CONTENT="dixit:"/>
                  <SP HEIGHT="52" WIDTH="14" VPOS="782" HPOS="1177"/>
                  <String HEIGHT="52"
                          WIDTH="99"
                          VPOS="782"
                          HPOS="1120"
                          CONTENT="Tfri"
                          SUBS_TYPE="HypPart1"
                          SUBS_CONTENT="Tfrigus"/>
                  <HYP CONTENT="-"/>
               </TextLine>
               <TextLine ID="r2l33"
                         BASELINE="870"
                         HEIGHT="49"
                         WIDTH="496"
                         VPOS="821"
                         HPOS="724">
                  <String HEIGHT="49"
                          WIDTH="94"
                          VPOS="821"
                          HPOS="711"
                          CONTENT="gus"
                          SUBS_TYPE="HypPart2"
                          SUBS_CONTENT="Tfrigus"/>
                  <SP HEIGHT="49" WIDTH="13" VPOS="821" HPOS="804"/>
                  <String HEIGHT="49"
                          WIDTH="107"
                          VPOS="821"
                          HPOS="764"
                          CONTENT="enim"/>
                  <SP HEIGHT="49" WIDTH="13" VPOS="821" HPOS="871"/>
                  <String HEIGHT="49" WIDTH="94" VPOS="821" HPOS="831" CONTENT="&amp;c."/>
                  <SP HEIGHT="49" WIDTH="13" VPOS="821" HPOS="925"/>
                  <String HEIGHT="49" WIDTH="67" VPOS="821" HPOS="885" CONTENT="&amp;"/>
                  <SP HEIGHT="49" WIDTH="13" VPOS="821" HPOS="952"/>
                  <String HEIGHT="49"
                          WIDTH="161"
                          VPOS="821"
                          HPOS="912"
                          CONTENT="intendit"/>
                  <SP HEIGHT="49" WIDTH="13" VPOS="821" HPOS="1073"/>
                  <String HEIGHT="49" WIDTH="94" VPOS="821" HPOS="1032" CONTENT="per"/>
                  <SP HEIGHT="49" WIDTH="13" VPOS="821" HPOS="1126"/>
                  <String HEIGHT="49"
                          WIDTH="107"
                          VPOS="821"
                          HPOS="1086"
                          CONTENT="hoc,"/>
                  <SP HEIGHT="49" WIDTH="13" VPOS="821" HPOS="1193"/>
                  <String HEIGHT="49"
                          WIDTH="80"
                          VPOS="821"
                          HPOS="1140"
                          CONTENT="quod"/>
               </TextLine>
               <TextLine ID="r2l35"
                         BASELINE="897"
                         HEIGHT="36"
                         WIDTH="492"
                         VPOS="861"
                         HPOS="725">
                  <String HEIGHT="36"
                          WIDTH="117"
                          VPOS="861"
                          HPOS="712"
                          CONTENT="dixit"/>
                  <SP HEIGHT="36" WIDTH="13" VPOS="861" HPOS="829"/>
                  <String HEIGHT="36"
                          WIDTH="194"
                          VPOS="861"
                          HPOS="790"
                          CONTENT="reuertitur."/>
                  <SP HEIGHT="36" WIDTH="13" VPOS="861" HPOS="984"/>
                  <String HEIGHT="36"
                          WIDTH="104"
                          VPOS="861"
                          HPOS="945"
                          CONTENT="hoc,"/>
                  <SP HEIGHT="36" WIDTH="13" VPOS="861" HPOS="1049"/>
                  <String HEIGHT="36"
                          WIDTH="104"
                          VPOS="861"
                          HPOS="1010"
                          CONTENT="quod"/>
                  <SP HEIGHT="36" WIDTH="13" VPOS="861" HPOS="1113"/>
                  <String HEIGHT="36"
                          WIDTH="117"
                          VPOS="861"
                          HPOS="1075"
                          CONTENT="calor"/>
                  <SP HEIGHT="36" WIDTH="13" VPOS="861" HPOS="1191"/>
                  <String HEIGHT="36"
                          WIDTH="78"
                          VPOS="861"
                          HPOS="1139"
                          CONTENT="exi"
                          SUBS_TYPE="HypPart1"
                          SUBS_CONTENT="existens"/>
                  <HYP CONTENT="-"/>
               </TextLine>
               <TextLine ID="r2l37"
                         BASELINE="938"
                         HEIGHT="44"
                         WIDTH="488"
                         VPOS="894"
                         HPOS="727">
                  <String HEIGHT="44"
                          WIDTH="122"
                          VPOS="894"
                          HPOS="713"
                          CONTENT="stens"
                          SUBS_TYPE="HypPart2"
                          SUBS_CONTENT="existens"/>
                  <SP HEIGHT="44" WIDTH="14" VPOS="894" HPOS="835"/>
                  <String HEIGHT="44" WIDTH="81" VPOS="894" HPOS="795" CONTENT="in"/>
                  <SP HEIGHT="44" WIDTH="14" VPOS="894" HPOS="876"/>
                  <String HEIGHT="44" WIDTH="81" VPOS="894" HPOS="835" CONTENT="re"/>
                  <SP HEIGHT="44" WIDTH="14" VPOS="894" HPOS="917"/>
                  <String HEIGHT="44"
                          WIDTH="190"
                          VPOS="894"
                          HPOS="876"
                          CONTENT="reuertitur"/>
                  <SP HEIGHT="44" WIDTH="14" VPOS="894" HPOS="1066"/>
                  <String HEIGHT="44" WIDTH="81" VPOS="894" HPOS="1025" CONTENT="de"/>
                  <SP HEIGHT="44" WIDTH="14" VPOS="894" HPOS="1107"/>
                  <String HEIGHT="44"
                          WIDTH="163"
                          VPOS="894"
                          HPOS="1052"
                          CONTENT="extrinseco"/>
               </TextLine>
               <TextLine ID="r2l39"
                         BASELINE="983"
                         HEIGHT="46"
                         WIDTH="493"
                         VPOS="937"
                         HPOS="732">
                  <String HEIGHT="46" WIDTH="70" VPOS="937" HPOS="718" CONTENT="i"/>
                  <SP HEIGHT="46" WIDTH="14" VPOS="937" HPOS="788"/>
                  <String HEIGHT="46"
                          WIDTH="211"
                          VPOS="937"
                          HPOS="746"
                          CONTENT="intrinsecum"/>
                  <SP HEIGHT="46" WIDTH="14" VPOS="937" HPOS="957"/>
                  <String HEIGHT="46" WIDTH="99" VPOS="937" HPOS="915" CONTENT="per"/>
                  <SP HEIGHT="46" WIDTH="14" VPOS="937" HPOS="1014"/>
                  <String HEIGHT="46"
                          WIDTH="155"
                          VPOS="937"
                          HPOS="971"
                          CONTENT="frigus:"/>
                  <SP HEIGHT="46" WIDTH="14" VPOS="937" HPOS="1126"/>
                  <String HEIGHT="46" WIDTH="85" VPOS="937" HPOS="1084" CONTENT="ex"/>
                  <SP HEIGHT="46" WIDTH="14" VPOS="937" HPOS="1169"/>
                  <String HEIGHT="46" WIDTH="99" VPOS="937" HPOS="1126" CONTENT="quo"/>
                  <SP HEIGHT="46" WIDTH="14" VPOS="937" HPOS="1225"/>
                  <String HEIGHT="46" WIDTH="56" VPOS="937" HPOS="1169" CONTENT="ac"/>
               </TextLine>
               <TextLine ID="r2l41"
                         BASELINE="1010"
                         HEIGHT="37"
                         WIDTH="499"
                         VPOS="973"
                         HPOS="728">
                  <String HEIGHT="37"
                          WIDTH="118"
                          VPOS="973"
                          HPOS="715"
                          CONTENT="cidit"/>
                  <SP HEIGHT="37" WIDTH="13" VPOS="973" HPOS="833"/>
                  <String HEIGHT="37"
                          WIDTH="105"
                          VPOS="973"
                          HPOS="794"
                          CONTENT="quod"/>
                  <SP HEIGHT="37" WIDTH="13" VPOS="973" HPOS="899"/>
                  <String HEIGHT="37"
                          WIDTH="118"
                          VPOS="973"
                          HPOS="859"
                          CONTENT="illud"/>
                  <SP HEIGHT="37" WIDTH="13" VPOS="973" HPOS="978"/>
                  <String HEIGHT="37" WIDTH="92" VPOS="973" HPOS="938" CONTENT="ens"/>
                  <SP HEIGHT="37" WIDTH="13" VPOS="973" HPOS="1030"/>
                  <String HEIGHT="37"
                          WIDTH="171"
                          VPOS="973"
                          HPOS="991"
                          CONTENT="calefacit"/>
                  <SP HEIGHT="37" WIDTH="13" VPOS="973" HPOS="1161"/>
                  <String HEIGHT="37"
                          WIDTH="105"
                          VPOS="973"
                          HPOS="1122"
                          CONTENT="modo"/>
                  <SP HEIGHT="37" WIDTH="13" VPOS="973" HPOS="1227"/>
                  <String HEIGHT="37" WIDTH="53" VPOS="973" HPOS="1174" CONTENT="ac"/>
               </TextLine>
               <TextLine ID="r2l43"
                         BASELINE="1050"
                         HEIGHT="38"
                         WIDTH="490"
                         VPOS="1012"
                         HPOS="731">
                  <String HEIGHT="38"
                          WIDTH="196"
                          VPOS="1012"
                          HPOS="717"
                          CONTENT="cidentali."/>
                  <SP HEIGHT="38" WIDTH="14" VPOS="1012" HPOS="913"/>
                  <String HEIGHT="38" WIDTH="70" VPOS="1012" HPOS="871" CONTENT="&amp;"/>
                  <SP HEIGHT="38" WIDTH="14" VPOS="1012" HPOS="941"/>
                  <String HEIGHT="38" WIDTH="98" VPOS="1012" HPOS="899" CONTENT="hoc"/>
                  <SP HEIGHT="38" WIDTH="14" VPOS="1012" HPOS="997"/>
                  <String HEIGHT="38"
                          WIDTH="210"
                          VPOS="1012"
                          HPOS="955"
                          CONTENT="intendebat,"/>
                  <SP HEIGHT="38" WIDTH="14" VPOS="1012" HPOS="1165"/>
                  <String HEIGHT="38"
                          WIDTH="98"
                          VPOS="1012"
                          HPOS="1123"
                          CONTENT="cum"/>
                  <SP HEIGHT="38" WIDTH="14" VPOS="1012" HPOS="1221"/>
                  <String HEIGHT="38" WIDTH="56" VPOS="1012" HPOS="1165" CONTENT="di"/>
               </TextLine>
               <TextLine ID="r2l45"
                         BASELINE="1096"
                         HEIGHT="50"
                         WIDTH="495"
                         VPOS="1046"
                         HPOS="726">
                  <String HEIGHT="50"
                          WIDTH="120"
                          VPOS="1046"
                          HPOS="711"
                          CONTENT="xit,"/>
                  <SP HEIGHT="50" WIDTH="15" VPOS="1046" HPOS="831"/>
                  <String HEIGHT="50"
                          WIDTH="150"
                          VPOS="1046"
                          HPOS="786"
                          CONTENT="quoquo"/>
                  <SP HEIGHT="50" WIDTH="15" VPOS="1046" HPOS="936"/>
                  <String HEIGHT="50"
                          WIDTH="135"
                          VPOS="1046"
                          HPOS="891"
                          CONTENT="modo."/>
                  <SP HEIGHT="50" WIDTH="15" VPOS="1046" HPOS="1026"/>
                  <String HEIGHT="50" WIDTH="90" VPOS="1046" HPOS="981" CONTENT="Et"/>
                  <SP HEIGHT="50" WIDTH="15" VPOS="1046" HPOS="1071"/>
                  <String HEIGHT="50"
                          WIDTH="120"
                          VPOS="1046"
                          HPOS="1026"
                          CONTENT="quia"/>
                  <SP HEIGHT="50" WIDTH="15" VPOS="1046" HPOS="1146"/>
                  <String HEIGHT="50"
                          WIDTH="120"
                          VPOS="1046"
                          HPOS="1101"
                          CONTENT="iste"/>
                  <SP HEIGHT="50" WIDTH="15" VPOS="1046" HPOS="1221"/>
                  <String HEIGHT="50" WIDTH="60" VPOS="1046" HPOS="1161" CONTENT="mo"/>
               </TextLine>
               <TextLine ID="r2l47"
                         BASELINE="1136"
                         HEIGHT="52"
                         WIDTH="490"
                         VPOS="1084"
                         HPOS="729">
                  <String HEIGHT="52" WIDTH="78" VPOS="1084" HPOS="718" CONTENT="dus"/>
                  <SP HEIGHT="52" WIDTH="11" VPOS="1084" HPOS="796"/>
                  <String HEIGHT="52"
                          WIDTH="212"
                          VPOS="1084"
                          HPOS="762"
                          CONTENT="transmutationis"/>
                  <SP HEIGHT="52" WIDTH="11" VPOS="1084" HPOS="974"/>
                  <String HEIGHT="52"
                          WIDTH="134"
                          VPOS="1084"
                          HPOS="941"
                          CONTENT="scilicet"/>
                  <SP HEIGHT="52" WIDTH="11" VPOS="1084" HPOS="1074"/>
                  <String HEIGHT="52"
                          WIDTH="78"
                          VPOS="1084"
                          HPOS="1041"
                          CONTENT="qui"/>
                  <SP HEIGHT="52" WIDTH="11" VPOS="1084" HPOS="1119"/>
                  <String HEIGHT="52"
                          WIDTH="78"
                          VPOS="1084"
                          HPOS="1085"
                          CONTENT="est"/>
                  <SP HEIGHT="52" WIDTH="11" VPOS="1084" HPOS="1163"/>
                  <String HEIGHT="52"
                          WIDTH="78"
                          VPOS="1084"
                          HPOS="1130"
                          CONTENT="per"/>
                  <SP HEIGHT="52" WIDTH="11" VPOS="1084" HPOS="1208"/>
                  <String HEIGHT="52"
                          WIDTH="56"
                          VPOS="1084"
                          HPOS="1163"
                          CONTENT="ac"
                          SUBS_TYPE="HypPart1"
                          SUBS_CONTENT="accidens,"/>
                  <HYP CONTENT="-"/>
               </TextLine>
               <TextLine ID="r2l49"
                         BASELINE="1162"
                         HEIGHT="41"
                         WIDTH="493"
                         VPOS="1121"
                         HPOS="726">
                  <String HEIGHT="41"
                          WIDTH="151"
                          VPOS="1121"
                          HPOS="712"
                          CONTENT="cidens,"
                          SUBS_TYPE="HypPart2"
                          SUBS_CONTENT="accidens,"/>
                  <SP HEIGHT="41" WIDTH="14" VPOS="1121" HPOS="863"/>
                  <String HEIGHT="41" WIDTH="96" VPOS="1121" HPOS="822" CONTENT="fit"/>
                  <SP HEIGHT="41" WIDTH="14" VPOS="1121" HPOS="918"/>
                  <String HEIGHT="41" WIDTH="82" VPOS="1121" HPOS="877" CONTENT="ex"/>
                  <SP HEIGHT="41" WIDTH="14" VPOS="1121" HPOS="959"/>
                  <String HEIGHT="41"
                          WIDTH="192"
                          VPOS="1121"
                          HPOS="918"
                          CONTENT="virtutibus"/>
                  <SP HEIGHT="41" WIDTH="14" VPOS="1121" HPOS="1109"/>
                  <String HEIGHT="41"
                          WIDTH="164"
                          VPOS="1121"
                          HPOS="1055"
                          CONTENT="rationali"
                          SUBS_TYPE="HypPart1"
                          SUBS_CONTENT="rationalibus,"/>
                  <HYP CONTENT="-"/>
               </TextLine>
               <TextLine ID="r2l51"
                         BASELINE="1197"
                         HEIGHT="39"
                         WIDTH="498"
                         VPOS="1158"
                         HPOS="727">
                  <String HEIGHT="39"
                          WIDTH="105"
                          VPOS="1158"
                          HPOS="714"
                          CONTENT="bus,"
                          SUBS_TYPE="HypPart2"
                          SUBS_CONTENT="rationalibus,"/>
                  <SP HEIGHT="39" WIDTH="13" VPOS="1158" HPOS="819"/>
                  <String HEIGHT="39"
                          WIDTH="118"
                          VPOS="1158"
                          HPOS="779"
                          CONTENT="sicut"/>
                  <SP HEIGHT="39" WIDTH="13" VPOS="1158" HPOS="897"/>
                  <String HEIGHT="39" WIDTH="92" VPOS="1158" HPOS="858" CONTENT="fit"/>
                  <SP HEIGHT="39" WIDTH="13" VPOS="1158" HPOS="950"/>
                  <String HEIGHT="39" WIDTH="79" VPOS="1158" HPOS="910" CONTENT="ex"/>
                  <SP HEIGHT="39" WIDTH="13" VPOS="1158" HPOS="989"/>
                  <String HEIGHT="39"
                          WIDTH="183"
                          VPOS="1158"
                          HPOS="950"
                          CONTENT="virtutibus"/>
                  <SP HEIGHT="39" WIDTH="13" VPOS="1158" HPOS="1133"/>
                  <String HEIGHT="39"
                          WIDTH="144"
                          VPOS="1158"
                          HPOS="1081"
                          CONTENT="naturali"
                          SUBS_TYPE="HypPart1"
                          SUBS_CONTENT="naturalibus,"/>
                  <HYP CONTENT="-"/>
               </TextLine>
               <TextLine ID="r2l53"
                         BASELINE="1245"
                         HEIGHT="49"
                         WIDTH="493"
                         VPOS="1196"
                         HPOS="730">
                  <String HEIGHT="49"
                          WIDTH="101"
                          VPOS="1196"
                          HPOS="717"
                          CONTENT="bus,"
                          SUBS_TYPE="HypPart2"
                          SUBS_CONTENT="naturalibus,"/>
                  <SP HEIGHT="49" WIDTH="13" VPOS="1196" HPOS="818"/>
                  <String HEIGHT="49"
                          WIDTH="190"
                          VPOS="1196"
                          HPOS="781"
                          CONTENT="notificauit"/>
                  <SP HEIGHT="49" WIDTH="13" VPOS="1196" HPOS="970"/>
                  <String HEIGHT="49"
                          WIDTH="101"
                          VPOS="1196"
                          HPOS="932"
                          CONTENT="hoc,"/>
                  <SP HEIGHT="49" WIDTH="13" VPOS="1196" HPOS="1033"/>
                  <String HEIGHT="49"
                          WIDTH="101"
                          VPOS="1196"
                          HPOS="995"
                          CONTENT="quod"/>
                  <SP HEIGHT="49" WIDTH="13" VPOS="1196" HPOS="1097"/>
                  <String HEIGHT="49"
                          WIDTH="126"
                          VPOS="1196"
                          HPOS="1059"
                          CONTENT="dixit:"/>
                  <SP HEIGHT="49" WIDTH="13" VPOS="1196" HPOS="1185"/>
                  <String HEIGHT="49"
                          WIDTH="88"
                          VPOS="1196"
                          HPOS="1135"
                          CONTENT="sicut"/>
               </TextLine>
               <TextLine ID="r2l56"
                         BASELINE="1282"
                         HEIGHT="45"
                         WIDTH="494"
                         VPOS="1237"
                         HPOS="727">
                  <String HEIGHT="45"
                          WIDTH="116"
                          VPOS="1237"
                          HPOS="716"
                          CONTENT="sciens,"/>
                  <SP HEIGHT="45" WIDTH="11" VPOS="1237" HPOS="832"/>
                  <String HEIGHT="45" WIDTH="74" VPOS="1237" HPOS="801" CONTENT="&amp;c."/>
                  <SP HEIGHT="45" WIDTH="11" VPOS="1237" HPOS="874"/>
                  <String HEIGHT="45" WIDTH="63" VPOS="1237" HPOS="843" CONTENT="i."/>
                  <SP HEIGHT="45" WIDTH="11" VPOS="1237" HPOS="906"/>
                  <String HEIGHT="45"
                          WIDTH="84"
                          VPOS="1237"
                          HPOS="874"
                          CONTENT="quod"/>
                  <SP HEIGHT="45" WIDTH="11" VPOS="1237" HPOS="958"/>
                  <String HEIGHT="45"
                          WIDTH="126"
                          VPOS="1237"
                          HPOS="927"
                          CONTENT="frigidum"/>
                  <SP HEIGHT="45" WIDTH="11" VPOS="1237" HPOS="1053"/>
                  <String HEIGHT="45"
                          WIDTH="147"
                          VPOS="1237"
                          HPOS="1021"
                          CONTENT="calefacere"/>
                  <SP HEIGHT="45" WIDTH="11" VPOS="1237" HPOS="1168"/>
                  <String HEIGHT="45"
                          WIDTH="74"
                          VPOS="1237"
                          HPOS="1137"
                          CONTENT="per"/>
                  <SP HEIGHT="45" WIDTH="11" VPOS="1237" HPOS="1210"/>
                  <String HEIGHT="45"
                          WIDTH="53"
                          VPOS="1237"
                          HPOS="1168"
                          CONTENT="ac"
                          SUBS_TYPE="HypPart1"
                          SUBS_CONTENT="accus"/>
                  <HYP CONTENT="-"/>
               </TextLine>
               <TextLine ID="r2l58"
                         BASELINE="1324"
                         HEIGHT="52"
                         WIDTH="492"
                         VPOS="1272"
                         HPOS="731">
                  <String HEIGHT="52"
                          WIDTH="77"
                          VPOS="1272"
                          HPOS="720"
                          CONTENT="cus"
                          SUBS_TYPE="HypPart2"
                          SUBS_CONTENT="accus"/>
                  <SP HEIGHT="52" WIDTH="11" VPOS="1272" HPOS="797"/>
                  <String HEIGHT="52" WIDTH="77" VPOS="1272" HPOS="764" CONTENT="est"/>
                  <SP HEIGHT="52" WIDTH="11" VPOS="1272" HPOS="840"/>
                  <String HEIGHT="52"
                          WIDTH="109"
                          VPOS="1272"
                          HPOS="808"
                          CONTENT="simile"/>
                  <SP HEIGHT="52" WIDTH="11" VPOS="1272" HPOS="917"/>
                  <String HEIGHT="52"
                          WIDTH="120"
                          VPOS="1272"
                          HPOS="884"
                          CONTENT="peccato"/>
                  <SP HEIGHT="52" WIDTH="11" VPOS="1272" HPOS="1004"/>
                  <String HEIGHT="52"
                          WIDTH="153"
                          VPOS="1272"
                          HPOS="972"
                          CONTENT="artificis,"/>
                  <SP HEIGHT="52" WIDTH="11" VPOS="1272" HPOS="1125"/>
                  <String HEIGHT="52"
                          WIDTH="109"
                          VPOS="1272"
                          HPOS="1092"
                          CONTENT="quando"/>
                  <SP HEIGHT="52" WIDTH="11" VPOS="1272" HPOS="1201"/>
                  <String HEIGHT="52"
                          WIDTH="66"
                          VPOS="1272"
                          HPOS="1157"
                          CONTENT="erra"/>
               </TextLine>
               <TextLine ID="r2l60"
                         BASELINE="1346"
                         HEIGHT="37"
                         WIDTH="482"
                         VPOS="1309"
                         HPOS="729">
                  <String HEIGHT="37"
                          WIDTH="114"
                          VPOS="1309"
                          HPOS="716"
                          CONTENT="uerit"/>
                  <SP HEIGHT="37" WIDTH="13" VPOS="1309" HPOS="830"/>
                  <String HEIGHT="37"
                          WIDTH="114"
                          VPOS="1309"
                          HPOS="792"
                          CONTENT="circa"/>
                  <SP HEIGHT="37" WIDTH="13" VPOS="1309" HPOS="907"/>
                  <String HEIGHT="37"
                          WIDTH="165"
                          VPOS="1309"
                          HPOS="869"
                          CONTENT="contraria"/>
                  <SP HEIGHT="37" WIDTH="13" VPOS="1309" HPOS="1033"/>
                  <String HEIGHT="37"
                          WIDTH="114"
                          VPOS="1309"
                          HPOS="995"
                          CONTENT="vero."/>
                  <SP HEIGHT="37" WIDTH="13" VPOS="1309" HPOS="1110"/>
                  <String HEIGHT="37" WIDTH="63" VPOS="1309" HPOS="1071" CONTENT="&amp;"/>
                  <SP HEIGHT="37" WIDTH="13" VPOS="1309" HPOS="1135"/>
                  <String HEIGHT="37"
                          WIDTH="101"
                          VPOS="1309"
                          HPOS="1097"
                          CONTENT="iste"/>
                  <SP HEIGHT="37" WIDTH="13" VPOS="1309" HPOS="1198"/>
                  <String HEIGHT="37"
                          WIDTH="63"
                          VPOS="1309"
                          HPOS="1148"
                          CONTENT="est"/>
               </TextLine>
               <TextLine ID="r2l62"
                         BASELINE="1397"
                         HEIGHT="49"
                         WIDTH="492"
                         VPOS="1348"
                         HPOS="727">
                  <String HEIGHT="49"
                          WIDTH="114"
                          VPOS="1348"
                          HPOS="714"
                          CONTENT="ille,"/>
                  <SP HEIGHT="49" WIDTH="13" VPOS="1348" HPOS="828"/>
                  <String HEIGHT="49" WIDTH="88" VPOS="1348" HPOS="790" CONTENT="qui"/>
                  <SP HEIGHT="49" WIDTH="13" VPOS="1348" HPOS="878"/>
                  <String HEIGHT="49"
                          WIDTH="126"
                          VPOS="1348"
                          HPOS="841"
                          CONTENT="vtitur"/>
                  <SP HEIGHT="49" WIDTH="13" VPOS="1348" HPOS="967"/>
                  <String HEIGHT="49" WIDTH="88" VPOS="1348" HPOS="929" CONTENT="sua"/>
                  <SP HEIGHT="49" WIDTH="13" VPOS="1348" HPOS="1017"/>
                  <String HEIGHT="49"
                          WIDTH="151"
                          VPOS="1348"
                          HPOS="979"
                          CONTENT="scientia"/>
                  <SP HEIGHT="49" WIDTH="13" VPOS="1348" HPOS="1131"/>
                  <String HEIGHT="49"
                          WIDTH="139"
                          VPOS="1348"
                          HPOS="1080"
                          CONTENT="peruerse."/>
               </TextLine>
               <TextLine ID="r2l64"
                         BASELINE="1426"
                         HEIGHT="39"
                         WIDTH="478"
                         VPOS="1387"
                         HPOS="730">
                  <String HEIGHT="39"
                          WIDTH="125"
                          VPOS="1387"
                          HPOS="719"
                          CONTENT="cilicet"/>
                  <SP HEIGHT="39" WIDTH="11" VPOS="1387" HPOS="844"/>
                  <String HEIGHT="39" WIDTH="80" VPOS="1387" HPOS="810" CONTENT="qui"/>
                  <SP HEIGHT="39" WIDTH="11" VPOS="1387" HPOS="889"/>
                  <String HEIGHT="39"
                          WIDTH="114"
                          VPOS="1387"
                          HPOS="855"
                          CONTENT="vtitur"/>
                  <SP HEIGHT="39" WIDTH="11" VPOS="1387" HPOS="969"/>
                  <String HEIGHT="39" WIDTH="80" VPOS="1387" HPOS="935" CONTENT="sua"/>
                  <SP HEIGHT="39" WIDTH="11" VPOS="1387" HPOS="1015"/>
                  <String HEIGHT="39"
                          WIDTH="137"
                          VPOS="1387"
                          HPOS="980"
                          CONTENT="scientia"/>
                  <SP HEIGHT="39" WIDTH="11" VPOS="1387" HPOS="1117"/>
                  <String HEIGHT="39"
                          WIDTH="137"
                          VPOS="1387"
                          HPOS="1071"
                          CONTENT="econtrario"/>
               </TextLine>
               <TextLine ID="r2l66"
                         BASELINE="1466"
                         HEIGHT="43"
                         WIDTH="492"
                         VPOS="1423"
                         HPOS="724">
                  <String HEIGHT="43" WIDTH="93" VPOS="1423" HPOS="711" CONTENT="ci,"/>
                  <SP HEIGHT="43" WIDTH="13" VPOS="1423" HPOS="804"/>
                  <String HEIGHT="43" WIDTH="93" VPOS="1423" HPOS="764" CONTENT="quo"/>
                  <SP HEIGHT="43" WIDTH="13" VPOS="1423" HPOS="857"/>
                  <String HEIGHT="43"
                          WIDTH="146"
                          VPOS="1423"
                          HPOS="817"
                          CONTENT="deberet"/>
                  <SP HEIGHT="43" WIDTH="13" VPOS="1423" HPOS="963"/>
                  <String HEIGHT="43"
                          WIDTH="106"
                          VPOS="1423"
                          HPOS="923"
                          CONTENT="vti."/>
                  <SP HEIGHT="43" WIDTH="13" VPOS="1423" HPOS="1030"/>
                  <String HEIGHT="43" WIDTH="80" VPOS="1423" HPOS="990" CONTENT="Et"/>
                  <SP HEIGHT="43" WIDTH="13" VPOS="1423" HPOS="1070"/>
                  <String HEIGHT="43"
                          WIDTH="120"
                          VPOS="1423"
                          HPOS="1030"
                          CONTENT="forte"/>
                  <SP HEIGHT="43" WIDTH="13" VPOS="1423" HPOS="1150"/>
                  <String HEIGHT="43"
                          WIDTH="120"
                          VPOS="1423"
                          HPOS="1096"
                          CONTENT="induxit"/>
               </TextLine>
               <TextLine ID="r2l68"
                         BASELINE="1509"
                         HEIGHT="48"
                         WIDTH="497"
                         VPOS="1461"
                         HPOS="722">
                  <String HEIGHT="48" WIDTH="99" VPOS="1461" HPOS="708" CONTENT="hoc"/>
                  <SP HEIGHT="48" WIDTH="14" VPOS="1461" HPOS="807"/>
                  <String HEIGHT="48"
                          WIDTH="114"
                          VPOS="1461"
                          HPOS="765"
                          CONTENT="post"/>
                  <SP HEIGHT="48" WIDTH="14" VPOS="1461" HPOS="878"/>
                  <String HEIGHT="48"
                          WIDTH="142"
                          VPOS="1461"
                          HPOS="836"
                          CONTENT="illud,"/>
                  <SP HEIGHT="48" WIDTH="14" VPOS="1461" HPOS="978"/>
                  <String HEIGHT="48"
                          WIDTH="114"
                          VPOS="1461"
                          HPOS="935"
                          CONTENT="quod"/>
                  <SP HEIGHT="48" WIDTH="14" VPOS="1461" HPOS="1049"/>
                  <String HEIGHT="48"
                          WIDTH="199"
                          VPOS="1461"
                          HPOS="1006"
                          CONTENT="intendebat"/>
                  <SP HEIGHT="48" WIDTH="14" VPOS="1461" HPOS="1205"/>
                  <String HEIGHT="48"
                          WIDTH="71"
                          VPOS="1461"
                          HPOS="1148"
                          CONTENT="de"
                          SUBS_TYPE="HypPart1"
                          SUBS_CONTENT="declarare"/>
                  <HYP CONTENT="-"/>
               </TextLine>
               <TextLine ID="r2l70"
                         BASELINE="1546"
                         HEIGHT="46"
                         WIDTH="492"
                         VPOS="1500"
                         HPOS="731">
                  <String HEIGHT="46"
                          WIDTH="155"
                          VPOS="1500"
                          HPOS="717"
                          CONTENT="clarare"
                          SUBS_TYPE="HypPart2"
                          SUBS_CONTENT="declarare"/>
                  <SP HEIGHT="46" WIDTH="14" VPOS="1500" HPOS="872"/>
                  <String HEIGHT="46" WIDTH="84" VPOS="1500" HPOS="829" CONTENT="de"/>
                  <SP HEIGHT="46" WIDTH="14" VPOS="1500" HPOS="914"/>
                  <String HEIGHT="46"
                          WIDTH="281"
                          VPOS="1500"
                          HPOS="872"
                          CONTENT="improbabilitate,"/>
                  <SP HEIGHT="46" WIDTH="14" VPOS="1500" HPOS="1153"/>
                  <String HEIGHT="46"
                          WIDTH="127"
                          VPOS="1500"
                          HPOS="1096"
                          CONTENT="contiu"
                          SUBS_TYPE="HypPart1"
                          SUBS_CONTENT="contiuvente"/>
                  <HYP CONTENT="-"/>
               </TextLine>
               <TextLine ID="r2l72"
                         BASELINE="1586"
                         HEIGHT="53"
                         WIDTH="494"
                         VPOS="1533"
                         HPOS="723">
                  <String HEIGHT="53"
                          WIDTH="135"
                          VPOS="1533"
                          HPOS="708"
                          CONTENT="vente"
                          SUBS_TYPE="HypPart2"
                          SUBS_CONTENT="contiuvente"/>
                  <SP HEIGHT="53" WIDTH="15" VPOS="1533" HPOS="843"/>
                  <String HEIGHT="53"
                          WIDTH="210"
                          VPOS="1533"
                          HPOS="798"
                          CONTENT="ponentibus"/>
                  <SP HEIGHT="53" WIDTH="15" VPOS="1533" HPOS="1007"/>
                  <String HEIGHT="53"
                          WIDTH="135"
                          VPOS="1533"
                          HPOS="963"
                          CONTENT="omnia"/>
                  <SP HEIGHT="53" WIDTH="15" VPOS="1533" HPOS="1097"/>
                  <String HEIGHT="53"
                          WIDTH="150"
                          VPOS="1533"
                          HPOS="1052"
                          CONTENT="fuisse"/>
                  <SP HEIGHT="53" WIDTH="15" VPOS="1533" HPOS="1202"/>
                  <String HEIGHT="53"
                          WIDTH="75"
                          VPOS="1533"
                          HPOS="1142"
                          CONTENT="qe"
                          SUBS_TYPE="HypPart1"
                          SUBS_CONTENT="qescentia"/>
                  <HYP CONTENT="-"/>
               </TextLine>
               <TextLine ID="r2l74"
                         BASELINE="1621"
                         HEIGHT="58"
                         WIDTH="486"
                         VPOS="1563"
                         HPOS="726">
                  <String HEIGHT="58"
                          WIDTH="153"
                          VPOS="1563"
                          HPOS="712"
                          CONTENT="scentia"
                          SUBS_TYPE="HypPart2"
                          SUBS_CONTENT="qescentia"/>
                  <SP HEIGHT="58" WIDTH="14" VPOS="1563" HPOS="865"/>
                  <String HEIGHT="58"
                          WIDTH="153"
                          VPOS="1563"
                          HPOS="823"
                          CONTENT="tempore"/>
                  <SP HEIGHT="58" WIDTH="14" VPOS="1563" HPOS="976"/>
                  <String HEIGHT="58"
                          WIDTH="167"
                          VPOS="1563"
                          HPOS="934"
                          CONTENT="infinito"/>
                  <SP HEIGHT="58" WIDTH="14" VPOS="1563" HPOS="1101"/>
                  <String HEIGHT="58"
                          WIDTH="153"
                          VPOS="1563"
                          HPOS="1059"
                          CONTENT="propter"/>
                  <SP HEIGHT="58" WIDTH="14" VPOS="1563" HPOS="1212"/>
                  <String HEIGHT="58" WIDTH="56" VPOS="1563" HPOS="1156" CONTENT="al"/>
               </TextLine>
               <TextLine ID="r2l76"
                         BASELINE="1651"
                         HEIGHT="37"
                         WIDTH="494"
                         VPOS="1614"
                         HPOS="722">
                  <String HEIGHT="37"
                          WIDTH="139"
                          VPOS="1614"
                          HPOS="707"
                          CONTENT="terum"/>
                  <SP HEIGHT="37" WIDTH="15" VPOS="1614" HPOS="846"/>
                  <String HEIGHT="37"
                          WIDTH="170"
                          VPOS="1614"
                          HPOS="799"
                          CONTENT="duorum:"/>
                  <SP HEIGHT="37" WIDTH="15" VPOS="1614" HPOS="969"/>
                  <String HEIGHT="37"
                          WIDTH="108"
                          VPOS="1614"
                          HPOS="923"
                          CONTENT="aut"/>
                  <SP HEIGHT="37" WIDTH="15" VPOS="1614" HPOS="1031"/>
                  <String HEIGHT="37" WIDTH="93" VPOS="1614" HPOS="984" CONTENT="ad"/>
                  <SP HEIGHT="37" WIDTH="15" VPOS="1614" HPOS="1077"/>
                  <String HEIGHT="37"
                          WIDTH="201"
                          VPOS="1614"
                          HPOS="1015"
                          CONTENT="declarandum"/>
               </TextLine>
               <TextLine ID="r2l78"
                         BASELINE="1698"
                         HEIGHT="48"
                         WIDTH="490"
                         VPOS="1650"
                         HPOS="726">
                  <String HEIGHT="48"
                          WIDTH="110"
                          VPOS="1650"
                          HPOS="714"
                          CONTENT="quod,"/>
                  <SP HEIGHT="48" WIDTH="12" VPOS="1650" HPOS="824"/>
                  <String HEIGHT="48" WIDTH="74" VPOS="1650" HPOS="787" CONTENT="si"/>
                  <SP HEIGHT="48" WIDTH="12" VPOS="1650" HPOS="861"/>
                  <String HEIGHT="48"
                          WIDTH="123"
                          VPOS="1650"
                          HPOS="824"
                          CONTENT="fuerit"/>
                  <SP HEIGHT="48" WIDTH="12" VPOS="1650" HPOS="947"/>
                  <String HEIGHT="48"
                          WIDTH="135"
                          VPOS="1650"
                          HPOS="910"
                          CONTENT="positum"/>
                  <SP HEIGHT="48" WIDTH="12" VPOS="1650" HPOS="1045"/>
                  <String HEIGHT="48"
                          WIDTH="98"
                          VPOS="1650"
                          HPOS="1008"
                          CONTENT="quod"/>
                  <SP HEIGHT="48" WIDTH="12" VPOS="1650" HPOS="1106"/>
                  <String HEIGHT="48"
                          WIDTH="110"
                          VPOS="1650"
                          HPOS="1069"
                          CONTENT="omnia"/>
                  <SP HEIGHT="48" WIDTH="12" VPOS="1650" HPOS="1179"/>
                  <String HEIGHT="48"
                          WIDTH="86"
                          VPOS="1650"
                          HPOS="1130"
                          CONTENT="erant"/>
               </TextLine>
               <TextLine ID="r2l80"
                         BASELINE="1736"
                         HEIGHT="52"
                         WIDTH="487"
                         VPOS="1684"
                         HPOS="731">
                  <String HEIGHT="52"
                          WIDTH="229"
                          VPOS="1684"
                          HPOS="717"
                          CONTENT="quiescentia,"/>
                  <SP HEIGHT="52" WIDTH="14" VPOS="1684" HPOS="946"/>
                  <String HEIGHT="52"
                          WIDTH="143"
                          VPOS="1684"
                          HPOS="903"
                          CONTENT="deinde"/>
                  <SP HEIGHT="52" WIDTH="14" VPOS="1684" HPOS="1046"/>
                  <String HEIGHT="52"
                          WIDTH="215"
                          VPOS="1684"
                          HPOS="1003"
                          CONTENT="incoeperunt"/>
                  <SP HEIGHT="52" WIDTH="14" VPOS="1684" HPOS="1218"/>
                  <String HEIGHT="52" WIDTH="57" VPOS="1684" HPOS="1161" CONTENT="mo"/>
               </TextLine>
               <TextLine ID="r2l82"
                         BASELINE="1771"
                         HEIGHT="46"
                         WIDTH="479"
                         VPOS="1725"
                         HPOS="734">
                  <String HEIGHT="46"
                          WIDTH="111"
                          VPOS="1725"
                          HPOS="722"
                          CONTENT="ueri,"/>
                  <SP HEIGHT="46" WIDTH="12" VPOS="1725" HPOS="832"/>
                  <String HEIGHT="46"
                          WIDTH="98"
                          VPOS="1725"
                          HPOS="795"
                          CONTENT="quod"/>
                  <SP HEIGHT="46" WIDTH="12" VPOS="1725" HPOS="894"/>
                  <String HEIGHT="46" WIDTH="86" VPOS="1725" HPOS="857" CONTENT="non"/>
                  <SP HEIGHT="46" WIDTH="12" VPOS="1725" HPOS="943"/>
                  <String HEIGHT="46"
                          WIDTH="147"
                          VPOS="1725"
                          HPOS="906"
                          CONTENT="sequitur"/>
                  <SP HEIGHT="46" WIDTH="12" VPOS="1725" HPOS="1053"/>
                  <String HEIGHT="46" WIDTH="74" VPOS="1725" HPOS="1016" CONTENT="in"/>
                  <SP HEIGHT="46" WIDTH="12" VPOS="1725" HPOS="1090"/>
                  <String HEIGHT="46"
                          WIDTH="135"
                          VPOS="1725"
                          HPOS="1053"
                          CONTENT="omnibus"/>
                  <SP HEIGHT="46" WIDTH="12" VPOS="1725" HPOS="1188"/>
                  <String HEIGHT="46"
                          WIDTH="74"
                          VPOS="1725"
                          HPOS="1139"
                          CONTENT="hoc,"/>
               </TextLine>
               <TextLine ID="r2l84"
                         BASELINE="1812"
                         HEIGHT="47"
                         WIDTH="480"
                         VPOS="1765"
                         HPOS="733">
                  <String HEIGHT="47"
                          WIDTH="117"
                          VPOS="1765"
                          HPOS="721"
                          CONTENT="ilicet"/>
                  <SP HEIGHT="47" WIDTH="12" VPOS="1765" HPOS="838"/>
                  <String HEIGHT="47" WIDTH="70" VPOS="1765" HPOS="803" CONTENT="vt"/>
                  <SP HEIGHT="47" WIDTH="12" VPOS="1765" HPOS="873"/>
                  <String HEIGHT="47"
                          WIDTH="105"
                          VPOS="1765"
                          HPOS="838"
                          CONTENT="causa"/>
                  <SP HEIGHT="47" WIDTH="12" VPOS="1765" HPOS="944"/>
                  <String HEIGHT="47"
                          WIDTH="105"
                          VPOS="1765"
                          HPOS="909"
                          CONTENT="motus"/>
                  <SP HEIGHT="47" WIDTH="12" VPOS="1765" HPOS="1014"/>
                  <String HEIGHT="47" WIDTH="82" VPOS="1765" HPOS="979" CONTENT="sit"/>
                  <SP HEIGHT="47" WIDTH="12" VPOS="1765" HPOS="1061"/>
                  <String HEIGHT="47"
                          WIDTH="94"
                          VPOS="1765"
                          HPOS="1026"
                          CONTENT="alia"/>
                  <SP HEIGHT="47" WIDTH="12" VPOS="1765" HPOS="1119"/>
                  <String HEIGHT="47" WIDTH="59" VPOS="1765" HPOS="1084" CONTENT="a"/>
                  <SP HEIGHT="47" WIDTH="12" VPOS="1765" HPOS="1143"/>
                  <String HEIGHT="47"
                          WIDTH="82"
                          VPOS="1765"
                          HPOS="1108"
                          CONTENT="cam"/>
                  <SP HEIGHT="47" WIDTH="12" VPOS="1765" HPOS="1190"/>
                  <String HEIGHT="47"
                          WIDTH="70"
                          VPOS="1765"
                          HPOS="1143"
                          CONTENT="quie"/>
               </TextLine>
               <TextLine ID="r2l86"
                         BASELINE="1842"
                         HEIGHT="45"
                         WIDTH="496"
                         VPOS="1797"
                         HPOS="725">
                  <String HEIGHT="45"
                          WIDTH="110"
                          VPOS="1797"
                          HPOS="711"
                          CONTENT="tis,"/>
                  <SP HEIGHT="45" WIDTH="14" VPOS="1797" HPOS="821"/>
                  <String HEIGHT="45" WIDTH="69" VPOS="1797" HPOS="780" CONTENT="&amp;"/>
                  <SP HEIGHT="45" WIDTH="14" VPOS="1797" HPOS="849"/>
                  <String HEIGHT="45"
                          WIDTH="124"
                          VPOS="1797"
                          HPOS="808"
                          CONTENT="causa"/>
                  <SP HEIGHT="45" WIDTH="14" VPOS="1797" HPOS="932"/>
                  <String HEIGHT="45"
                          WIDTH="124"
                          VPOS="1797"
                          HPOS="890"
                          CONTENT="motus"/>
                  <SP HEIGHT="45" WIDTH="14" VPOS="1797" HPOS="1014"/>
                  <String HEIGHT="45"
                          WIDTH="138"
                          VPOS="1797"
                          HPOS="973"
                          CONTENT="illius"/>
                  <SP HEIGHT="45" WIDTH="14" VPOS="1797" HPOS="1111"/>
                  <String HEIGHT="45"
                          WIDTH="138"
                          VPOS="1797"
                          HPOS="1069"
                          CONTENT="causae"/>
                  <SP HEIGHT="45" WIDTH="14" VPOS="1797" HPOS="1207"/>
                  <String HEIGHT="45"
                          WIDTH="69"
                          VPOS="1797"
                          HPOS="1152"
                          CONTENT="sit"/>
               </TextLine>
            </TextBlock>
         </PrintSpace>
      </Page>
   </Layout>
</alto>
