1416 2066
221 172 96 54 Cum
276 172 192 54 declarauit
427 172 110 54 quod
495 172 137 54 tempus
591 172 96 54 est
632 172 69 54 nu-

173 219 120 47 merus
253 219 133 47 motus,
346 219 67 47 &
372 219 107 47 quod
439 219 146 47 instans
546 219 93 47 est
585 219 107 47 termi-

194 255 95 42 nus
249 255 123 42 inter
331 255 136 42 tempus
426 255 218 42 praeteritum,
604 255 68 42 &
617 255 82 42 fu

192 293 130 37 turum,
283 293 104 37 vult
348 293 169 37 declarare
477 293 104 37 quod
542 293 117 37 omnis
607 293 91 37 trans

190 333 150 35 mutatio
299 333 95 35 est
354 333 82 35 in
395 333 164 35 tempore,
518 333 68 35 &
545 333 109 35 quod
600 333 95 35 impos

190 366 135 47 sibile
285 366 95 47 est
339 366 81 47 vt
380 366 135 47 aliqua
475 366 217 47 transmutatio
637 366 68 47 sit

187 413 100 35 non
244 413 86 35 in
287 413 171 35 tempore,
415 413 86 35 v.
458 413 71 35 &
487 413 86 35 in
530 413 186 35 instanti,
658 413 43 35 &

190 441 144 36 dixit:
291 441 101 36 Et.
348 441 101 36 cum
406 441 101 36 iam
449 441 231 36 determinauimus

189 477 108 37 &c.
250 477 92 37 i.
296 477 92 37 &,
342 477 108 37 cum
404 477 108 37 iam
450 477 246 37 determinauimus

182 515 240 48 substantiam
374 515 192 48 temporis
517 515 112 48 hoc
581 515 144 48 modo.

191 553 174 48 manifestum
327 553 87 48 est
377 553 74 48 ex
414 553 99 48 hoc,
476 553 99 48 quod
538 553 112 48 omnis
600 553 99 48 trans-

189 589 181 37 mutatio,
324 589 75 37 &
355 589 136 37 omnis
445 589 136 37 motus
535 589 105 37 est
596 589 90 37 in
626 589 75 37 tem

193 626 118 50 pore,
272 626 66 50 &
298 626 105 50 quod
364 626 197 50 impossibile
521 626 92 50 est
574 626 79 50 vt
600 626 92 50 motus

191 663 105 43 siat
256 663 78 43 in
296 663 157 43 instanti
413 663 222 43 indiuisibili.
596 663 78 43 Et
623 663 78 43 vide

188 701 102 50 tur
247 701 131 50 ipsum
334 701 190 50 intendere
480 701 102 50 per
539 701 146 50 motum,
626 701 73 50 mo-

197 740 87 46 tum
246 740 211 46 translationis
420 740 149 46 proprie,
531 740 62 46 &
556 740 87 46 per
593 740 99 46 trans-

190 776 227 37 mutationem
368 776 146 37 omnes
466 776 146 37 modos
547 776 146 37 motuum:

193 812 78 47 &
225 812 109 47 hoc
287 812 125 47 erit
365 812 94 47 ad
412 812 265 47 confiimandum.
615 812 78 47 Et,

192 852 85 39 si
234 852 198 39 intendebat
390 852 99 39 per
446 852 127 39 motum
531 852 141 39 illud.
616 852 85 39 quod

194 887 189 43 intendebat
342 887 94 43 per
396 887 269 43 transmutationem,
611 887 81 43 tunc

196 925 173 48 vteretur
326 925 188 48 nominibus
470 925 202 48 synonimis,
614 925 87 48 quod

204 962 176 50 difplicet
340 962 243 50 expositoribus.
542 962 95 50 Et,
596 962 95 50 cum
637 962 54 50 po

193 999 110 52 suit,
266 999 98 52 quid
328 999 123 52 illud,
413 999 98 52 quod
475 999 98 52 vult
536 999 159 52 declarare
646 999 49 52 in

194 1037 98 43 hoc
250 1037 126 43 loco,
334 1037 98 43 est
390 1037 112 43 quod
459 1037 126 43 omnis
529 1037 168 43 transmuta-

191 1085 118 29 tio,
265 1085 73 29 &
294 1085 132 29 omnis
382 1085 132 29 motus
471 1085 103 29 est
529 1085 88 29 in
559 1085 132 29 tempore

191 1112 159 42 incoepit
310 1112 173 42 declarare
443 1112 106 42 hoc,
509 1112 66 42 &
536 1112 133 42 dixit:
615 1112 80 42 velo

192 1155 102 40 cius
256 1155 115 40 enim,
333 1155 64 40 &
358 1155 153 40 tardius,
473 1155 89 40 &c.
524 1155 77 40 i.
550 1155 153 40 manifestum

182 1188 98 39 est
238 1188 112 39 enim
308 1188 98 39 per
363 1188 84 39 se
405 1188 112 39 quod
475 1188 126 39 omnis
545 1188 153 39 transmuta

185 1229 109 38 tio,
254 1229 68 38 &
281 1229 123 38 omnis
363 1229 123 38 motus
445 1229 191 38 disponitur
595 1229 82 38 in
623 1229 68 38 re-

195 1263 137 49 spectu
291 1263 164 49 alterius
414 1263 137 49 motus,
510 1263 96 49 aut
564 1263 96 49 per
605 1263 96 49 velo-

188 1301 163 48 citatem,
311 1301 95 48 aut
365 1301 95 48 per
420 1301 204 48 tarditatem.
583 1301 95 48 Et,
624 1301 68 48 cum

183 1345 143 42 posuit
283 1345 115 42 hanc
355 1345 258 42 propositionem,
556 1345 143 42 incaepit

192 1381 175 45 exponere
323 1381 146 45 nomen,
425 1381 116 45 quod
498 1381 204 45 significat
644 1381 58 45 ve

190 1412 188 51 locitatem,
337 1412 67 51 &
364 1412 134 51 dixit:
458 1412 80 51 Et
498 1412 188 51 intelligo,
632 1412 67 51 &c.

187 1451 79 40 i.
226 1451 66 40 &
253 1451 105 40 quod
318 1451 144 40 dicitur
423 1451 105 40 esse
489 1451 158 40 velocius
594 1451 105 40 altero

191 1488 143 50 duorum
291 1488 157 50 motorum
405 1488 100 50 est
462 1488 143 50 illud,
562 1488 114 50 quod
620 1488 71 50 pre

185 1532 185 40 acquirit
323 1532 123 40 rem,
400 1532 92 40 ad
446 1532 123 40 quam
523 1532 169 40 mouetur
631 1532 62 40 in

189 1560 206 42 dimensione
351 1560 177 42 aequali,
484 1560 74 42 &
513 1560 103 42 vno
572 1560 118 42 modo
631 1560 59 42 mo

188 1601 110 41 tus.
257 1601 69 41 &
285 1601 96 41 hoc
340 1601 206 41 intendebat,
505 1601 96 41 cum
560 1601 138 41 dixit:
642 1601 55 41 in

188 1635 108 51 motu
255 1635 188 51 aequalisci
403 1635 81 51 i.
443 1635 81 51 in
484 1635 148 51 specie.
578 1635 121 51 quoniam

196 1672 95 42 non
251 1672 149 42 dicitur
359 1672 108 42 quod
426 1672 135 42 illud,
521 1672 108 42 quod
575 1672 122 42 mouetur

188 1708 78 55 in
227 1708 155 55 circulo,
343 1708 90 55 est
395 1708 155 55 velocius
511 1708 116 55 illo,
589 1708 103 55 quod
640 1708 52 55 mo

171 1753 134 45 uetur
260 1753 89 45 in
305 1753 149 45 recto.
409 1753 179 45 D.Iduxit
528 1753 164 45 exemplum,

173 1787 64 55 &
199 1787 128 55 dixit,
288 1787 77 55 v.
327 1787 77 55 g.
365 1787 77 55 in
404 1787 218 55 translatione,
583 1787 90 55 &c.
634 1787 77 55 i.
660 1787 38 55 &

714 173 134 53 illud,
807 173 107 53 quod
874 173 107 53 ante
941 173 188 53 pertransit
1076 173 147 53 circulum,

712 216 95 43 aut
767 216 136 43 lineam
862 216 150 43 rectam,
972 216 123 43 illud
1053 216 150 43 dicitur
1149 216 68 43 ve-

722 253 126 45 ocius.
810 253 88 45 Et,
861 253 88 45 cum
911 253 126 45 posuit
999 253 101 45 quod
1062 253 151 45 velocius
1162 253 63 45 est

723 293 223 46 praeacquirens
906 293 131 46 dixit:
998 293 79 46 Et
1024 293 197 46 praeacquirens

712 326 95 44 est
767 326 205 44 praecedens.
931 326 68 44 &
958 326 95 44 hoc
1012 326 191 44 manifestum
1149 326 68 44 est

721 364 91 38 per
773 364 91 38 se.
825 364 91 38 Et,
878 364 91 38 cum
930 364 170 38 conclusit
1060 364 78 38 ex
1100 364 91 38 his
1139 364 78 38 dua-

710 401 95 41 bus
765 401 259 41 propositionibos
983 401 109 41 quod
1051 401 109 41 omne
1105 401 109 41 trans-

712 443 157 48 mutatum,
829 443 91 48 aut
882 443 91 48 est
934 443 131 48 prius,
1025 443 91 48 aut
1064 443 144 48 posterius

720 485 129 46 posuit
811 485 116 46 etiam
888 485 103 46 quod
953 485 103 46 omne
1017 485 129 46 prius,
1108 485 65 46 &
1121 485 90 46 poste

718 515 100 41 rius
781 515 88 41 est
831 515 75 41 in
869 515 125 41 tpere.
956 515 63 41 &
981 515 75 41 ad
1019 515 188 41 declarandum
1156 515 63 41 hoc

718 550 152 52 exposuit
832 550 101 52 haec
895 550 114 52 nonia
971 550 126 52 prius,
1059 550 63 52 &
1072 550 139 52 posterius

718 589 61 51 &
742 589 123 51 dixit:
828 589 135 51 dicitur
926 589 98 51 enim
987 589 172 51 posterius,
1122 589 98 51 s&c.
1171 589 49 51 i.

718 625 73 41 &
747 625 145 41 prius,
848 625 73 41 &
877 625 189 41 posterius
1022 625 87 41 in
1066 625 116 41 motu
1124 625 102 41 defi-

721 663 133 43 niuntur
818 663 85 43 per
866 663 121 43 rpeos.
950 663 157 43 posterius
1071 663 97 43 enim
1119 663 97 43 duorum

714 700 151 38 motorum
824 700 96 38 est
879 700 165 38 remotius
1003 700 83 38 ab
1044 700 179 38 instanti,
1168 700 55 38 ex

715 741 93 45 quo
768 741 160 45 incoepit
888 741 133 45 motus,
981 741 66 45 &
1007 741 120 45 prius
1087 741 120 45 eorum
1154 741 66 45 est

725 773 198 54 propinquius.
885 773 87 54 Et,
935 773 87 54 cum
984 773 124 54 posuit
1071 773 99 54 quod
1132 773 74 54 in
1157 773 62 54 de-

718 811 168 53 finitione
847 811 155 53 prioris,
963 811 64 53 &
989 811 193 53 posterioris
1131 811 90 53 acci-

721 852 109 47 pitur
794 852 146 47 instans,
903 852 146 47 incoepit
1012 852 146 47 definire
1110 852 109 47 instas,

718 885 82 53 ad
759 885 204 53 declarandum
923 885 82 53 ex
963 885 95 53 hoc
1018 885 109 53 quod
1086 885 136 53 prius,
1181 885 68 53 &

723 926 170 38 posterius
854 926 105 38 sunt
920 926 79 38 in
959 926 157 38 tempore,
1077 926 66 38 &
1103 926 131 38 dixit:
1182 926 39 38 &

718 963 134 41 instans
815 963 85 41 est
864 963 159 41 terminus,
986 963 85 41 &c.
1035 963 73 41 I.
1059 963 159 41 differentia

718 1009 147 33 ommunis,
828 1009 110 33 sicut
902 1009 147 33 pfnctus,
1012 1009 86 33 qui
1061 1009 86 33 est
1098 1009 123 33 terminus

717 1037 137 53 ommunis
816 1037 112 53 inter
890 1037 99 53 duas
952 1037 137 53 lineas.
1052 1037 99 53 ergo
1101 1037 112 53 manife-

724 1077 72 36 stum
769 1077 63 36 est
805 1077 72 36 quod
850 1077 99 36 instans
923 1077 63 36 est
959 1077 54 36 in
986 1077 81 36 tpre,
1040 1077 108 36 secundum
1122 1077 72 36 quod
1158 1077 63 36 finis

716 1118 95 36 est
771 1118 81 36 in
811 1118 149 36 finito,
919 1118 68 36 &
946 1118 162 36 terminus
1068 1118 81 36 in
1095 1118 122 36 termina

718 1147 88 44 to.
769 1147 63 44 &
794 1147 88 44 hoc
844 1147 188 44 intendebat,
994 1147 88 44 cum
1044 1147 125 44 dixit:
1131 1147 63 44 &
1144 1147 75 44 ideo

721 1188 126 50 instans
812 1188 80 50 est
858 1188 103 50 etiam
927 1188 69 50 in
962 1188 138 50 tempore.
1065 1188 69 50 Et
1088 1188 126 50 syllogis-

716 1226 89 41 mus
767 1226 178 41 componitur
907 1226 101 41 sic.
970 1226 140 41 Instans
1071 1226 89 41 est
1110 1226 101 41 termi-

712 1262 96 50 nus
767 1262 137 50 duorum
863 1262 178 50 temporum,
999 1262 68 50 &
1026 1262 123 50 omnis
1095 1262 109 50 termin

715 1301 90 39 est
767 1301 77 39 in
805 1301 90 39 re,
857 1301 116 39 cuius
934 1301 90 39 est
985 1301 167 39 terminus:
1114 1301 103 39 ergo
1166 1301 51 39 in

718 1336 113 42 stans
794 1336 88 42 est
844 1336 75 42 in
881 1336 88 42 re,
932 1336 113 42 cuius
1007 1336 88 42 est
1057 1336 163 42 terminus:
1170 1336 50 42 Et

717 1381 95 35 res,
776 1381 106 35 cuius
847 1381 83 35 est
895 1381 154 35 terminus,
1013 1381 83 35 est
1060 1381 130 35 tempus:
1143 1381 71 35 ergo

717 1413 98 38 instans
788 1413 62 38 est
824 1413 53 38 in
850 1413 106 38 tempore,
930 1413 106 38 scilicet
1010 1413 106 38 secundum
1090 1413 71 38 quod
1125 1413 89 38 terminus

712 1451 83 46 est
760 1451 71 46 in
795 1451 166 46 terminato.
926 1451 83 46 Et,
973 1451 83 46 cum
1020 1451 166 46 declarauit
1151 1451 95 46 quod

713 1486 76 44 in
751 1486 113 44 stans
827 1486 88 44 est
877 1486 76 44 in
915 1486 151 44 tempose,
1028 1486 63 44 &
1053 1486 88 44 iam
1091 1486 126 44 declara-

721 1524 84 40 uit
769 1524 96 40 quod
829 1524 157 40 posterius
950 1524 84 40 est
998 1524 145 40 remotius
1107 1524 72 40 ab
1131 1524 96 40 instam

719 1563 85 47 ti,
767 1563 61 47 &
792 1563 109 47 prius
865 1563 85 47 est
913 1563 182 47 propinquus,
1059 1563 122 47 dixit:
1132 1563 85 47 prius

721 1597 108 51 enim,
793 1597 60 51 &
817 1597 168 51 posterius,
949 1597 84 51 &c.
997 1597 72 51 i.
1033 1597 84 51 &c.
1081 1597 84 51 cum
1129 1597 84 51 sit
1165 1597 60 51 de-

719 1636 151 50 claratum
833 1636 101 50 quod
896 1636 164 50 posterius
1022 1636 88 50 est
1072 1636 126 50 illud,
1147 1636 76 50 quod

718 1677 93 37 est
771 1677 159 37 remotius
890 1677 80 37 ab
930 1677 173 37 instanti,
1063 1677 66 37 &
1089 1677 119 37 prius
1156 1677 66 37 est

726 1714 212 49 propinquius,
898 1714 66 49 &
925 1714 146 49 instans
1031 1714 93 49 est
1084 1714 80 49 in
1111 1714 106 49 tempo-

716 1756 87 44 re,
765 1756 149 44 sequitur
877 1756 74 44 ex
914 1756 99 44 hoc,
976 1756 99 44 quod
1037 1756 124 44 prius,
1124 1756 62 44 &
1136 1756 87 44 poste

716 1787 110 55 rius
785 1787 110 55 sunt
854 1787 83 55 in
896 1787 166 55 tempore.
1020 1787 152 55 quoniam
1117 1787 110 55 illud,
