1416 2066
140 173 141 54 medicus
243 173 103 54 agit
307 173 154 54 aliquid,
422 173 90 54 aut
474 173 154 54 patitur,
576 173 77 54 fue-

157 214 81 52 rit
204 214 105 52 sicut
274 214 116 52 dicere
355 214 93 52 quod
413 214 70 52 ex
448 214 81 52 non
494 214 93 52 ente
552 214 81 52 fit
587 214 70 52 ali-

154 253 105 45 quid,
224 253 82 45 aut
271 253 94 45 quod
330 253 82 45 non
376 253 82 45 ens
423 253 140 45 patitur,
528 253 58 45 &
552 253 105 45 sicut
610 253 47 45 di

151 292 85 46 cere
205 292 96 46 etiam
269 292 85 46 quod
322 292 64 46 ex
354 292 75 46 non
397 292 85 46 ente
450 292 139 46 generatur
546 292 107 46 aliquid,

151 332 86 38 aut
200 332 99 38 quod
262 332 86 38 non
311 332 86 38 ens
361 332 148 38 patitur,
472 332 173 38 manifestum
595 332 62 38 est

152 374 89 43 quod
208 374 134 43 secundum
308 374 123 43 numerum
398 374 134 43 modorum,
498 374 134 43 secundum
588 374 67 43 quos

156 405 116 49 dicitur
241 405 84 49 quod
294 405 116 49 medicus
378 405 95 49 agit,
441 405 74 49 aut
484 405 127 49 patitur,
579 405 74 49 aut
610 405 53 49 fit

153 443 66 42 ex
186 443 66 42 eo
219 443 132 42 aliquid,
318 443 121 42 dicitur
406 443 88 42 quod
461 443 77 42 non
505 443 77 42 ens
549 443 88 42 agit
593 443 66 42 hoc,

150 481 86 49 aut
199 481 148 49 patitur,
310 481 86 49 aut
359 481 86 49 fit
408 481 74 49 ex
445 481 74 49 eo
482 481 99 49 hoc.
532 481 135 49 D.icoepit

153 524 133 47 numerare
253 524 111 47 modos,
331 524 133 47 secundum
431 524 89 47 quos
486 524 122 47 dicitur
575 524 89 47 quod
620 524 44 47 me

154 565 111 43 dicus
228 565 99 43 agit
289 565 99 43 hoc,
351 565 86 43 aut
401 565 148 43 patitur,
512 565 62 43 &
524 565 136 43 notificat

163 599 97 43 quod
224 599 97 43 sunt
284 599 85 43 duo
333 599 109 43 modi,
406 599 97 43 vnus
467 599 85 43 per
515 599 85 43 se,
564 599 61 43 &
576 599 85 43 alius

153 634 97 50 per
209 634 181 50 accidens,
348 634 70 50 &
376 634 139 50 dixit:
473 634 153 50 Medicus
571 634 83 50 igit

149 671 182 42 aedificat,
292 671 91 42 &c.
344 671 78 42 i.
383 671 65 42 &
410 671 117 42 eidem
475 671 182 42 attribuuntur

157 716 125 41 plures
245 716 163 41 actiones,
371 716 88 41 aut
421 716 176 41 passiones,
546 716 113 41 quaedam

161 745 80 53 per
206 745 80 53 se,
252 745 126 53 quaedam
343 745 80 53 per
389 745 148 53 accidens.
503 745 69 53 v.
537 745 69 53 g.
560 745 103 53 quoniam

155 787 134 40 medico
248 787 201 40 attribuitur
409 787 120 40 actio
476 787 187 40 aedificandi,

164 827 53 44 &
186 827 117 44 dicitur
271 827 85 44 quod
324 827 117 44 medicus
409 827 149 44 aedificat,
526 827 75 44 aut
569 827 85 44 quod
611 827 43 44 ex

160 860 131 49 medico
252 860 92 49 fit
304 860 210 49 aedificatio.
475 860 66 49 &
501 860 92 49 hoc
554 860 92 49 est
593 860 66 49 per

154 897 111 43 acciuns
235 897 71 43 non
275 897 81 43 enim
326 897 131 43 aedificat
427 897 121 43 secundum
518 897 81 43 quod
568 897 71 43 est
598 897 61 43 medi

156 934 79 52 cus,
205 934 69 52 sed
245 934 118 52 secundum
333 934 79 52 quod
382 934 108 52 accidit
461 934 59 52 ei
490 934 79 52 quod
539 934 98 52 fuerit
598 934 59 52 aedi

162 969 124 58 ficator:
255 969 52 58 &
276 969 135 58 similiter
379 969 155 58 attribuitur
504 969 62 58 ei
535 969 83 58 pati
586 969 62 58 ab
607 969 52 58 al-

158 1013 130 38 bedine,
253 1013 83 38 sed
300 1013 83 38 non
347 1013 142 38 secundum
454 1013 95 38 quod
513 1013 83 38 est
549 1013 106 38 medicus

156 1050 71 40 sed
196 1050 121 40 secundum
287 1050 81 40 quod
338 1050 111 40 accidit
419 1050 101 40 medico
489 1050 81 40 quod
540 1050 121 40 fueritur
621 1050 40 40 ni

151 1093 101 45 ger.
215 1093 101 45 D.d.
278 1093 177 45 medicinare
417 1093 127 45 autem,
506 1093 89 45 &c.
557 1093 76 45 i.
582 1093 76 45 medi

151 1128 145 42 cinare
253 1128 145 42 autem,
355 1128 73 42 &
384 1128 102 42 non
442 1128 203 42 medicinare
587 1128 73 42 est

159 1173 65 46 ei
192 1173 76 46 per
235 1173 76 46 se,
278 1173 54 46 &
300 1173 130 46 secundum
397 1173 86 46 quod
451 1173 76 46 est
494 1173 130 46 medicus.
581 1173 86 46 dicere

157 1204 143 45 igitur
257 1204 157 45 medicum
371 1204 157 45 curare,
485 1204 100 45 aut
543 1204 71 45 a
557 1204 100 45 medi-

152 1245 83 38 co
194 1245 124 38 fieri
276 1245 193 38 curationem
428 1245 97 38 est
484 1245 124 38 aliud
566 1245 69 38 a
580 1245 83 38 dice

148 1279 82 43 re
189 1279 149 43 medicum
298 1279 204 43 aedificare,
461 1279 95 43 aut
502 1279 149 43 albefieri

151 1319 92 43 aut
203 1319 66 43 a
230 1319 131 43 medico
322 1319 118 43 fieri
400 1319 250 43 aedificationem,
597 1319 66 43 aut

152 1356 181 45 albedinem.
294 1356 104 45 D.d.
359 1356 181 45 manifestum
502 1356 104 45 est,
566 1356 91 45 &c.
605 1356 52 45 i.

156 1396 70 47 &
184 1396 99 47 cum
240 1396 155 47 passio,
353 1396 70 47 &
381 1396 127 47 actio
466 1396 99 47 non
508 1396 155 47 attribuit

158 1437 65 38 rei
195 1437 65 38 per
232 1437 65 38 se,
270 1437 75 38 nisi
317 1437 112 38 secundum
401 1437 75 38 quod
447 1437 65 38 est
485 1437 93 38 illud,
550 1437 65 38 cui
578 1437 75 38 attri-

157 1471 113 43 buitur,
239 1471 72 43 non
280 1471 123 43 secundum
372 1471 82 43 quod
423 1471 113 43 accidit
505 1471 62 43 ei
536 1471 103 43 aliud,
608 1471 51 43 &
618 1471 41 43 in

159 1509 111 51 tentio
237 1509 78 51 est
281 1509 177 51 praedicatio,
425 1509 89 51 quae
481 1509 78 51 est
525 1509 78 51 per
569 1509 78 51 se,
603 1509 55 51 ma-

156 1552 143 49 nifestum
264 1552 84 49 est
311 1552 96 49 quod
371 1552 120 49 dicere
455 1552 96 49 quod
515 1552 84 49 non
562 1552 84 49 ens
598 1552 60 49 sit

149 1592 98 43 ens,
210 1592 61 43 &
234 1592 98 43 quod
296 1592 73 43 ex
332 1592 86 43 non
381 1592 98 43 ente
443 1592 86 43 fit
492 1592 98 43 ens,
541 1592 122 43 intelli-

155 1621 107 56 gendum
230 1621 75 56 est
273 1621 86 56 quod
327 1621 75 56 non
370 1621 86 56 ens,
424 1621 129 56 secundum
520 1621 86 56 quod
574 1621 75 56 est
606 1621 54 56 non

152 1661 98 48 ens,
213 1661 86 48 sit
262 1661 98 48 ens,
324 1661 98 48 quod
385 1661 86 48 est
434 1661 196 48 impossibile.
581 1661 74 48 quod

154 1701 125 37 autem
238 1701 97 37 non
293 1701 97 37 ens
349 1701 97 37 fit
405 1701 111 37 ens,
474 1701 97 37 non
516 1701 139 37 secundum

150 1741 112 46 quod
220 1741 98 46 est
276 1741 98 46 non
332 1741 112 46 ens,
402 1741 98 46 sed
459 1741 168 46 secundum
571 1741 84 46 quod

158 1780 93 38 est
211 1780 146 38 aliquod
317 1780 106 38 ens,
383 1780 93 38 non
436 1780 93 38 est
476 1780 185 38 impossibile.

145 1814 109 52 illi
213 1814 150 52 igitur.
322 1814 150 52 Antiqui
431 1814 95 52 non
472 1814 190 52 distinxerunt

674 179 117 41 inter
752 179 131 41 illud,
844 179 104 41 quod
909 179 91 41 est
961 179 91 41 per
1013 179 91 41 se,
1066 179 65 41 &
1079 179 104 41 illud,

675 218 102 49 quod
739 218 89 49 est
790 218 89 49 per
841 218 166 49 accidens.
969 218 115 49 illud
1046 218 102 49 enim
1109 218 102 49 quod

681 254 93 44 est
734 254 93 44 per
787 254 173 44 accidens,
920 254 93 44 est
973 254 186 44 possibile,
1105 254 80 44 immo

678 290 227 53 necessarium,
862 290 71 53 &
890 290 142 53 illud,
990 290 113 53 quod
1060 290 99 53 est
1117 290 99 53 per

677 332 93 38 se,
730 332 93 38 est
783 332 212 38 impossibile.
955 332 106 38 ideo
1008 332 172 38 existimaue-

671 373 101 52 runt
734 373 101 52 quod
797 373 126 52 illud,
885 373 101 52 quod
948 373 88 52 est
999 373 88 52 per
1037 373 138 52 accidens,

672 412 99 30 est
729 412 227 30 impossibile:
913 412 71 30 &
941 412 99 30 sic
984 412 198 30 destruxerunt

668 452 258 40 generationes
878 452 177 40 omnino:
1007 452 129 40 vnde
1071 452 113 40 dixe-

681 485 110 37 runt,
754 485 98 37 quod
815 485 110 37 totum
888 485 85 37 ens
937 485 159 37 sensibile
1059 485 85 37 est
1096 485 85 37 vnum.

697 517 80 52 Et
737 517 186 52 declaratum
882 517 93 52 est
935 517 106 52 quod
1002 517 159 52 priuatio
1108 517 66 52 est

678 557 203 45 principium
837 557 232 45 generationis
1025 557 101 45 per
1069 557 101 45 acci-

678 596 117 51 dens,
756 596 65 51 &
782 596 104 51 quod
847 596 91 51 est
899 596 195 51 necessarium
1056 596 78 51 in
1082 596 91 51 gene-

684 630 113 44 ratione,
768 630 113 44 scilicet
853 630 113 44 secundum
938 630 75 44 quod
985 630 104 44 accidit
1061 630 123 44 subiecto,
1145 630 38 44 ex

677 668 98 47 quo
733 668 98 47 est
789 668 197 47 generatio.
944 668 112 47 ergo
1014 668 155 47 necesse
1113 668 70 47 est

680 717 82 43 vt
721 717 178 43 generatio
858 717 96 43 sit
913 717 82 43 ex
953 717 96 43 non
1008 717 109 43 ente
1076 717 96 43 per
1117 717 55 43 ac

679 749 141 37 cidens,
782 749 64 37 &
808 749 90 37 est
859 749 193 37 impossibile
1013 749 90 37 per
1052 749 64 37 se.

715 780 112 46 Nos
779 780 144 46 autem
875 780 80 46 &
907 780 128 46 ipsi
987 780 176 46 dicimus
1099 780 80 46 fie

669 828 100 38 ri
719 828 167 38 quidem
836 828 150 38 nihil
937 828 251 38 simpliciter
1120 828 67 38 ex

679 869 103 46 eo,
738 869 118 46 quod
812 869 103 46 non
871 869 118 46 est,
944 869 103 46 sed
1003 869 133 46 tamen
1077 869 103 46 fieri

677 911 92 43 ex
723 911 107 43 eo,
784 911 123 43 quod
860 911 107 43 non
922 911 123 43 est,
998 911 92 43 vt
1029 911 153 43 secundum

679 949 188 55 accidens.
823 949 87 55 ex
866 949 202 55 priuatione
1025 949 130 55 enim,
1098 949 72 55 eue

677 990 98 52 est
733 990 98 52 per
789 990 84 52 se
831 990 98 52 non
887 990 112 52 ens,
956 990 98 52 non
1012 990 84 52 ex
1054 990 98 52 eo,
1096 990 84 52 quod

673 1030 141 51 inest,
771 1030 112 51 fit.
842 1030 169 51 Mirabile
968 1030 127 51 autem
1052 1030 98 51 est
1095 1030 84 51 hoc,

675 1072 73 43 &
705 1072 218 43 impossibile
879 1072 102 43 sic
938 1072 131 43 videt
1025 1072 131 43 fieri
1098 1072 87 43 ali-

679 1115 123 55 quid
755 1115 92 55 ex
802 1115 108 55 eo,
863 1115 123 55 quod
940 1115 108 55 non
986 1115 92 55 est.

727 1156 92 58 Et
773 1156 107 58 nos
834 1156 137 58 etiam
925 1156 168 58 dicimus
1048 1156 122 58 quod
1109 1156 76 58 ni-

677 1205 100 56 hil
734 1205 100 56 fit
791 1205 143 56 omnino
892 1205 86 56 ex
935 1205 100 56 non
992 1205 115 56 ente
1050 1205 143 56 simplici

674 1251 121 60 ter,
750 1251 106 60 sed
810 1251 167 60 dicimus
931 1251 121 60 quod
1007 1251 167 60 aliquid
1113 1251 76 60 ge-

677 1308 151 46 neratur
787 1308 82 46 ex
828 1308 96 46 non
883 1308 124 46 ente.
965 1308 82 46 v.
1007 1308 82 46 g.
1048 1308 96 46 per
1089 1308 96 46 acci-

671 1341 145 62 dens.
767 1341 209 62 generatur
928 1341 129 62 enim
1008 1341 177 62 aliquid
1121 1341 64 62 ex

680 1393 224 57 briuatione,
859 1393 75 57 &
889 1393 105 57 est
949 1393 164 57 aliquod
1068 1393 105 57 non
1113 1393 75 57 ens

676 1436 87 62 per
725 1436 75 62 se
763 1436 125 62 absque
850 1436 87 62 eo,
900 1436 100 62 quod
962 1436 87 62 fit
1012 1436 75 62 in
1049 1436 87 62 eo.
1099 1436 75 62 Et
1124 1436 62 62 hoc

678 1485 167 62 tenetur
799 1485 106 62 pro
860 1485 242 62 improbabili,
1057 1485 76 62 &
1072 1485 121 62 existi

671 1533 134 63 matur
761 1533 119 63 esse
835 1533 224 63 impossibile
1014 1533 164 63 aliquid
1118 1533 75 63 ge-

672 1589 145 37 nerari
774 1589 87 37 ex
818 1589 102 37 non
861 1589 102 37 ente.

716 1629 98 37 Et
765 1629 115 37 nos
830 1629 229 37 conuenimus
1010 1629 115 37 cum
1076 1629 115 37 his
1125 1629 65 37 in

679 1661 103 46 hoc,
744 1661 103 46 quod
808 1661 116 46 nihil
885 1661 129 46 omuino
976 1661 90 46 fit
1027 1661 77 46 ex
1053 1661 129 46 simplici

680 1701 215 52 priuatione.
852 1701 172 52 quoniam,
980 1701 86 52 si
1023 1701 100 52 ita
1066 1701 115 52 esset,

681 1750 108 41 tunc
749 1750 95 41 ens
803 1750 203 41 inueniretur
966 1750 95 41 per
1020 1750 81 41 se
1060 1750 81 41 ex
1087 1750 95 41 priua

679 1785 129 33 tione,
770 1785 65 33 &
796 1785 91 33 sic
847 1785 155 33 priuatio
964 1785 129 33 posset
1042 1785 142 33 alterari.

672 1820 101 38 sed
729 1820 158 38 dicimus
844 1820 158 38 aliquid
959 1820 172 38 generari
1088 1820 86 38 ex
1117 1820 72 38 non
