2592 3508
515 131 328 99 Scripturae
772 131 281 99 memorata
983 131 281 99 pericula
1194 131 375 99 designantes,
1499 131 211 99 quae,
1640 131 141 99 vt
1710 131 234 99 dictum
1874 131 188 99 est,

509 211 342 59 aliquando,
777 211 122 59 &
826 211 318 59 aliquibus
1070 211 269 59 clausae
1266 211 293 59 fuerunt;
1486 211 195 59 nunc
1608 211 269 59 aperiri
1779 211 244 59 videntur

509 275 162 72 per
601 275 300 72 quorundam
832 275 277 72 scripta,
1040 275 139 72 in
1109 275 323 72 Scripturis
1363 275 300 72 diuinitus
1594 275 370 72 praesignata,
1871 275 139 72 quae

506 346 266 88 nostris
699 346 338 88 temporibus
965 346 217 88 quasi
1110 346 362 88 manifestari
1400 346 314 88 videntur,
1642 346 145 88 vt
1714 346 242 88 infra,
1859 346 145 88 opi¬-

523 418 269 65 tulante
718 418 269 65 Domino,
914 418 269 65 plenius
1110 418 367 65 ostendetur.
1404 418 343 65 Praesertim
1673 418 220 65 autem
1820 418 147 65 ex
1894 418 171 65 eo,

516 475 204 59 quod
643 475 255 59 quidam
821 475 306 59 homines,
1051 475 178 59 per
1153 475 280 59 quasdam
1356 475 229 59 vitae
1509 475 357 59 nouitates,
1790 475 127 59 &
1815 475 204 59 super¬-

516 533 284 80 stitiones,
739 533 122 80 id
799 533 162 80 est,
901 533 182 80 super
1022 533 223 80 statuta
1184 533 263 80 Ecclesiae
1387 533 365 80 obseruationes,
1691 533 101 80 &
1731 533 324 80 traditiones,

511 603 174 60 sub
610 603 248 60 specie
784 603 347 60 Religionis
1057 603 124 60 &
1106 603 372 60 sanctitatis
1404 603 149 60 in
1478 603 322 60 sepopulum
1701 603 298 60 conuerten¬-

514 683 197 77 tes,
637 683 123 77 &
687 683 172 77 sic
785 683 271 77 fauorem
982 683 320 77 popularem
1228 683 369 77 quaerentes,
1524 683 222 77 prout
1671 683 222 77 infra
1794 683 222 77 plenius

509 741 387 86 ostendetur,
819 741 335 86 sustinere
1077 741 181 86 non
1180 741 284 86 possunt
1387 741 413 86 squemadmodùm
1722 741 155 86 de
1774 741 232 86 quibus¬-

505 809 173 51 dam
604 809 372 51 prophetauit
901 809 347 51 Apostolus)
1174 809 198 51 quod
1298 809 322 51 doctrinae
1545 809 223 51 huius
1694 809 297 51 veritas,
1892 809 124 51 li¬-

509 874 166 66 cet
604 874 332 66 Apostolica
865 874 190 66 sit,
984 874 119 66 &
1031 874 356 66 Evangelica,
1316 874 142 66 eo
1387 874 190 66 quod
1506 874 166 66 eis
1601 874 261 66 videtur
1790 874 261 66 aspera,

514 937 392 69 praedicetur;
832 937 171 69 sed
930 937 171 69 eam
1028 937 416 69 praedicantes,
1370 937 171 69 vel
1468 937 245 69 quoquo
1640 937 196 69 modo
1738 937 269 69 diuulgan¬-

499 994 198 66 tes,
623 994 173 66 non
722 994 223 66 solum
871 994 272 66 linguis
1069 994 347 66 maledicis,
1341 994 446 66 detrahentibus,
1713 994 124 66 &
1738 994 272 66 diffaman¬-

497 1065 263 59 tibus;
681 1065 236 59 verum
838 1065 263 59 etiam,
1022 1065 131 59 &
1075 1065 184 59 per
1180 1065 289 59 adeptam
1390 1065 289 59 Maiorum
1600 1065 158 59 ab
1679 1065 184 59 eis
1758 1065 236 59 circum¬-

505 1146 300 65 uentorum
730 1146 350 65 potentiam,
1004 1146 250 65 quibus
1179 1146 275 65 resisti
1379 1146 175 65 non
1479 1146 275 65 potest,
1678 1146 225 65 modis
1803 1146 200 65 insue¬-

493 1203 176 58 tis
593 1203 126 58 &
644 1203 327 58 mirandis,
895 1203 327 58 immaniter
1146 1203 427 58 persequuntur.
1498 1203 301 58 Qualiter
1724 1203 201 58 enim
1824 1203 176 58 quos¬-

496 1261 202 68 dam
612 1261 347 68 Doctorum
872 1261 375 68 nostrorum
1160 1261 260 68 nuper
1334 1261 520 68 praecedentium,
1767 1261 173 68 eo
1825 1261 173 68 quod

496 1330 268 69 ipsorum
690 1330 389 69 simulationes
1007 1330 122 69 &
1055 1330 292 69 fraudes,
1274 1330 170 69 per
1371 1330 341 69 testimonia
1639 1330 268 69 Diuinae
1809 1330 195 69 Scrip¬-

497 1395 236 65 turae
654 1395 393 65 aliquatenus
969 1395 393 65 detegebant,
1284 1395 184 65 tam
1389 1395 341 65 viuentes,
1651 1395 210 65 quam
1756 1395 236 65 mortuos

486 1461 286 62 fuerint
694 1461 364 62 persecuti,
979 1461 234 62 adhuc
1135 1461 260 62 tenent
1317 1461 338 62 memoriter
1577 1461 260 62 aliqui
1732 1461 260 62 moderno¬-

482 1530 189 58 rum;
601 1530 213 58 illos
743 1530 237 58 namque
909 1530 308 58 viuentes,
1145 1530 166 58 per
1240 1530 189 58 suas
1359 1530 379 58 detractiones
1666 1530 284 58 grauiter
1856 1530 142 58 dis¬-

482 1594 352 79 famarunt,
752 1594 271 79 eosdem
942 1594 216 79 vero
1077 1594 189 79 iam
1185 1594 298 79 mortuos
1402 1594 325 79 damnatos
1645 1594 216 79 esse
1754 1594 243 79 publice

473 1658 451 82 praedicarunt.
845 1658 292 82 Quosdam
1057 1658 212 82 vero
1190 1658 372 82 modernorum
1482 1658 345 82 Doctorum,
1747 1658 239 82 licet
1880 1658 106 82 mi

477 1730 177 58 nus
578 1730 304 58 scientes
806 1730 253 58 eamdem
983 1730 228 58 tamen
1135 1730 329 58 doctrinam
1389 1730 304 58 apertius
1617 1730 152 58 ad
1668 1730 329 58 instructio¬-

481 1794 178 58 nem
582 1794 356 58 simplicium
862 1794 407 58 publicantes,
1193 1794 153 58 ad
1269 1794 305 58 terrorem
1498 1794 280 58 aliorum
1702 1794 229 58 valde
1829 1794 153 58 gra¬-

485 1850 208 67 uius
615 1850 441 67 persequuntur;
978 1850 182 67 non
1082 1850 234 67 solum
1238 1850 182 67 eos
1342 1850 286 67 publice
1550 1850 415 67 distamantes,
1861 1850 130 67 ve¬-

481 1929 169 67 rum
578 1929 218 67 etiam
723 1929 315 67 facientes
965 1929 194 67 eos,
1086 1929 169 67 non
1183 1929 242 67 aperte
1352 1929 169 67 per
1449 1929 315 67 iudicium,
1691 1929 169 67 sed
1764 1929 218 67 occulte

480 1995 181 71 per
583 1995 335 71 potentiam
841 1995 310 71 Iudicum,
1074 1995 181 71 per
1177 1995 490 71 circumuentiones
1590 1995 310 71 occultas
1822 1995 129 71 &
1848 1995 129 71 mi¬-

468 2068 282 72 rabiles
674 2068 205 72 sibi
802 2068 359 72 fauentium,
1084 2068 205 72 immo
1213 2068 205 72 sibi
1341 2068 411 72 obedientium,
1675 2068 231 72 quasi
1803 2068 180 72 Homi¬-

476 2123 244 80 cidas,
646 2123 171 80 vel
744 2123 342 80 Sacrilegos
1012 2123 293 80 turpiter
1232 2123 317 80 relegari,
1476 2123 268 80 suisque
1646 2123 342 80 corporalibus

471 2187 480 66 sustentationibus
879 2187 480 66 immisericorditer
1287 2187 312 66 spoliari;
1527 2187 144 66 vt
1599 2187 288 66 videatur
1815 2187 144 66 in
1863 2187 120 66 eis

480 2258 275 57 impleta
680 2258 325 57 Prophetia
930 2258 275 57 Ioannis
1130 2258 300 57 Apostoli
1355 2258 275 57 Apocal.
1555 2258 150 57 9.
1630 2258 150 57 de
1680 2258 300 57 Praecurso¬-

481 2330 195 65 ribus
612 2330 326 65 Antichristi
872 2330 282 65 dicentis,
1089 2330 130 65 Et
1155 2330 261 65 locustae
1350 2330 261 65 exierunt
1546 2330 130 65 in
1611 2330 239 65 terram;
1785 2330 130 65 Id
1850 2330 174 65 est,

482 2395 277 80 Discipuli
695 2395 341 80 Antichristi,
972 2395 128 80 vt
1036 2395 213 80 inquit
1185 2395 213 80 Gloss.
1334 2395 235 80 Etidata
1505 2395 149 80 est
1590 2395 149 80 eis
1676 2395 277 80 potestas,
1867 2395 107 80 si¬-

467 2458 161 61 cut
559 2458 231 61 habent
721 2458 323 61 scorpiones
974 2458 254 61 terrae.
1159 2458 231 61 Gloss.
1320 2458 254 61 Scorpio
1505 2458 254 61 blandus
1689 2458 231 61 facie,
1828 2458 161 61 cauda

474 2521 227 75 pungit
633 2521 272 75 occulte;
837 2521 113 75 &
882 2521 181 75 post
996 2521 295 75 sequitur,
1222 2521 113 75 &
1267 2521 295 75 cruciatus
1494 2521 227 75 eorum,
1653 2521 204 75 sicut
1766 2521 204 75 crucia¬-

479 2587 156 63 tus
568 2587 334 63 Scorpionis,
835 2587 156 63 cum
924 2587 267 63 percutit
1125 2587 267 63 hominem.
1326 2587 223 63 Gloss.
1482 2587 156 63 Cum
1571 2587 178 63 data
1682 2587 156 63 sit
1749 2587 223 63 potestas

461 2656 293 65 cruciandi,
691 2656 147 65 non
775 2656 209 65 aperte
922 2656 314 65 tormentant;
1173 2656 147 65 sed
1256 2656 167 65 apud
1361 2656 272 65 Puincipes
1570 2656 230 65 saeculi
1738 2656 272 65 aceusant.
