2592 3508
481 141 149 136 Et
556 141 174 136 sic
655 141 174 136 ore
754 141 199 136 suo,
879 141 174 136 non
978 141 273 136 manibus
1177 141 422 136 persequuntur,
1524 141 149 136 vt
1574 141 273 136 impleanii

489 224 294 117 Prophetia
715 224 249 117 Dauidis
896 224 271 117 dicentis
1100 224 203 117 Psal.
1235 224 158 117 2I.
1326 224 316 117 Aperuerunt
1574 224 203 117 super
1710 224 181 117 mees
1800 224 136 117 squi

496 291 207 111 sicut
634 291 161 111 Leo
726 291 276 111 rapiens,
933 291 115 111 &
979 291 276 111 rugiens.
1186 291 138 111 Et
1255 291 161 111 nel
1346 291 253 111 fraudes
1530 291 207 111 eorum
1668 291 253 111 possint
1829 291 161 111 ilte¬-

479 370 194 101 rius
600 370 145 101 ab
673 370 218 101 illis
818 370 364 101 Doctoribus,
1109 370 170 101 per
1206 370 364 101 Scripturas,
1497 370 145 101 vt
1569 370 339 101 ccoperant,
1812 370 145 101 rene

484 419 208 104 lari;
623 419 254 104 idcirco
807 419 300 104 potestate
1039 419 254 104 publice
1223 419 277 104 docendi,
1431 419 116 104 &
1478 419 254 104 publice
1662 419 370 104 praedicandi,

484 484 247 109 simili
657 484 198 109 modo
781 484 297 109 fecerunt
1003 484 173 109 eos
1102 484 297 109 priuari;
1325 484 148 109 vt
1399 484 297 109 videatur
1621 484 148 109 in
1695 484 173 109 eis
1770 484 222 109 impleri

487 551 325 115 Prophetia
737 551 275 115 Ioannis
937 551 300 115 Apostoli
1162 551 225 115 Apoc.
1312 551 150 115 9.
1387 551 300 115 dicentis
1612 551 200 115 Post
1737 551 175 115 hec
1812 551 150 115 vidi

476 633 256 77 quatuor
662 633 279 77 Angelos,
871 633 163 77 sed
964 633 232 77 malos,
1126 633 256 77 stantes
1312 633 209 77 super
1452 633 256 77 quatuor
1638 633 256 77 angulos
1800 633 163 77 teria

484 704 131 98 id
550 704 174 98 est,
659 704 131 98 in
724 704 349 98 remotissimis
1007 704 196 98 etiam
1138 704 218 98 lotis,
1290 704 131 98 vt
1356 704 218 98 inquit
1508 704 218 98 Glass.
1661 704 261 98 Tenentes
1835 704 131 98 quae

479 760 184 87 tuor
594 760 230 87 ventos
756 760 254 87 terrae,
940 760 138 87 ne
1009 760 254 87 flarent
1193 760 207 87 super
1332 760 254 87 terram;
1516 760 138 87 Id
1585 760 184 87 est,
1677 760 300 87 prohibentes

491 824 279 107 veritatis
705 824 386 107 Praedicatores,
1027 824 129 107 ne
1091 824 279 107 veritatem
1306 824 193 107 illis
1434 824 236 107 asperam
1606 824 365 107 praedicarent;
1885 824 107 107 Vn¬-

484 884 133 96 de
550 884 221 96 Gloss.
705 884 177 96 Quia
816 884 133 96 in
882 884 243 96 tempore
1059 884 376 96 tribulationis
1369 884 310 96 nihilmagis
1612 884 155 96 est
1678 884 288 96 necessarium

481 962 181 87 quam
594 962 294 87 veritatis
821 962 362 87 praedicatio;
1115 962 181 87 ideo
1228 962 249 87 nititur
1409 962 271 87 Diabolus
1612 962 271 87 detinere
1816 962 158 87 eam
1884 962 90 87 is

473 1023 202 106 omni
599 1023 228 106 loco.
751 1023 177 106 Nec
852 1023 228 106 tamen
1004 1023 278 106 propter
1206 1023 177 106 has
1307 1023 455 106 persecutiones,
1687 1023 253 106 debent
1838 1023 152 106 veri

473 1081 279 101 Athletae
682 1081 279 101 Christi,
891 1081 116 101 a
937 1081 348 101 praedicanda
1216 1081 279 101 veritate
1425 1081 279 101 verborum
1634 1081 186 101 Dei,
1750 1081 209 101 salua
1866 1081 93 101 ta

472 1162 167 96 men
568 1162 143 96 ad
639 1162 335 96 Superiores
902 1162 359 96 obedientia,
1189 1162 335 96 ratardari;
1452 1162 143 96 vt
1524 1162 263 96 possint
1715 1162 191 96 vere
1811 1162 167 96 dice¬-

469 1225 147 96 re
543 1225 172 96 cum
641 1225 344 96 psalmista,
912 1225 270 96 Propter
1108 1225 221 96 verba
1256 1225 295 96 labiorum
1477 1225 246 96 tuorum
1649 1225 172 96 ego
1723 1225 270 96 custodiui

478 1283 187 109 vias
594 1283 234 109 duras.
758 1283 327 109 Recolentes
1015 1283 210 109 illud
1155 1283 304 109 Apostoli,
1389 1283 234 109 omnes,
1552 1283 164 109 qui
1646 1283 164 109 pie
1739 1283 234 109 volunt
1879 1283 117 109 vit

1628 1356 56 39 gei¬-

463 1361 193 82 uere
583 1361 145 82 in
656 1361 265 82 Christo
848 1361 217 82 lesu,
993 1361 410 82 persecutionem
1330 1361 337 82 patientur.
1595 1361 145 82 2.
1668 1361 265 82 Timoth.
1860 1361 145 82 3.
1909 1361 96 82 ax

469 1407 279 122 lioquin
672 1407 330 122 infideles
926 1407 254 122 essent
1104 1407 127 122 &
1154 1407 229 122 vani.
1307 1407 203 122 Vnde
1434 1407 229 122 super
1586 1407 229 122 illud
1738 1407 152 122 I.
1789 1407 178 122 Ihess

1896 1442 102 93 p

476 1489 141 103 2.
547 1489 259 103 Scitis,
735 1489 282 103 Fratres,
947 1489 306 103 introitum
1183 1489 259 103 nostrum
1371 1489 141 103 ad
1442 1489 188 103 vos,
1559 1489 235 103 idicit
1724 1489 235 103 Gloss.
1865 1489 118 103 Si¬-

464 1554 179 88 gnum
576 1554 157 88 est
665 1554 247 88 fidelis
845 1554 135 88 ac
912 1554 224 88 deuoti
1069 1554 404 88 Praedicatoris,
1406 1554 135 88 si
1473 1554 135 88 in
1540 1554 426 88 pressurailoquii
1877 1554 112 88 non

461 1622 264 105 timeat;
653 1622 240 105 inanis
821 1622 192 105 enim
941 1622 168 105 est
1037 1622 216 105 ille,
1181 1622 168 105 qui
1277 1622 264 105 terrore
1469 1622 312 105 praesenti
1685 1622 288 105 formidinem

467 1681 280 98 patitur
670 1681 407 98 praedicandi.
1000 1681 203 98 Item
1127 1681 330 98 Gregorius
1381 1681 203 98 Iib.
1509 1681 178 98 20.
1610 1681 229 98 Moral
1763 1681 152 98 ;i
1814 1681 152 98 sigi

472 1749 254 105 propter
657 1749 277 105 alicutus
865 1749 277 105 timorem,
1073 1749 185 105 siue
1188 1749 277 105 fauorem,
1396 1749 300 105 veritatem
1627 1749 231 105 tacuit
1766 1749 208 105 aliipum

478 1812 205 102 vidit
615 1812 319 102 vententem,
866 1812 114 102 &
911 1812 228 102 fugit;
1071 1812 159 102 qui
1162 1812 137 102 si
1230 1812 296 102 districte
1458 1812 319 102 iudicetur,
1709 1812 182 102 ersi
1800 1812 182 102 verse¬-

462 1881 208 74 cutio
601 1881 254 74 publica
785 1881 254 74 defuit,
970 1881 208 74 tamen
1109 1881 254 74 tacendo
1294 1881 277 74 Christum
1502 1881 277 74 negauit.
1710 1881 162 74 Nec
1779 1881 185 74 debete

455 1946 337 101 rubescere
714 1946 259 101 Seruus
895 1946 311 101 Christi,
1128 1946 181 101 sed
1232 1946 233 101 magis
1387 1946 155 101 in
1465 1946 259 101 Domino
1646 1946 337 101 gloriart,
1879 1946 104 101 ai

457 2008 278 103 propter
659 2008 328 103 veritatem
911 2008 278 103 Diuinae
1113 2008 354 103 Scripturae
1391 2008 303 103 patiatur
1618 2008 404 103 contumelias,

461 2081 167 77 cum
557 2081 287 77 Christus
772 2081 191 77 ipse
892 2081 167 77 sit
987 2081 263 77 veritas
1179 2081 215 77 Ioan.
1322 2081 167 77 I4.
1418 2081 191 77 Tunc
1537 2081 191 77 enim
1657 2081 167 77 non
1729 2081 239 77 patitur;

473 2146 210 109 quasi
612 2146 303 109 homicida,
845 2146 163 109 vel
938 2146 186 109 sur,
1055 2146 163 109 vel
1148 2146 233 109 aliter
1311 2146 349 109 criminosus;
1590 2146 163 109 sed
1684 2146 210 109 magis
1800 2146 163 109 patis

474 2212 184 103 tur,
589 2212 138 103 vt
658 2212 369 103 Christianus,
958 2212 207 103 iuxta
1096 2212 207 103 illud
1235 2212 138 103 I.
1304 2212 207 103 Petri
1442 2212 138 103 4.
1511 2212 184 103 Nemo
1626 2212 254 103 vestrum
1788 2212 184 103 patia¬-

466 2276 154 101 tur
554 2276 197 101 quasi
685 2276 285 101 homicida,
905 2276 154 101 aut
993 2276 176 101 sur,
1102 2276 154 101 aut
1190 2276 307 101 maledicus,
1431 2276 154 101 aut
1519 2276 285 101 alienorum
1717 2276 263 101 apperitor;

465 2337 139 98 si
534 2337 209 98 autem
674 2337 139 98 vt
743 2337 372 98 Christianus,
1045 2337 163 98 non
1138 2337 325 98 erubescat;
1394 2337 325 98 glorificet
1649 2337 209 98 autem
1788 2337 186 98 Deum
1881 2337 93 98 in

469 2397 181 102 isto
582 2397 249 102 nomine,
763 2397 249 102 quoniam
944 2397 226 102 tempus
1102 2397 181 102 est,
1215 2397 136 102 vt
1283 2397 271 102 incipiat
1486 2397 271 102 iudicium
1689 2397 113 102 a
1735 2397 294 102 DomoiDei.

468 2468 176 100 cum
568 2468 201 100 ergo
694 2468 176 100 tam
794 2468 351 100 praedicta,
1070 2468 201 100 quam
1196 2468 201 100 alia
1321 2468 226 100 multa
1472 2468 326 100 pericula,
1698 2468 276 100 praecipus

469 2538 221 84 autem
617 2538 392 84 spiritualia,
935 2538 172 84 per
1033 2538 319 84 huiusmodi
1279 2538 270 84 homines
1475 2538 319 84 immineant
1695 2538 270 84 Ecclesiae

465 2607 323 93 generali,
714 2607 149 93 vt
788 2607 224 93 infra
937 2607 273 93 plenius
1136 2607 373 93 ostendetur;
1434 2607 348 93 opportunum
1708 2607 199 93 esse
1807 2607 149 93 vide

470 2673 161 118 tur
562 2673 115 118 &
608 2673 369 118 necessarium,
908 2673 323 118 doctrinara
1161 2673 138 118 de
1231 2673 207 118 illis
1369 2673 369 118 cognoscendis
1668 2673 115 118 &
1691 2673 254 118 isitandis
