2592 3508
596 195 282 85 neralis,
808 195 118 85 &
855 195 235 85 contra
1020 195 259 85 illorum
1208 195 259 85 astutam
1397 195 306 85 malitiam,
1632 195 165 85 per
1726 195 188 85 quos
1844 195 188 85 illa
1938 195 165 85 peri¬-

584 253 217 61 cula
720 253 407 61 inducuntur.
1046 253 244 61 Omnia
1209 253 244 61 etiam
1372 253 272 61 dicere
1562 253 407 61 intendimus,
1861 253 244 61 secun¬i

595 316 174 97 dum
695 316 199 97 viam
819 316 224 97 suris
968 316 323 97 communis,
1217 316 174 97 tam
1316 316 274 97 diuini,
1515 316 199 97 quam
1640 316 274 97 humani,
1838 316 199 97 sine
1938 316 174 97 prae¬-

585 378 264 104 iudicio
777 378 336 104 sententiae
1041 378 312 104 moliorisi
1281 378 336 104 potestate,
1545 378 384 104 authoritate,
1833 378 264 104 dispensa¬-

595 450 305 83 tionibus,
829 450 376 83 priuilegiis,
1134 450 423 83 ordinarionibus
1487 450 211 83 Summi
1627 450 352 83 Pontifieis,
1909 450 141 83 ac
1956 450 141 83 Fra¬-

578 522 240 90 trum,
738 522 133 90 &
792 522 373 90 Superiorum
1085 522 293 90 suorum,
1298 522 160 90 in
1378 522 320 90 omnibus,
1617 522 133 90 &
1671 522 187 90 per
1777 522 266 90 omnla,
1937 522 160 90 sem¬-

584 593 164 96 per
677 593 281 96 salisis.
888 593 234 96 Siquid
1052 593 234 96 igitur
1217 593 141 96 in
1287 593 164 96 hac
1381 593 375 96 compilatione
1685 593 328 96 inueniatur
1920 593 164 96 gene¬-

576 658 265 96 raliter
769 658 289 96 dlictum,
986 658 193 96 quod
1106 658 337 96 quibusdam,
1371 658 193 96 siue
1492 658 386 96 Regularibus,
1805 658 193 96 stue
1901 658 193 96 Suecu¬-

573 713 293 82 laribus,
793 713 220 82 forte
939 713 367 82 displiceat;
1233 713 196 82 Nemo
1355 713 367 82 Saecularis,
1648 713 171 82 vel
1746 713 220 82 etiam
1868 713 220 82 Regula¬-

559 793 197 76 ris,
682 793 246 76 exinde
854 793 369 76 osfendatur;
1149 793 270 76 quoniam
1346 793 147 76 in
1420 793 197 76 omni
1542 793 221 76 statu
1690 793 172 76 est
1788 793 319 76 inuenire,
2009 793 74 76 &

577 868 229 71 bonos
729 868 127 71 &
780 868 254 71 molos,
958 868 127 71 &
1009 868 356 71 reprobatio
1288 868 280 71 malorum
1491 868 178 71 est
1593 868 203 71 laus
1720 868 305 71 bonorum.
1949 868 178 71 Vn¬

568 915 156 78 de
646 915 312 78 Hierori.
880 915 156 78 Ad
958 915 391 78 Repoplanum,
1271 915 182 78 cum
1375 915 260 78 multas
1557 915 469 78 reprehensiones
1922 915 156 78 Gle¬-

563 997 330 86 ricorulln
816 997 127 86 &
867 997 355 86 Monachorum
1146 997 152 86 ei
1222 997 406 86 seripsisset,
1552 997 406 86 consequenter
1856 997 228 86 subiun¬-

569 1063 148 85 xit
653 1063 232 85 dicens;
822 1063 148 85 Nec
906 1063 148 85 hoc
991 1063 190 85 dico,
1117 1063 169 85 quia
1223 1063 127 85 in
1286 1063 127 85 te
1349 1063 105 85 &
1391 1063 232 85 sanctis
1560 1063 190 85 viris
1686 1063 169 85 ista
1792 1063 274 85 formidem,
1982 1063 105 85 sec

565 1135 169 87 quid
670 1135 126 87 in
733 1135 190 87 omssi
860 1135 295 87 proposito,
1092 1135 126 87 in
1155 1135 190 87 oranm
1281 1135 211 87 gradu,
1429 1135 147 87 &ui
1513 1135 169 87 boni
1618 1135 105 87 &
1661 1135 190 87 oocli
1787 1135 337 87 repeyicotur;

568 1197 302 87 ueilaraam
800 1197 348 87 condemnaten
1078 1197 186 87 laus
1194 1197 255 87 bonorum
1380 1197 186 87 siti
1496 1197 186 87 Item
1612 1197 348 87 Aligustinus
1890 1197 139 87 in
1937 1197 139 87 libt

559 1243 163 108 hre
652 1243 140 108 &r
722 1243 186 108 fide
838 1243 140 108 Ad
908 1243 256 108 Petrurm
1094 1243 303 108 Diaconum.
1327 1243 326 108 Firmissime
1583 1243 233 108 relte,
1746 1243 140 108 in
1816 1243 210 108 omoli
1932 1243 140 108 pro¬-

544 1323 306 66 fessione,
780 1323 188 66 siue
897 1323 353 66 Cleuicorum,
1180 1323 188 66 siue
1297 1323 377 66 Mdonachorum,
1603 1323 212 66 bonos
1745 1323 188 66 esse
1862 1323 235 66 simul,
2003 1323 71 66 &

560 1393 216 92 malos;
712 1393 151 92 nec
798 1393 151 92 pro
885 1393 195 92 malis
1014 1393 195 92 bonos
1144 1393 324 92 deserendos,
1404 1393 151 92 sed
1490 1393 151 92 pro
1577 1393 195 92 bonis
1706 1393 238 92 quclos,
1879 1393 130 92 in
1923 1393 151 92 quane

563 1460 160 74 tppm
663 1460 120 74 ex
723 1460 160 74 igit
822 1460 179 74 fidei
942 1460 100 74 &
982 1460 279 74 charitaris
1201 1460 199 74 vatio,
1341 1460 299 74 tolerandos,

575 1520 157 92 §.
653 1520 209 92 Hanc
784 1520 235 92 autem
941 1520 470 92 compilationem,
1333 1520 183 92 seu
1437 1520 418 92 Scripturarum
1751 1520 314 92 collectio¬-

536 1594 230 90 niem,
690 1594 383 90 correctioni
996 1594 230 90 Summi
1149 1594 383 90 Pontificis,
1456 1594 128 90 &
1507 1594 281 90 aliorum
1686 1594 383 90 corrigendiaus

549 1655 367 70 choritatem
837 1655 367 70 habentium,
1126 1655 184 70 per
1231 1655 393 70 collationem
1545 1655 393 70 Catholicam,
1860 1655 184 70 si,
1939 1655 131 70 eis

549 1723 370 90 placuerit,
839 1723 370 90 faciendae,
1130 1723 370 90 supponimus
1420 1723 343 90 humiliter
1684 1723 132 90 &
1737 1723 291 90 deuote.
1922 1723 132 90 Non

543 1793 205 84 cnim
671 1793 230 84 pudet
825 1793 179 84 nos
927 1793 409 84 correctionem
1260 1793 333 84 recipere,
1516 1793 358 84 paratiores
1797 1793 307 84 discere,

551 1853 203 94 quam
678 1853 280 94 docere;
881 1853 356 94 praesertim
1161 1853 178 94 cum
1263 1853 229 94 dicat
1415 1853 356 94 Augustinus
1695 1853 153 94 in
1771 1853 153 94 I.
1848 1853 203 94 lib.
1949 1853 102 94 De

543 1916 166 103 Eri,
647 1916 187 103 cati.
772 1916 125 103 2.
834 1916 145 103 Mec
917 1916 249 103 pigebit,
1104 1916 208 103 sicubi
1249 1916 249 103 haesito,
1436 1916 270 103 quaerebe;
1644 1916 145 103 nec
1727 1916 249 103 podobit,
1893 1916 166 103 sicubi

542 1963 173 90 dpro,
657 1963 230 90 discere,

583 2050 160 90 §.
663 2050 294 90 Quoniam
877 2050 240 90 autem
1037 2050 294 90 Romanus
1250 2050 347 90 Pontises,
1517 2050 187 90 qui
1624 2050 294 90 tanquam
1811 2050 240 90 generae

534 2106 165 106 lis
629 2106 283 106 Vicarius
841 2106 188 106 Iesu
958 2106 283 106 Christi,
1170 2106 236 106 totius
1335 2106 212 106 orbis
1477 2106 236 106 Rector
1642 2106 118 106 &
1689 2106 306 106 Corructor
1901 2106 141 106 exi¬-

533 2169 203 109 stit,
669 2169 362 109 Euangolieas,
963 2169 362 109 Apostolieas,
1257 2169 113 109 &
1302 2169 249 109 aliorum
1483 2169 158 109 eos
1573 2169 316 109 sequenelum
1822 2169 271 109 Sancto¬.

531 2256 162 84 gum
623 2256 231 84 Patrum
785 2256 347 84 sententias,
1063 2256 208 84 debet
1201 2256 208 84 vsque
1340 2256 139 84 ad
1410 2256 231 84 animam
1571 2256 162 84 &uu
1664 2256 324 84 sariguieom
1895 2256 162 84 coni¬-

525 2312 305 85 sirmare,
754 2312 153 85 vt
830 2312 229 85 dicit
982 2312 254 85 Beatus
1161 2312 280 85 Vrbanus
1364 2312 229 85 Paba,
1517 2312 178 85 2§.
1619 2312 153 85 §.
1695 2312 153 85 I.
1771 2312 204 85 Glpo
1873 2312 178 85 Qiune

535 2383 240 85 quidam
703 2383 312 85 dicentes;
944 2383 264 85 Idcirco
1136 2383 240 85 caueat
1304 2383 264 85 quisque
1496 2383 336 85 Corrector,
1761 2383 264 85 neforue
1929 2383 120 85 sub

530 2451 296 87 praesextu
758 2451 387 87 correctionis,
1077 2451 296 87 praefatas
1305 2451 319 87 sententias
1556 2451 137 87 in
1624 2451 365 87 fioellibeslo
1897 2451 137 87 con¬-

522 2514 278 105 tentas,
724 2514 177 105 per
825 2514 278 105 errorem
1028 2514 354 105 corrigere,
1306 2514 177 105 vel
1407 2514 304 105 malitiam
1635 2514 329 105 impugnare
1863 2514 177 105 prae¬-

531 2569 252 109 sumat;
707 2569 151 109 ne
783 2569 176 109 per
884 2569 176 109 hoc
984 2569 428 109 indignationem
1337 2569 252 109 Domini
1514 2569 378 109 nostrifesis
1791 2569 252 109 Christis

532 2642 126 105 &
582 2642 202 105 eius
709 2642 278 105 Vicarii
911 2642 253 105 Sunimi
1087 2642 354 105 Pontificis
1365 2642 354 105 periculose
1643 2642 328 105 incurrat.
1895 2642 202 105 Quam

523 2714 361 82 periculosum
812 2714 193 82 enim
933 2714 169 82 sit
1029 2714 313 82 Ecelesiae
1270 2714 265 82 Christi
1463 2714 265 82 Diuinas
1655 2714 337 82 Scripturus
1896 2714 169 82 saut.
