2592 3508
429 205 289 71 errando
639 205 394 71 corrumpere,
954 205 184 71 aut
1059 205 184 71 per
1164 205 315 71 malitiam
1400 205 368 71 impugnare,
1663 205 263 71 ostendit

438 250 136 80 B.
506 250 316 80 Augustinus
755 250 136 80 in
823 250 136 80 I.
890 250 181 80 lib.
1003 250 136 80 De
1071 250 203 80 doct,
1207 250 158 80 ina
1297 250 339 80 Christiana,
1568 250 249 80 dicens.
1727 250 203 80 Tituba¬-

438 321 155 75 bit
526 321 221 75 fides,
681 321 133 75 si
748 321 265 75 vacillet
947 321 288 75 Diuinarum
1168 321 354 75 Scripturarum
1455 321 332 75 authoritas.
1721 321 243 75 Caueat,

436 407 206 61 etiam
574 407 160 61 sub
665 407 367 61 obtestatione
963 407 229 61 Diuini
1124 407 252 61 Iudicii
1307 407 275 61 quilibet
1513 407 206 61 huius
1628 407 298 61 compilatio¬-

435 466 163 74 nis
528 466 186 74 Corr
644 466 209 74 ctor,
784 466 140 74 ne
853 466 256 74 Diuinas
1039 466 326 74 Scripturas
1295 466 163 74 ibi
1388 466 302 74 contentas
1621 466 256 74 aliter,
1783 466 140 74 quam

441 532 225 72 sensus
599 532 270 72 Spiritus
802 532 225 72 Sancti
959 532 338 72 efflagitat,
1229 532 113 72 a
1274 532 158 72 quo
1364 532 338 72 conscriptae
1634 532 203 72 sunt,
1747 532 180 72 intel¬-

437 603 241 78 ligat,
606 603 169 78 vel
702 603 290 78 exponat;
920 603 145 78 ne
992 603 169 78 per
1089 603 169 78 hoc
1185 603 314 78 infidelis
1427 603 241 78 valeat
1596 603 314 78 reputari.
1813 603 121 78 Nan

441 659 203 88 sicut
577 659 203 88 dicit
712 659 293 88 Isidorus,
938 659 293 88 Etymolog.
1163 659 180 88 lib.
1276 659 135 88 6.
1344 659 180 88 cap.
1456 659 338 88 5QQuicumque
1704 659 226 88 Scripiu¬-

452 714 157 78 ram
541 714 247 78 Sanctam
721 714 224 78 aliter
878 714 336 78 intelligit,
1147 714 179 78 quam
1259 714 224 78 sensus
1416 714 269 78 Spiritus
1618 714 224 78 Sancti
1753 714 179 78 effla¬-

447 778 204 105 gitat,
589 778 102 105 a
630 778 143 105 quo
712 778 285 105 conscripta
936 778 143 105 est
1018 778 184 105 licet
1140 778 122 105 de
1201 778 245 105 Ecclesia
1385 778 143 105 non
1466 778 306 105 recesserit,
1711 778 184 105 tamen
1813 778 122 105 hae¬-

452 871 251 60 reticus
635 871 297 60 appellari
864 871 251 60 potest.
1046 871 137 60 Et
1115 871 251 60 habetur
1298 871 160 60 24.
1389 871 160 60 d.3
1481 871 183 60 cap.
1595 871 229 60 Quidam
1755 871 229 60 autem.

445 914 263 72 Caueat
629 914 263 72 rursus
812 914 289 72 quisque
1022 914 368 72 Corrector,
1311 914 158 72 ne
1390 914 341 72 Sanctorum
1652 914 341 72 Doctorum,

447 970 168 89 seu
543 970 385 89 Expositorum,
856 970 360 89 sententias,
1144 970 192 89 sola
1264 970 168 89 sua
1360 970 288 89 opinione
1577 970 336 89 corrigore,
1817 970 120 89 aut

452 1042 165 82 sui
547 1042 354 82 contentione
830 1042 307 82 reprobare
1067 1042 331 82 praesumat,
1327 1042 165 82 sed
1421 1042 165 82 vel
1516 1042 331 82 Scripturae
1752 1042 189 82 autho¬-

446 1113 259 79 ritate,
635 1113 165 79 vel
729 1113 330 79 inconcussa
989 1113 283 79 ratione;
1201 1113 165 79 cum
1296 1113 212 79 dicat
1437 1113 330 79 Augustinus
1697 1113 189 79 Iib.
1814 1113 142 79 3.
1862 1113 94 79 Le

460 1193 274 68 Trinit.
659 1193 149 68 in
734 1193 323 68 principio
982 1193 199 68 Noli
1107 1193 274 68 nostras
1306 1193 274 68 literas
1504 1193 149 68 ex
1579 1193 174 68 tua
1678 1193 298 68 opinione
1877 1193 75 68 &

456 1256 330 68 contentione,
724 1256 144 68 sed
807 1256 124 68 ex
869 1256 206 68 diuina
1013 1256 268 68 lectione,
1219 1256 144 68 aut
1302 1256 289 68 inconcussa
1529 1256 227 68 ratione
1694 1256 289 68 corrigere.

455 1307 241 81 Caueat
624 1307 241 81 iterum
793 1307 265 81 quisque
986 1307 338 81 Corrector,
1251 1307 145 81 si
1324 1307 265 81 placet,
1517 1307 145 81 ne
1589 1307 145 81 si
1661 1307 193 81 quid
1782 1307 145 81 in
1830 1307 121 81 hac

458 1377 399 76 compilatione
782 1377 274 76 tanquam
982 1377 224 76 minus
1131 1377 249 76 caute,
1306 1377 175 76 aut
1405 1377 249 76 contra
1580 1377 199 76 eius
1705 1377 299 76 volunta¬

462 1443 180 75 tem
565 1443 256 75 dictum
744 1443 231 75 eidem
898 1443 385 75 displiceat;
1206 1443 308 75 reliqua,
1437 1443 154 75 si
1514 1443 180 75 qua
1617 1443 205 75 vera
1745 1443 128 75 &
1770 1443 180 75 recta

468 1507 216 79 sunt,
612 1507 264 79 propter
804 1507 312 79 cuiusquam
1043 1507 288 79 personae
1259 1507 431 79 contrarietatem
1618 1507 312 79 refellat;
1834 1507 120 79 at¬-

467 1571 265 81 tendens
660 1571 193 81 quod
780 1571 217 81 dicit
924 1571 313 81 Gregorius
1165 1571 193 81 lib.
1286 1571 144 81 9.
1358 1571 313 81 Moralium.
1599 1571 313 81 Peruersae
1816 1571 144 81 men¬-

473 1652 170 64 tes,
579 1652 128 64 si
643 1652 192 64 semel
771 1652 128 64 ad
835 1652 234 64 studium
1005 1652 405 64 contradictionis
1346 1652 298 64 eruperint,
1580 1652 170 64 siue
1686 1652 234 64 prauum,
1835 1652 128 64 siue

472 1697 217 88 rectum
624 1697 174 88 quid
733 1697 109 88 a
776 1697 434 88 contradicentibus
1146 1697 261 88 audiant,
1341 1697 261 88 aduersis
1537 1697 174 88 haec
1623 1697 348 88 responsionibus

466 1771 320 85 impugnant;
717 1771 183 85 quia
832 1771 160 85 cum
923 1771 251 85 persona
1106 1771 160 85 per
1197 1771 411 85 contrarietatem
1540 1771 320 85 displicet,
1791 1771 160 85 nec
1860 1771 114 85 re¬-

473 1852 191 65 cta,
592 1852 191 65 quae
712 1852 310 65 protulit,
951 1852 286 65 plaeent.
1165 1852 119 65 E
1213 1852 239 65 contra
1380 1852 263 65 bonorum
1571 1852 239 65 corda,
1738 1852 239 65 quibus
1882 1852 95 65 in

476 1907 194 74 odium
606 1907 151 74 non
692 1907 194 74 venit
822 1907 259 74 persona,
1016 1907 151 74 sed
1103 1907 216 74 culpa,
1254 1907 151 74 sic
1341 1907 259 74 peruersa
1535 1907 324 74 diiudicant,
1794 1907 130 74 vt
1837 1907 130 74 quae

485 1970 201 74 recte
619 1970 290 74 dicantur,
842 1970 290 74 assumant;
1065 1970 357 74 discernendis
1355 1970 223 74 quippe
1511 1970 424 74 contradicentium
1846 1970 134 74 sen¬-

485 2017 190 106 sibus
612 2017 296 106 aequissimi
845 2017 233 106 Arbitri
1014 2017 275 106 resident,
1225 2017 106 106 &
1268 2017 148 106 sic
1352 2017 169 106 male
1458 2017 233 106 prolata
1627 2017 275 106 respuunt,
1839 2017 127 106 vt
1881 2017 106 106 ta¬-

475 2119 155 61 men
564 2119 311 61 approbent,
808 2119 177 61 quae
918 2119 133 61 ex
985 2119 266 61 veritate
1185 2119 333 61 cognoscunt;
1451 2119 200 61 Solet
1584 2119 222 61 namque
1739 2119 200 61 inter
1850 2119 133 61 spi¬-

478 2162 199 93 narum
611 2162 377 93 multitudinem,
921 2162 199 93 etiam
1054 2162 133 93 de
1120 2162 221 93 frugis
1275 2162 244 93 semine,
1452 2162 199 93 spica
1585 2162 354 93 succrescere.
1851 2162 133 93 Cau¬-

476 2234 131 87 ta
542 2234 175 87 ergo
651 2234 175 87 manu
760 2234 284 87 operantis
979 2234 240 87 agendum
1154 2234 175 87 est,
1263 2234 131 87 vt
1328 2234 153 87 dum
1416 2234 197 87 spina
1547 2234 284 87 tollitur,
1765 2234 197 87 spica
1875 2234 109 87 nu¬-

481 2298 265 73 triatur;
680 2298 265 73 quatenus
878 2298 155 73 qui
967 2298 221 73 studet
1121 2298 287 73 eradicare
1342 2298 177 73 quod
1452 2298 243 73 pungit,
1629 2298 243 73 nouerit
1783 2298 199 73 seruare

500 2378 162 82 quod
601 2378 243 82 reficit.

552 2449 148 82 §.
626 2449 271 82 Quoniam
824 2449 222 82 autem
972 2449 321 82 pericula,
1218 2449 148 82 de
1292 2449 247 82 quibus
1465 2449 271 82 dicturi
1662 2449 247 82 sumus,
1810 2449 173 82 futu¬-

472 2519 132 60 ra
538 2519 198 60 sunt,
670 2519 154 60 vel
758 2519 330 60 praesentia,
1022 2519 132 60 in
1088 2519 264 60 Ecclesia
1285 2519 286 60 generali,
1505 2519 154 60 per
1593 2519 330 60 Hypocritas,
1835 2519 154 60 Pseu¬-

476 2580 465 61 do-Pradicatores
867 2580 122 61 &
916 2580 367 61 Penetrantes
1210 2580 245 61 domos,
1381 2580 122 61 &
1430 2580 294 61 otiosos,
1650 2580 122 61 &
1699 2580 318 61 Curiosos;
1920 2580 73 61 &

480 2627 346 78 Goronatos,
752 2627 148 78 vt
827 2627 173 78 iam
925 2627 346 78 praetactum
1198 2627 198 78 est,
1321 2627 124 78 &
1371 2627 223 78 magis
1519 2627 272 78 patebit
1717 2627 247 78 infra;
1865 2627 124 78 Id¬-

489 2716 215 64 circo
633 2716 215 64 Primo
776 2716 359 64 ostendemus,
1063 2716 167 64 Qui
1158 2716 191 64 sint
1278 2716 598 64 Pseudo-Praedicatores;
1804 2716 120 64 &
1828 2716 167 64 quare
