2592 3508
543 138 423 103 coniungentes;
891 138 199 103 Haec
1016 138 224 103 autem
1165 138 348 103 persceurio
1438 138 398 103 praesigutata
1762 138 199 103 fuit
1886 138 149 103 et
1936 138 149 103 ilba

547 230 446 62 persecutione,
914 230 210 62 quam
1045 230 262 62 quidam
1229 230 262 62 Pseudo
1412 230 262 62 facere
1596 230 210 62 inre
1727 230 262 62 perunt
1910 230 131 62 a
1937 230 157 62 esi¬-

553 293 184 103 pore
668 293 298 103 Ecclesiae
897 293 344 103 primitiuae,
1173 293 207 103 prout
1311 293 207 103 patet
1448 293 138 103 in
1517 293 275 103 Sangeloi
1724 293 298 103 siphesiid
1930 293 161 103 esti,

564 354 152 99 in
640 354 303 99 Episcopo
867 354 379 99 Ephesiorum;
1170 354 227 99 quem,
1322 354 278 99 quoniam
1524 354 328 99 probabat,
1777 354 177 99 sel
1852 354 152 99 exan

541 425 227 89 nabat
692 425 202 89 eos,
818 425 176 89 qui
919 425 302 89 dicebant
1146 425 151 89 se
1221 425 202 89 esse
1347 425 227 89 veros
1498 425 328 89 Apostolos
1750 425 302 89 Christi,
1952 425 126 89 eum

566 482 218 94 tamen
711 482 242 94 essent
881 482 267 94 Pseudo;
1075 482 194 94 ipsi
1196 482 145 94 ad
1268 482 291 94 nocendum
1486 482 145 94 ei
1559 482 460 94 simullconiuncti
1923 482 145 94 per¬-

561 536 350 116 sequebantur
841 536 187 116 eum,
957 536 163 116 per
1050 536 280 116 terrenas
1260 536 327 116 potestates
1517 536 187 116 sibi
1634 536 280 116 fiuentes
1843 536 187 116 ipse
1937 536 93 116 at

545 621 179 85 tem
648 621 333 85 patienter
904 621 358 85 sustinebat
1185 621 435 85 persecutiones
1544 621 307 85 illorum.
1774 621 205 85 Vnde
1877 621 179 85 Apoce

539 701 144 73 2.
611 701 288 73 postquam
827 701 216 73 dixit
970 701 144 73 ei
1042 701 288 73 Dominus,
1258 701 216 73 scio,
1402 701 216 73 Glos.
1546 701 144 73 id
1618 701 168 73 est
1713 701 288 73 approbos
1905 701 168 73 opee¬-

557 756 148 91 ra
631 756 197 91 tua,
755 756 173 91 &c.
853 756 148 91 Et
927 756 247 91 infra.
1100 756 148 91 Et
1174 756 271 91 quoniam
1371 756 296 91 probasti
1593 756 197 91 eos,
1717 756 173 91 qui
1815 756 148 91 se
1865 756 197 91 dicunt

553 818 348 68 Apostolos,
827 818 124 68 &
876 818 174 68 non
976 818 224 68 sunt;
1125 818 398 68 consequenter
1448 818 348 68 subiunxit,
1721 818 149 68 Et
1796 818 348 68 patientiam

555 864 207 119 habes;
700 864 186 119 Glos.
824 864 124 119 In
887 864 207 119 malis,
1031 864 166 119 quae
1135 864 166 119 ipsi
1239 864 290 119 coniuncti,
1466 864 145 119 per
1549 864 248 119 terrenas
1735 864 290 119 potestates
1942 864 104 119 in¬-

545 952 281 85 gerunt.
750 952 409 85 Persequuntur
1082 952 204 85 ergo
1210 952 230 85 Falsi
1363 952 307 85 Fratres,
1593 952 230 85 primo
1720 952 307 85 perhypotri

552 986 236 126 sim,
699 986 295 126 deinde
905 986 236 126 vero
1052 986 206 126 per
1170 986 383 126 potentiam
1465 986 412 126 violentam;
1788 986 147 126 &
1818 986 265 126 adimar;

549 1082 197 95 gis
661 1082 366 95 nocendum,
943 1082 169 95 se
1027 1082 169 95 in
1112 1082 225 95 vnum
1252 1082 422 95 coniungunt.
1590 1082 225 95 Vnde
1731 1082 253 95 dicit
1871 1082 169 95 Gre¬-

541 1145 275 100 gorius
733 1145 220 100 Iib.
870 1145 192 100 34.
980 1145 275 100 Moral.
1173 1145 165 100 de
1255 1145 715 100 Pseudo-Praedicatoribus
1860 1145 192 100 Anti¬-

543 1215 262 75 christi.
740 1215 241 75 Idcirco
915 1215 219 75 contra
1068 1215 197 75 bonos
1199 1215 328 75 vehementius
1462 1215 328 75 praeualent,
1724 1215 175 75 quia
1833 1215 131 75 in
1877 1215 175 75 malose

543 1282 390 92 concorditer
855 1282 286 92 tenent.
1063 1282 208 92 Hunc
1193 1282 234 92 autem
1348 1282 286 92 ordinem
1556 1282 390 92 persequendi
1842 1282 182 92 assus

547 1344 197 104 munt
670 1344 148 104 ad
744 1344 246 104 instar
916 1344 369 104 Antichristi
1212 1344 271 104 capitis
1408 1344 246 104 eorum,
1581 1344 148 104 de
1654 1344 172 104 quo
1753 1344 221 104 dicit
1876 1344 172 104 Ioan¬-

540 1411 176 94 nes
641 1411 353 94 Damascenus
918 1411 202 94 lib.
1044 1411 151 94 4.
1119 1411 202 94 cap.
1245 1411 277 94 penult.
1447 1411 252 94 Surgit
1623 1411 403 94 Antichristus
1925 1411 101 94 re

531 1479 216 73 pente;
682 1479 129 73 in
747 1479 216 73 primos
898 1479 151 73 dio
985 1479 194 73 regni
1114 1479 173 73 sui,
1222 1479 194 73 magis
1351 1479 194 73 autem
1481 1479 324 73 tyrannidis,
1740 1479 345 73 dissimulans,

538 1545 127 72 id
601 1545 169 72 est,
707 1545 254 72 diuersis
897 1545 190 72 modis
1024 1545 275 72 simulans,
1235 1545 275 72 iustitiam
1446 1545 296 72 videlicet,
1679 1545 148 72 per
1763 1545 317 72 hypocrisim;

543 1592 163 126 cum
636 1592 209 126 autem
775 1592 232 126 fuerit
938 1592 302 126 dominator
1170 1592 256 126 factus,
1356 1592 372 126 persequetur.
1658 1592 302 126 Ecclesiam
1891 1592 186 126 Deis
2007 1592 139 126 I.

542 1666 343 78 videlicet
806 1666 185 78 per
911 1666 343 78 potentiam
1176 1666 370 78 violentam.
1466 1666 370 78 DOMINATTO;
1757 1666 211 78 enim
1862 1666 159 78 ter¬-

531 1739 222 96 rorem
680 1739 371 96 apertissime
976 1739 321 96 insinuat,
1223 1739 148 96 vt
1297 1739 222 96 dicit
1446 1739 222 96 Glos.
1594 1739 222 96 super
1742 1739 222 96 illud
1866 1739 148 96 Psag

534 1795 182 100 cum
638 1795 337 100 dominatus
897 1795 259 100 fuerit
1079 1795 337 100 pauperum.
1338 1795 156 100 Et
1416 1795 207 100 ideo
1545 1795 285 100 dicitur
1727 1795 311 100 persecutio

529 1850 360 113 Antichristi
817 1850 312 113 composita
1058 1850 144 113 ex
1130 1850 144 113 vi
1202 1850 120 113 &
1250 1850 216 113 dolo,
1394 1850 144 113 vt
1466 1850 216 113 dicit
1610 1850 216 113 Glos.
1755 1850 216 113 super
1875 1850 168 113 illud

531 1936 248 86 eiusdem
711 1936 158 86 Ps.
801 1936 135 86 9.
868 1936 315 86 Insidiatur
1116 1936 203 86 quasi
1251 1936 158 86 Leo
1341 1936 135 86 in
1408 1936 270 86 spelunca
1611 1936 180 86 sua.
1723 1936 158 86 Sic
1813 1936 113 86 &
1836 1936 203 86 facient

534 1984 210 113 ralsi
673 1984 256 113 Fratres
860 1984 326 113 praedicti.
1116 1984 186 113 Vnde
1233 1984 210 113 super
1372 1984 210 113 illud
1512 1984 210 113 Apoc.
1652 1984 140 113 6.
1722 1984 140 113 Et
1792 1984 186 113 ecce
1885 1984 163 113 equis

519 2066 283 76 pallidus,
737 2066 153 76 &c.
824 2066 196 76 dicit
955 2066 196 76 Glos.
1086 2066 131 76 de
1151 2066 218 76 illis,
1304 2066 218 76 Videns
1456 2066 283 76 Diabolus,
1674 2066 153 76 nes
1761 2066 153 76 per
1827 2066 196 76 apertas

535 2133 356 102 tribulationes,
832 2133 138 102 nec
911 2133 138 102 per
990 2133 218 102 apertas
1148 2133 257 102 haereses,
1346 2133 178 102 posse
1465 2133 277 102 proficere,
1683 2133 297 102 praemittit,
1900 2133 99 102 sup

521 2193 158 91 ple
612 2193 362 91 Antichristo,
906 2193 226 91 Palsos
1064 2193 271 91 Fratres,
1268 2193 158 91 qui
1358 2193 158 91 sub
1448 2193 226 91 nabitu
1607 2193 317 91 Religionis
1833 2193 226 91 obtinent

518 2264 259 86 naturam
707 2264 189 86 rusi
825 2264 118 86 &
872 2264 212 86 nigri
1014 2264 212 86 equi,
1155 2264 354 86 peruertendo
1438 2264 236 86 fidem.
1603 2264 141 86 Id
1674 2264 189 86 est,
1792 2264 212 86 talem
1910 2264 94 86 Ia

519 2318 271 110 facient
716 2318 443 110 persecutionem,
1085 2318 246 110 qualem
1258 2318 295 110 fecerunt
1479 2318 271 110 apertis
1676 2318 295 110 tVranni,
1873 2318 123 110 quo

518 2379 287 125 Ioannes
727 2379 366 125 appellauit
1014 2379 157 125 in
1093 2379 235 125 eodem
1249 2379 314 125 capitulo
1485 2379 235 125 rusum
1641 2379 261 125 equum;
1798 2379 209 125 Etiqua

520 2448 166 127 lem
615 2448 285 127 fecerunt
829 2448 238 127 aperti
996 2448 333 127 Haeretici,
1257 2448 190 127 quos
1376 2448 333 127 appellauit
1638 2448 143 127 in
1709 2448 190 127 eode
1804 2448 214 127 ifrapie

509 2526 207 114 tulo
638 2526 258 114 nigrum
819 2526 258 114 equum.
1000 2526 233 114 Quasi
1155 2526 310 114 diceret,
1388 2526 207 114 isti
1517 2526 233 114 Falsi
1672 2526 310 114 Fratres,
1879 2526 155 114 quos

496 2599 358 109 praemittit
778 2599 307 109 Diabolus
1008 2599 409 109 Antichristo,
1340 2599 179 109 sub
1443 2599 256 109 hubitu
1622 2599 358 109 Religionis
1878 2599 153 109 per¬-

473 2665 347 112 sequentur
740 2665 373 112 Ecclesiam,
1033 2665 240 112 primo
1193 2665 267 112 veendo
1380 2665 267 112 fraude
1567 2665 373 112 hpocrisis,
1860 2665 160 112 ad
1914 2665 133 112 in¬
