2592 3508
454 193 197 66 star
578 193 419 66 Haereticorum;
923 193 247 66 deinde
1095 193 320 66 violentia
1342 193 345 66 manifesta;
1613 193 148 66 ad
1687 193 247 66 instar
1835 193 123 66 To¬-

451 266 331 74 rannorum.
705 266 203 74 Quod
832 266 229 74 autem
985 266 229 74 dicit
1137 266 229 74 Glos.
1290 266 356 74 praedicta,
1570 266 203 74 Quod
1697 266 203 74 ipsi
1798 266 153 74 per¬-

457 327 271 77 uertent
654 327 246 77 fidem,
827 327 172 77 iam
925 327 222 77 verum
1073 327 172 77 est
1171 327 148 77 de
1245 327 345 77 quibusdam;
1516 327 148 77 in
1590 327 197 77 fine
1713 327 222 77 autem
1836 327 123 77 de¬-

469 387 271 66 omnibus
667 387 222 66 verum
814 387 222 66 erit.

557 443 150 87 §.
632 443 150 87 De
707 443 301 87 talibus,
933 443 225 87 primo
1083 443 175 87 per
1183 443 376 87 hypocrisim,
1484 443 251 87 deinde
1659 443 175 87 per
1735 443 225 87 violen¬-

471 526 228 66 tiam,
623 526 482 66 persequentibus,
1029 526 279 66 videtur
1232 526 381 66 Prophetasse
1537 526 381 66 Hisdegardis
1816 526 152 66 Pro¬-

470 605 291 64 phetissa
688 605 340 64 Teutoniae,
955 605 146 64 in
1028 605 291 64 Epistola
1247 605 146 64 Ad
1319 605 243 64 clerum
1489 605 388 64 Coloniensem,
1781 605 194 64 intro¬-

471 665 263 68 ducens
655 665 315 68 Diabolum
891 665 158 68 ad
970 665 236 68 illos
1127 665 368 68 Seductores
1416 665 368 68 loquentem,
1705 665 131 68 &
1732 665 236 68 hortan¬-

473 713 167 73 tem
569 713 191 73 eos,
688 713 143 73 vt
760 713 167 73 sub
855 713 310 73 praetextu
1094 713 358 73 disciplinae
1380 713 119 73 &
1428 713 406 73 correctionis,
1738 713 239 73 Clericos

465 790 291 81 spoliari
683 790 291 81 faciant,
901 790 121 81 &
950 790 218 81 etiam
1095 790 339 81 suftocari;
1362 790 194 81 quod
1483 790 121 81 &
1532 790 145 81 in
1604 790 315 81 quibusdam
1823 790 145 81 Cle¬-

468 863 287 53 ricorum
676 863 235 53 dicit
833 863 209 53 esse
963 863 365 53 implendum,
1250 863 182 53 sic
1354 863 287 53 dicens.
1563 863 209 53 Sed,
1693 863 130 53 o
1745 863 182 53 vos
1824 863 156 53 Sub¬-

472 907 173 104 diti
581 907 173 104 mei,
689 907 108 104 &
732 907 281 104 Discipuli
949 907 173 104 mei,
1057 907 195 104 multo
1187 907 173 104 plus
1295 907 216 104 ipsis,
1446 907 130 104 id
1511 907 173 104 est;
1620 907 281 104 Clericis,
1814 907 152 104 coram

470 965 218 97 populo
623 965 370 97 disciplinati;
927 965 174 97 quia
1036 965 152 97 sic
1123 965 196 97 estis
1253 965 239 97 erigite
1427 965 152 97 vos
1514 965 196 97 super
1645 965 218 97 illos,
1797 965 109 97 &
1819 965 152 97 omnes

482 1032 298 84 diuitias,
711 1032 115 84 &
757 1032 206 84 omnem
894 1032 252 84 honorem
1078 1032 206 84 eorum
1215 1032 321 84 abstrahite
1467 1032 137 84 ab
1536 1032 183 84 eis,
1650 1032 275 84 acomnino
1834 1032 137 84 des¬-

473 1105 284 94 poliantes
691 1105 284 94 suffocate
909 1105 174 94 eos.
1018 1105 153 94 Hoc
1106 1105 262 94 Diabolus
1302 1105 131 94 in
1367 1105 284 94 semetipso
1585 1105 218 94 dicit,
1738 1105 174 94 quod
1825 1105 153 94 etiam

469 1193 145 66 in
541 1193 266 66 multis,
735 1193 266 66 iudicio
928 1193 193 66 Dei,
1049 1193 169 66 ita
1146 1193 339 66 complebit.
1412 1193 169 66 Hue
1509 1193 218 66 vsque
1654 1193 218 66 verba
1775 1193 193 66 Hilde¬-

477 1234 296 104 gaadis.
692 1234 188 104 Cum
800 1234 215 104 enim
934 1234 242 104 dicti
1096 1234 403 104 Seductores,
1418 1234 350 104 Principes
1660 1234 323 104 Saeculares

467 1319 406 61 seduxerint,
792 1319 406 61 diffamabunt
1117 1319 217 61 apud
1253 1319 190 61 eos
1361 1319 352 61 Clericos,
1632 1319 135 61 &
1686 1319 271 61 maxime
1849 1319 135 61 ve¬-

483 1378 269 67 ritatis
678 1378 440 67 Praedicatores,
1045 1378 122 67 &
1094 1378 367 67 Ecclesiarum
1388 1378 318 67 Rectores,
1632 1378 122 67 &
1657 1378 318 67 procurabunt

488 1457 168 59 eos
584 1457 241 59 puniri
753 1457 168 59 sub
849 1457 313 59 praetextu
1090 1457 385 59 correctionis
1402 1457 120 59 &
1451 1457 313 59 pietatis.
1691 1457 193 59 Vnde
1787 1457 193 59 Hilde¬-

477 1498 232 83 gardis
639 1498 116 83 n
686 1498 209 83 eadem
825 1498 279 83 Epistola
1034 1498 232 83 dicit.
1197 1498 256 83 Populus
1383 1498 186 83 iste
1499 1498 302 83 maioribus
1708 1498 279 83 Saeculari¬-

479 1557 152 81 bus
566 1557 327 81 Principibus
828 1557 131 81 se
893 1557 305 81 coniungit,
1133 1557 218 81 quibus
1285 1557 109 81 &
1329 1557 131 81 de
1394 1557 196 81 vobis
1525 1557 261 81 Clericis
1721 1557 196 81 dicit
1851 1557 174 81 sic.

476 1652 208 76 Quare
615 1652 162 76 hos
707 1652 278 76 vobiscum
916 1652 278 76 habetis;
1124 1652 116 76 &
1171 1652 208 76 quare
1309 1652 162 76 hos
1402 1652 278 76 vobiscum
1611 1652 185 76 esse
1726 1652 301 76 patimini,

492 1691 144 98 qui
575 1691 185 98 totam
698 1691 205 98 terram
842 1691 267 98 maculosis
1047 1691 164 98 suis
1150 1691 349 98 iniquitatibus
1437 1691 267 98 polluunt;
1643 1691 164 98 illi
1746 1691 164 98 enim
1828 1691 164 98 ebrii¬-

488 1762 106 74 &
530 1762 276 74 luxuriosi
743 1762 191 74 sunt;
870 1762 106 74 &
912 1762 170 74 nisi
1018 1762 149 74 eos
1103 1762 106 74 a
1146 1762 191 74 vobis
1273 1762 297 74 eiiciatis,
1507 1762 170 74 tota
1613 1762 255 74 Ecclesia
1783 1762 212 74 destrue¬-

480 1845 191 54 tur.
600 1845 144 54 Et
672 1845 239 54 infra.
839 1845 239 54 Cumque
1007 1845 191 54 isti
1126 1845 263 54 erroris
1318 1845 168 54 sui
1414 1845 239 54 cursum
1581 1845 455 54 consummauerint,

487 1889 282 98 Doctores
698 1889 117 98 &
745 1889 305 98 Sapientes
979 1889 164 98 qui
1073 1889 188 98 tunc
1190 1889 141 98 in
1261 1889 188 98 fide
1378 1889 305 98 Catholica
1613 1889 352 98 persistent,
1871 1889 117 98 vn¬-

482 1939 215 89 dique
626 1939 383 89 persequentes
937 1939 335 89 expellent.
1200 1939 144 89 Et
1272 1939 239 89 infra.
1439 1939 335 89 Quapropter
1703 1939 311 89 Diuitibus
1918 1939 72 89 &

489 2025 349 66 Principibus
768 2025 302 66 consilium
1000 2025 209 66 dant,
1139 2025 139 66 vt
1209 2025 349 66 Ecclesiarum
1488 2025 302 66 Rectores,
1720 2025 139 66 ac
1767 2025 232 66 reliquos

481 2096 306 89 spiritales
722 2096 262 89 homines,
918 2096 262 89 scilicet
1115 2096 262 89 subditos
1312 2096 219 89 eorum,
1465 2096 262 89 fustibus
1661 2096 109 89 &
1705 2096 219 89 lignis
1836 2096 153 89 coer¬-

477 2174 226 69 ceant,
636 2174 271 69 quatenus
839 2174 203 69 iusti
974 2174 226 69 siant;
1133 2174 113 69 &
1178 2174 136 69 in
1246 2174 294 69 aliquibus
1471 2174 181 69 haec
1584 2174 384 69 complebuntur,
1878 2174 113 69 vn¬-

477 2218 136 75 de
545 2218 181 75 alii
658 2218 249 75 territi
839 2218 407 75 contremiscent.
1178 2218 158 75 Sic
1269 2218 181 75 ergo
1382 2218 226 75 patet,
1540 2218 271 75 qualiter
1721 2218 271 75 persecutio

487 2289 297 68 dictorum
710 2289 347 68 Seductorum
982 2289 322 68 composita
1230 2289 173 68 est
1329 2289 149 68 ex
1403 2289 149 68 vi
1477 2289 124 68 &
1527 2289 272 68 fraude;
1725 2289 223 68 quia,
1849 2289 149 68 sci¬-

486 2361 259 83 licet,
667 2361 233 83 primo
823 2361 311 83 seducunt
1055 2361 181 83 per
1159 2361 285 83 fraudem
1366 2361 388 83 hypocrisis,
1676 2361 259 83 deinde
1832 2361 155 83 vero

485 2418 176 89 per
586 2418 277 89 Maiores
787 2418 302 89 seductos
1014 2418 353 89 vehementer
1291 2418 403 89 persequuntur
1618 2418 227 89 alios
1769 2418 201 89 sibi
1870 2418 126 89 re¬-

504 2487 285 79 sistentes.

555 2554 137 83 §.
624 2554 183 83 Ista
738 2554 183 83 tria
852 2554 229 83 genera
1012 2554 389 83 persecutionum
1332 2554 320 83 praedicta,
1584 2554 366 83 praefigurata
1858 2554 137 83 fue¬-

478 2627 224 75 runt
618 2627 168 75 in
702 2627 280 75 Domino
897 2627 224 75 lesu
1037 2627 336 75 Christo,
1289 2627 196 75 qui
1401 2627 280 75 primam
1569 2627 419 75 persecutionem

482 2690 317 66 sustinuit
726 2690 317 66 violentam
970 2690 146 66 ab
1043 2690 244 66 Herode
1214 2690 317 66 quaerente
1458 2690 220 66 illum
1604 2690 366 66 interfiere;
1873 2690 122 66 cum
