2592 3508
452 203 163 105 qui
545 203 255 105 veniunt
730 203 163 105 lad
823 203 186 105 vos,
939 203 209 105 Glos.
1079 203 139 105 vt
1148 203 325 105 decipiant,
1404 203 139 105 in
1474 203 348 105 vestimentis
1752 203 232 105 ouium.

469 279 231 78 Gloss.
631 279 255 78 August.
816 279 324 78 Vestimenta
1071 279 208 78 ouium
1209 279 185 78 sunt
1325 279 231 78 blanda
1487 279 208 78 verba
1626 279 370 78 innocentium,

470 332 326 92 caeteraque
726 332 326 92 Religionis
982 332 233 92 signa.
1145 332 186 92 Item
1261 332 303 92 Augustin.
1494 332 256 92 Ieiunia
1680 332 116 92 &
1703 332 256 92 orationes

477 387 185 101 sunt
593 387 324 101 simulatis,
847 387 208 101 sicut
986 387 116 101 &
1033 387 232 101 bonis.
1195 387 301 101 Sequitur.
1426 387 347 101 Intrinsecus
1704 387 208 101 autem
1820 387 139 101 sunt

471 450 186 114 Lupi
587 450 278 114 rapaces.
796 450 395 114 Chrysostomus.
1121 450 209 114 Nihil
1260 450 232 114 halunt
1422 450 232 114 dulce,
1585 450 162 114 vel
1678 450 325 114 mansuetum,

485 513 165 108 nisi
588 513 185 108 vsque
712 513 124 108 ad
774 513 206 108 pellem
918 513 185 108 ouis,
1041 513 124 108 id
1103 513 165 108 est,
1206 513 165 108 nisi
1309 513 185 108 opera
1433 513 288 108 exteriora,
1659 513 165 108 quae
1762 513 165 108 sunt
1844 513 124 108 man¬-

481 604 355 91 suetudinis,
765 604 118 91 &
812 604 331 91 Religionis
1072 604 236 91 signa.
1238 604 189 91 Item
1356 604 213 91 Glos.
1498 604 142 91 In
1569 604 331 91 humilitate
1805 604 166 91 ambu¬-

488 663 187 122 lant,
613 663 124 122 ex
675 663 187 122 falsa
799 663 290 122 Religione,
1027 663 104 122 &
1069 663 166 122 ideo
1172 663 228 122 cauete,
1338 663 124 122 ne
1400 663 145 122 vos
1483 663 269 122 dilanient
1691 663 311 122 blanditiis,

481 707 144 117 &&
553 707 455 117 simulationibus.
936 707 192 117 Item
1056 707 216 117 super
1200 707 216 117 eodem
1344 707 216 117 dicit
1488 707 288 117 Origenes
1703 707 144 117 in
1775 707 240 117 Homil.

488 778 222 107 Nolite
643 778 133 107 ad
710 778 222 107 vultum
866 778 311 107 attendere,
1110 778 156 107 sed
1199 778 133 107 ad
1266 778 222 107 opera;
1421 778 222 107 nolite
1577 778 222 107 vultum
1710 778 267 107 considera¬-

498 841 157 107 re;
587 841 157 107 sed
677 841 292 107 inspicite
902 841 247 107 figuram
1082 841 314 107 fallaciae.
1329 841 202 107 Istos
1463 841 270 107 appellat
1666 841 247 107 Dominus
1823 841 157 107 latam

495 926 254 109 portam,
680 926 115 109 &
726 926 300 109 spatiosam
957 926 208 109 viam,
1095 926 185 109 quae
1210 926 208 109 ducit
1349 926 138 109 ad
1418 926 369 109 perditionem.
1718 926 231 109 Matth.
1880 926 138 109 3.

496 970 284 123 quoniam
703 970 258 123 multos
883 970 335 123 seducunt,
1141 970 129 123 &
1193 970 232 123 secum
1347 970 155 123 ad
1425 970 387 123 perditionem
1734 970 309 123 trahunt,

512 1034 153 112 vt
588 1034 356 112 ostendetur
867 1034 254 112 infra.
1045 1034 203 112 Vnde
1173 1034 229 112 super
1325 1034 254 112 illud,
1503 1034 330 112 Attendite
1757 1034 127 112 a
1783 1034 203 112 Falsis

497 1122 339 99 Prophetis,
763 1122 218 99 dicit
908 1122 290 99 Origenes
1126 1122 145 99 in
1198 1122 242 99 Homil.
1367 1122 193 99 Quos
1488 1122 218 99 paulo
1633 1122 290 99 superius
1827 1122 169 99 latam

506 1184 255 103 portam,
691 1184 116 103 &
737 1184 301 103 spatiosam
969 1184 208 103 viam,
1108 1184 185 103 quae
1224 1184 208 103 ducit
1363 1184 139 103 ad
1432 1184 347 103 perditionem
1710 1184 324 103 nominauit,

507 1234 160 109 hos
599 1234 183 109 nunc
713 1234 275 109 apertius
919 1234 229 109 Falsos
1080 1234 298 109 Prophetas
1309 1234 298 109 ostendit.
1538 1234 160 109 Nec
1630 1234 206 109 dicas
1767 1234 183 109 ista
1859 1234 137 109 tan¬-

511 1298 162 109 tum
603 1298 185 109 esse
719 1298 370 109 intelligenda
1020 1298 139 109 de
1089 1298 231 109 Pseudo
1251 1298 347 109 Haereticis,
1528 1298 208 109 licet
1667 1298 139 109 de
1713 1298 278 109 Haereticis

509 1361 371 119 specialiter
806 1361 347 119 exponantur
1079 1361 149 119 in
1153 1361 223 119 Glos.
1302 1361 198 119 quia
1425 1361 297 119 secundum
1648 1361 248 119 eandem
1822 1361 223 119 Glos.

520 1439 309 101 similiter
758 1439 262 101 possunt
949 1439 238 101 exponi
1115 1439 143 101 de
1187 1439 238 101 Pseudo
1353 1439 167 101 non
1449 1439 357 101 Haeneticis,
1734 1439 167 101 sed
1806 1439 190 101 tantum

522 1501 437 105 Simulatoribus,
886 1501 170 105 seu
983 1501 365 105 Hypocritis.
1275 1501 194 105 Vnde
1397 1501 219 105 Glos.
1542 1501 219 105 ibid.
1688 1501 219 105 Licet
1834 1501 170 105 hoc
1907 1501 97 105 de

513 1562 247 107 omnibus
692 1562 225 107 illis,
850 1562 157 107 qui
940 1562 202 107 aliud
1075 1562 225 107 habitu
1232 1562 112 107 &
1277 1562 270 107 sermone,
1479 1562 202 107 aliud
1614 1562 202 107 opere
1749 1562 315 107 ostendunt,

518 1625 133 109 id
584 1625 177 109 est,
695 1625 133 109 de
762 1625 310 109 Hypocritis
1006 1625 266 109 omnibus,
1205 1625 222 109 possit
1360 1625 244 109 accipi,
1538 1625 200 109 tamen
1671 1625 333 109 specialiter
1914 1625 89 109 de

527 1691 366 114 Haereticis.
820 1691 391 114 Chrysostomus
1137 1691 220 114 autem
1284 1691 220 114 vult,
1430 1691 195 114 quod
1552 1691 391 114 intelligatur
1870 1691 195 114 hoc,

533 1755 165 113 non
628 1755 142 113 de
699 1755 236 113 Pseudo
864 1755 354 113 Haereticis,
1148 1755 165 113 sed
1242 1755 142 113 de
1313 1755 236 113 Pseudo
1479 1755 354 113 Hypocritis,
1762 1755 165 113 sic
1833 1755 189 113 dicens

527 1819 204 114 super
663 1819 204 114 Iocum
799 1819 226 114 istum.
958 1819 476 114 Pseudo-Prophetas,
1365 1819 159 114 non
1456 1819 340 114 Haereticos,
1728 1819 159 114 hic
1818 1819 181 114 mihi
1909 1819 113 114 in¬-

549 1910 231 87 sinnare
717 1910 253 87 videtur;
907 1910 147 87 sed
991 1910 168 87 eos,
1096 1910 147 87 qui
1180 1910 189 87 vitae
1307 1910 168 87 sunt
1412 1910 295 87 corruptas,
1643 1910 210 87 faciem
1791 1910 189 87 autem
1896 1910 126 87 vir¬-

538 1954 200 107 tutis
671 1954 445 107 circuminduuntur,
1050 1954 134 107 id
1116 1954 178 107 est,
1228 1954 312 107 Hypocritae
1473 1954 200 107 Patet
1606 1954 200 107 ergo,
1740 1954 267 107 qualiter
1918 1954 111 107 Do¬-

534 2018 224 114 minus
683 2018 349 114 praedixit,
957 2018 498 114 Pseudo-Prophetas
1381 2018 149 114 in
1455 2018 373 114 multitudine
1754 2018 199 114 esse
1854 2018 174 114 futu¬-

534 2090 199 106 ros,
659 2090 125 106 &
709 2090 249 106 multos
883 2090 374 106 decepturos;
1182 2090 125 106 &
1232 2090 199 106 ideo
1357 2090 199 106 esse
1481 2090 349 106 diligenter
1756 2090 324 106 cauendos.

605 2154 148 116 §.
679 2154 320 116 Apostolus
926 2154 222 116 autem
1073 2154 394 116 Prophetigans
1394 2154 148 116 de
1467 2154 296 116 ffuturis
1689 2154 320 116 periculis
1935 2154 148 116 2.

547 2219 250 106 Timoth.
729 2219 136 106 3.
797 2219 250 106 dicens,
979 2219 182 106 Hoch
1093 2219 205 106 autem
1229 2219 227 106 scito;
1388 2219 182 106 quod
1502 2219 364 106 innouissimis
1797 2219 227 106 diebus
1933 2219 114 106 in¬-

553 2306 266 90 stabunt
746 2306 266 90 tempora
939 2306 362 90 periculosa,
1229 2306 290 90 secundum
1446 2306 193 90 quod
1567 2306 241 90 dictum
1736 2306 169 90 est
1833 2306 217 90 supra
1953 2306 97 90 in

545 2353 282 107 Prologo;
756 2353 117 107 &
803 2353 328 107 describens
1061 2353 188 107 eos,
1178 2353 164 107 qui
1272 2353 235 107 futuri
1436 2353 211 107 erant
1577 2353 211 107 causa
1718 2353 305 107 periculi,
1929 2353 117 107 di¬-

544 2435 208 97 cens,
683 2435 139 97 Et
752 2435 208 97 erunt
891 2435 255 97 homines
1076 2435 139 97 se
1146 2435 208 97 ipsos
1284 2435 278 97 amantes,
1493 2435 255 97 cupidi,
1678 2435 231 97 elati,
1840 2435 162 97 &c.
1909 2435 139 97 Vnde

549 2482 158 106 ibi
639 2482 203 106 dicit
774 2482 203 106 Glos.
909 2482 158 106 Hec
999 2482 158 106 est
1089 2482 203 106 causa
1224 2482 293 106 periculi,
1449 2482 315 106 quialerunt
1696 2482 248 106 homines
1854 2482 203 106 seipsos

547 2573 285 88 amantes,
761 2573 166 88 &c.
856 2573 427 88 praecipiensque
1212 2573 214 88 illos
1354 2573 261 88 euitari
1544 2573 261 88 dicens,
1734 2573 142 88 Et
1805 2573 166 88 hos
1876 2573 166 88 deui¬-

545 2618 164 108 ta;
638 2618 376 108 Consequenter
944 2618 211 108 inter
1084 2618 235 108 illos,
1249 2618 164 108 qui
1343 2618 235 108 futuri
1507 2618 211 108 erant
1648 2618 211 108 causa
1789 2618 305 108 periculi,

542 2706 348 93 specialiter
820 2706 255 93 tractat
1006 2706 139 93 de
1076 2706 395 93 Penetrantibus
1401 2706 209 93 domos
1540 2706 255 93 dicens,
1726 2706 139 93 Ex
1796 2706 163 93 his
1888 2706 209 93 sunt,
