2592 3508
540 150 327 95 Collegiis
791 150 403 95 Ecclesiarum,
1119 150 176 95 per
1219 150 327 95 canonitas
1471 150 352 95 sanctiones
1748 150 327 95 eliguntur
1974 150 101 95 E¬-

532 208 304 115 piscopi,
759 208 177 115 qui
861 208 329 115 Apostolis
1114 208 430 115 succefserunt,
1468 208 127 115 &
1518 208 228 115 eorum
1670 208 228 115 vices
1797 208 278 115 geruintol

548 289 151 70 vt
623 289 278 70 legitur
825 289 227 70 dist.
977 289 177 70 66.
1078 289 202 70 ean.
1204 289 252 70 Quorum
1380 289 252 70 vices.
1557 289 177 70 (Ab
1658 289 328 70 Apostolis
1885 289 101 70 ve

538 357 322 102 eliguntur
786 357 297 102 Minores,
1009 357 198 102 siue
1133 357 372 102 Parochiales
1430 357 372 102 Presbyteri,
1727 357 173 102 qui
1801 357 149 102 gar,

549 422 254 91 cipulis
733 422 392 91 fuccesserunt,
1056 422 115 91 &
1102 422 207 91 eorum
1240 422 184 91 loca
1356 422 254 91 tenent,
1540 422 138 91 vt
1609 422 254 91 legitur
1793 422 207 91 dist.
1932 422 161 91 41.

534 488 204 84 can.
662 488 153 84 In
739 488 204 84 Nouo
866 488 383 84 Testamento.
1173 488 204 84 Vnde
1300 488 230 84 Iluc.
1453 488 179 84 10.
1555 488 153 84 in
1632 488 357 84 principio;
1887 488 179 84 dicit

539 553 236 75 Gloss.
705 553 212 75 Sicut
846 553 142 75 in
917 553 307 75 Apostolis
1153 553 165 75 est
1247 553 212 75 sorma
1389 553 401 75 IEpiscoporum;
1720 553 165 75 sic
1814 553 118 75 &
1861 553 142 75 in
1908 553 142 75 Rae¬-

546 625 318 70 Discipulis
796 625 205 70 sorma
933 625 159 70 est
1023 625 386 70 Presbyterorum
1342 625 250 70 secundi
1523 625 273 70 ordinis,
1728 625 136 70 id
1796 625 182 70 est,
1887 625 159 70 Paro¬-

545 683 313 77 chialium.
786 683 169 77 Nec
882 683 265 77 fuerunt
1075 683 145 77 ab
1148 683 241 77 initio
1317 683 241 77 plures
1485 683 265 77 ordines
1678 683 145 77 in
1751 683 313 77 Ecclesia,
1968 683 96 77 ad

547 756 298 84 regendum
771 756 199 84 eam,
895 756 224 84 primo
1044 756 124 84 &
1094 756 422 84 principaliter
1442 756 373 84 constituri;
1740 756 124 84 &
1790 756 199 84 ideo
1889 756 149 84 Cho¬-

540 826 354 86 repiscopi,
818 826 278 86 quoniam
1021 826 278 86 praeter
1223 826 177 86 hos
1324 826 202 86 duos
1451 826 278 86 ordines
1653 826 278 86 fuerant
1831 826 202 86 subine

544 894 275 83 gressi,
744 894 125 83 &
794 894 150 83 de
869 894 375 83 Episcoporum
1169 894 275 83 officio
1368 894 275 83 aliquid
1568 894 375 83 vsurpabant,
1868 894 150 83 de
1918 894 125 83 me¬-

547 958 163 93 dio
640 958 187 93 sunt
757 958 280 93 sublati.
967 958 187 93 Vnde
1084 958 210 93 dist.
1224 958 163 93 26.
1317 958 187 93 eani
1434 958 397 93 Chorepiscopi,
1761 958 280 93 dicitur;
1971 958 163 93 Cum

540 1034 181 72 enim
654 1034 159 72 non
744 1034 181 72 nisi
857 1034 181 72 duos
971 1034 249 72 ordines
1152 1034 204 72 inter
1288 1034 317 72 Discipulos
1537 1034 226 72 Domini
1695 1034 385 72 cognouerimis,

532 1084 149 87 id
607 1084 174 87 est
706 1084 298 87 duodecim
929 1084 397 87 Apostolorum,
1252 1084 124 87 &
1302 1084 372 87 septuaginta
1599 1084 422 87 Discipulorum;
1922 1084 124 87 vn¬-

537 1153 132 83 de
603 1153 176 83 iste
713 1153 242 83 tertius
889 1153 176 83 ordo
998 1153 352 83 processerit,
1284 1153 264 83 funditus
1482 1153 308 83 ignoramus;
1723 1153 110 83 &
1767 1153 176 83 quod
1855 1153 176 83 ratio¬-

531 1225 146 75 ne
604 1225 243 75 caret,
774 1225 340 75 extirpari,
1041 1225 267 75 necesse
1236 1225 194 75 est.
1357 1225 389 75 Archidiaconi
1673 1225 219 75 vero,
1819 1225 122 75 &
1844 1225 194 75 Archi¬-

536 1289 365 71 presbyteri,
827 1289 122 71 &
876 1289 194 71 alii
997 1289 340 71 quicumque,
1265 1289 292 71 secundùm
1483 1289 292 71 diuersos
1702 1289 219 71 ritus
1824 1289 194 71 Eccle¬-

537 1345 231 72 siarum
699 1345 347 72 diuersimode
976 1345 300 72 instituti
1207 1345 185 72 sunt
1323 1345 139 72 in
1392 1345 277 72 Ecclesia
1600 1345 185 72 Dei,
1716 1345 139 72 vt
1785 1345 162 72 sub
1854 1345 162 72 Epis¬-

537 1406 235 114 copis,
701 1406 165 114 vel
795 1406 212 114 etiam
936 1406 165 114 sub
1030 1406 376 114 Presbyteris,
1336 1406 165 114 vel
1430 1406 188 114 vice
1547 1406 400 114 Presbyterorum
1853 1406 165 114 exer¬-

523 1477 224 85 ceant
673 1477 274 85 regimen
872 1477 324 85 animarum,
1121 1477 424 85 opitulationes
1471 1477 324 85 appellati
1720 1477 224 85 sunt,
1869 1477 150 85 id
1919 1477 125 85 est

529 1554 202 81 opem
655 1554 329 81 Maioribus
908 1554 329 81 ferentes.
1161 1554 202 81 Vnde
1287 1554 152 81 I.
1363 1554 303 81 Corinth.
1590 1554 177 81 12.
1691 1554 227 81 super
1818 1554 202 81 illudi

533 1608 234 90 Deinde
696 1608 257 90 Gratias
884 1608 351 90 curationum,
1164 1608 421 90 opitulationes,
1515 1608 164 90 &c.
1609 1608 211 90 dicit
1749 1608 234 90 Gloss.
1890 1608 140 90 Opi¬-

532 1679 342 105 tulationes,
806 1679 137 105 id
874 1679 159 105 est
965 1679 182 105 opem
1079 1679 296 105 Maioribus
1307 1679 296 105 ferentes,
1535 1679 137 105 vt
1603 1679 205 105 Titus
1740 1679 228 105 Paulo,
1899 1679 114 105 &
1922 1679 114 105 Ar¬-

530 1731 294 90 chidiaconi
761 1731 294 90 Episcopis.

623 1777 148 120 §.
697 1777 272 120 Istorum
895 1777 247 120 autem,
1068 1777 173 120 qui
1167 1777 420 120 opitulationes
1513 1777 222 120 dicti
1661 1777 222 120 sunt;
1810 1777 173 120 iam
1884 1777 148 120 sung

517 1882 243 74 quidam
687 1882 170 74 per
784 1882 316 74 Ecclesias
1027 1882 316 74 ordinarie
1271 1882 340 74 instituti,
1538 1882 146 74 vt
1611 1882 195 74 sunt
1708 1882 292 74 Archidiaco

529 1949 176 76 ni,
630 1949 126 76 &
680 1949 504 76 Archipresbyteri;
1108 1949 378 76 verumtamen,
1411 1949 378 76 Ecclesiarum
1713 1949 328 76 necessit,

532 2009 164 87 te,
625 2009 164 87 vel
719 2009 305 87 vtilitate
953 2009 375 87 exigentibus,
1258 2009 234 87 augeri
1422 2009 258 87 possunt
1610 2009 398 87 Opitulationes
1914 2009 94 87 ex

518 2076 457 77 traordinarie
890 2076 200 77 per
1004 2076 457 77 delegationem
1375 2076 343 77 Maiorum.
1633 2076 229 77 Vnde
1747 2076 257 77 Opicula

521 2129 245 86 tiones
692 2129 465 86 extraordinariae
1083 2129 196 86 dici
1205 2129 293 86 possunt;
1425 2129 196 86 quos
1547 2129 293 86 Episcopi
1743 2129 269 86 nonnullis

517 2211 446 77 occupationibus
889 2211 322 77 impediti,
1137 2211 273 77 mittunt
1335 2211 173 77 per
1434 2211 198 77 suas
1558 2211 322 77 Dioceses,
1806 2211 149 77 ad
1856 2211 173 77 exer¬-

515 2281 294 89 cendum
720 2281 235 89 vice
867 2281 323 89 ipsorum
1102 2281 323 89 regimen
1337 2281 382 89 animarum,
1631 2281 352 89 secundùm
1866 2281 176 89 quod

515 2346 191 92 ipsi
635 2346 287 92 Episcopi
850 2346 383 92 iudicauerunt
1161 2346 311 92 expedire,
1401 2346 144 92 vt
1472 2346 263 92 legitur
1664 2346 239 92 Extra;
1831 2346 144 92 De
1879 2346 120 92 off

510 2421 177 69 cio
611 2421 254 69 ordin.
789 2421 203 69 cap.
915 2421 228 69 Inter
1067 2421 279 69 catera.
1270 2421 203 69 Quod
1397 2421 228 69 etiam
1549 2421 228 69 eadem
1701 2421 279 69 tatione
1879 2421 152 69 dici

521 2476 234 84 posset
685 2476 141 84 de
755 2476 305 84 Minoribus
989 2476 328 84 Praelatis,
1247 2476 141 84 vt
1317 2476 187 84 sunt
1434 2476 281 84 Plebani,
1645 2476 117 84 &
1692 2476 187 84 alii
1786 2476 234 84 Ecclesia

517 2543 168 70 rum
613 2543 312 70 Rectores;
853 2543 336 70 videlicet,
1117 2543 192 70 quod
1237 2543 168 70 per
1333 2543 192 70 suas
1453 2543 312 70 Parochias
1693 2543 264 70 possint
1861 2543 168 70 Prae¬-

523 2595 309 115 dicatores
761 2595 285 115 mittere,
975 2595 166 115 vel
1070 2595 262 115 vocare,
1260 2595 166 115 vel
1355 2595 309 115 inuitare,
1593 2595 143 115 vt
1664 2595 262 115 legitur
1855 2595 143 115 9.
1902 2595 119 115 qiE

520 2681 185 98 cap.
636 2681 301 98 Episcopi,
867 2681 162 98 vel
960 2681 347 98 Presbyteri.
1238 2681 394 98 Opitulationes
1562 2681 208 98 eriam
1701 2681 185 98 dici
1816 2681 278 98 possint.
