2592 3508
478 163 261 105 alienam
668 163 237 105 messem
834 163 332 105 transiens,
1095 163 237 105 falcem
1261 163 261 105 mittere
1450 163 166 105 non
1545 163 237 105 dibet.
1711 163 142 105 6.
1782 163 190 105 diae
1877 163 142 105 rati

480 236 294 104 Scriptum
701 236 196 104 est;
824 236 123 104 &
873 236 172 104 est
971 236 270 104 sumptum
1167 236 147 104 ex
1241 236 270 104 Deuter.
1437 236 172 104 cap
1535 236 343 104 adicteciti
1781 236 245 104 pssiriet

484 307 179 96 cap.
596 307 157 96 29.
685 307 269 96 Placuit,
887 307 134 96 vt
954 307 112 96 a
998 307 201 96 nullo
1133 307 269 96 Episcopo
1334 307 313 96 vsurpentur
1580 307 224 96 plibes
1737 307 246 96 aliene,
1894 307 134 96 nee¬-

479 364 262 88 aliquis
670 364 357 88 Episcoporum
955 364 428 88 supergrediatur
1312 364 143 88 in
1383 364 262 88 Diocesi
1574 364 286 88 collegam
1788 364 190 88 suum
1883 364 143 88 Item

495 436 161 94 Leo
587 436 207 94 Papa.
725 436 184 94 Suis
840 436 276 94 terminis
1046 436 253 94 quisque
1230 436 299 94 contentus
1460 436 184 94 sit,
1575 436 161 94 nec
1666 436 207 94 supra
1781 436 230 94 mensuram

497 503 189 72 iuris
623 503 147 72 sui
707 503 252 72 affectet
895 503 231 72 augeri.
1063 503 126 72 9.
1126 503 126 72 6.
1189 503 126 72 I.
1252 503 168 72 cap.
1357 503 126 72 Si
1420 503 168 72 quis
1525 503 273 72 Episcopus
1713 503 294 72 mediotripate

500 577 315 69 ciuitatis
742 577 194 69 sue.
863 577 194 69 Vnde
984 577 145 69 si
1057 577 194 69 quis
1178 577 121 69 a
1226 577 242 69 Domino
1396 577 194 69 Papa
1517 577 169 69 non
1614 577 266 69 missus,
1783 577 218 69 effiqum

486 642 283 68 Episcopi
699 642 189 68 sibi
817 642 259 68 vsurpet
1005 642 141 68 in
1076 642 259 68 Diocesi
1265 642 259 68 aliena,
1453 642 236 68 inuito
1618 642 212 68 Dioce
1760 642 212 68 sanos
1878 642 141 68 iple

505 700 233 102 facto
661 700 545 102 excommunicationem
1127 700 363 102 incurriti,
1413 700 130 102 &
1465 700 233 102 etiam
1620 700 233 102 debet
1750 700 285 102 inuocari¬-

488 772 234 74 contra
651 772 187 74 eum,
768 772 140 74 si
839 772 257 74 necesse
1026 772 257 74 fuerit,
1213 772 281 74 brachium
1424 772 328 74 saeculare;
1681 772 211 74 Extra
1821 772 140 74 De
1892 772 187 74 cise

485 848 217 95 ficio
629 848 409 95 ordinariorum,
967 848 193 95 cap.
1087 848 265 95 Quoniam
1280 848 144 95 an
1352 848 337 95 plerisque;
1617 848 144 95 in
1689 848 193 95 fine
1809 848 169 95 Sil
1882 848 144 95 ergo

486 912 173 75 hoc
585 912 173 75 non
684 912 247 75 potest
856 912 321 75 Episcopus
1103 912 148 75 in
1177 912 271 75 Diocesi
1375 912 271 75 aliena,
1572 912 222 75 multo
1720 912 222 75 minus
1843 912 173 75 illei

1941 846 108 66 e

495 982 166 91 qui
590 982 166 91 per
685 982 379 91 ordinationem
992 982 308 91 Ecclesiae
1229 982 213 91 nulli
1371 982 260 91 praeest
1561 982 402 91 iurisdictioni
1868 982 166 91 ;saut

495 1033 390 84 Ecclesiasticae
821 1033 304 84 potestati.

543 1068 148 129 §.
617 1068 172 129 Cum
716 1068 271 129 igitur,
912 1068 148 129 vt
986 1068 246 129 dictum
1158 1068 197 129 est,
1281 1068 295 129 potestas
1503 1068 369 129 Episcoporum
1798 1068 172 129 sit
1872 1068 172 129 exar¬-

505 1175 222 78 minare
660 1175 399 78 Praedicatores,
992 1175 111 78 &
1037 1175 288 78 resistere
1258 1175 222 78 illis,
1414 1175 133 78 si
1480 1175 222 78 Pseudo
1635 1175 244 78 fuerint
1791 1175 200 78 inuenti

497 1240 389 85 giurisdictio,
817 1240 114 85 &
863 1240 206 85 honor
1000 1240 206 85 eorum
1137 1240 183 85 sit,
1252 1240 137 85 vt
1320 1240 206 85 vnius
1457 1240 274 85 Diocesis
1663 1240 183 85 vnus
1777 1240 274 85 sitEpis¬

508 1313 249 72 copus,
682 1313 124 72 &
732 1313 224 72 vnius
881 1313 299 72 Ecclesie
1105 1313 199 72 vnus
1230 1313 274 72 Rector;
1429 1313 124 72 &
1478 1313 199 72 quod
1603 1313 249 72 nullus
1777 1313 124 72 a
1802 1313 199 72 Domino

507 1362 185 81 Para
623 1362 162 81 non
715 1362 255 81 missus,
900 1362 231 81 debeat
1062 1362 162 81 eis
1155 1362 393 81 irrequisitis;
1479 1362 162 81 vel
1571 1362 278 81 inuitis,
1779 1362 139 81 in
1849 1362 231 81 corum¬

500 1427 354 108 Diocesibus,
783 1427 259 108 officia
972 1427 401 108 Ecclesiastica
1302 1427 306 108 exercere;
1538 1427 165 108 nec
1632 1427 165 108 sit
1703 1427 306 108 intentionis

504 1496 246 95 Domini
677 1496 221 95 Papae
824 1496 295 95 minuere,
1045 1496 172 95 vel
1144 1496 320 95 alterare,
1389 1496 172 95 vel
1488 1496 295 95 impedire
1684 1496 320 95 potestatem;

490 1579 187 84 vel
597 1579 321 84 honorem,
838 1579 187 84 vel
945 1579 481 84 iurisdictionem
1345 1579 321 84 eorumdem
1586 1579 428 84 Episcoporum,
1906 1579 134 84 vt¬-

507 1645 275 51 ostensum
713 1645 160 51 est
805 1645 229 51 supra;
965 1645 252 51 constat
1149 1645 229 51 autem,
1309 1645 183 51 quod
1423 1645 137 51 si
1492 1645 298 51 praefatae
1721 1645 321 51 infinitae,
1950 1645 69 51 &

487 1700 307 97 incertae
717 1700 332 97 personae,
973 1700 204 97 sine
1100 1700 307 97 mandato,
1330 1700 179 97 aut
1433 1700 332 97 legatione
1688 1700 255 97 Domini
1841 1700 179 97 Papae

502 1765 298 71 speciali,
731 1765 252 71 possent
915 1765 390 71 Ecclesiastica
1236 1765 252 71 officia
1420 1765 138 71 in
1488 1765 275 71 qualibet
1695 1765 275 71 Diocesi,
1901 1765 115 71 &
1924 1765 92 71 in

493 1849 286 77 qualibet
708 1849 310 77 Ecclesia,
947 1849 406 77 irrequisitis,
1281 1849 167 77 vel
1376 1849 263 77 inuitis
1567 1849 334 77 Episcopis,
1806 1849 215 77 publice

492 1912 320 64 exercere;
739 1912 173 64 ita
837 1912 197 64 quod
961 1912 173 64 non
1059 1912 271 64 possent
1256 1912 296 64 Episcopi
1478 1912 271 64 ratione
1675 1912 419 64 PPraelationis

500 1962 182 89 suae
614 1962 204 89 illos
750 1962 318 89 prohibere,
1000 1962 159 89 vel
1091 1962 227 89 saltem
1250 1962 318 89 examinare,
1499 1962 159 89 nec
1590 1962 159 89 iis
1681 1962 272 89 pofsenit
1863 1962 136 89 resi

496 2026 246 89 stere,
668 2026 270 89 etiamsi
865 2026 246 89 Pseudo
1037 2026 246 89 essent
1208 2026 295 89 inuenti;
1429 2026 246 89 Restat
1601 2026 196 89 quod
1724 2026 172 89 per
1822 2026 172 89 hoc
1896 2026 98 89 mi

489 2106 311 83 nueretur,
728 2106 191 83 immo
848 2106 407 83 infringeretur
1183 2106 120 83 &
1231 2106 335 83 turbaretur
1494 2106 335 83 Praelatio,
1757 2106 144 83 id
1829 2106 167 83 est
1900 2106 144 83 pos¬-

491 2174 283 74 testas,
697 2174 257 74 honor,
877 2174 129 74 &
929 2174 386 74 iurisdictio
1238 2174 412 74 Episcoporum.
1573 2174 257 74 Restat
1753 2174 232 74 etiam
1882 2174 154 74 peri

500 2245 456 88 consequentiam,
879 2245 202 88 quod
1006 2245 152 88 ex
1082 2245 177 88 hoc
1183 2245 202 88 ordo
1310 2245 329 88 vniuersae
1563 2245 329 88 Ecclesiae
1791 2245 202 88 consun

494 2302 257 72 deretur;
686 2302 150 72 Non
772 2302 171 72 enim
879 2302 214 72 posset
1029 2302 214 72 ipsius
1179 2302 321 72 vniuersitas
1436 2302 171 72 vlla
1543 2302 236 72 ratione
1715 2302 300 72 subsistere
1929 2302 107 72 ni¬-

488 2373 131 76 si
554 2373 153 76 eam
641 2373 349 76 Praelationis
924 2373 109 76 &
968 2373 349 76 Subiectionis
1251 2373 392 76 ordosseruaret,
1578 2373 131 76 vt
1644 2373 240 76 legitur
1818 2373 196 76 dist.
1927 2373 109 76 Edi

491 2441 199 74 can.
615 2441 149 74 Ad
690 2441 199 74 hoc.
814 2441 274 74 Turbato
1013 2441 224 74 etiam
1163 2441 398 74 Praelationis
1486 2441 274 74 ordine;
1685 2441 174 74 pax
1759 2441 274 74 Ecclesiae

506 2503 350 100 turbaretur;
786 2503 163 100 cum
879 2503 210 100 ordo,
1019 2503 117 100 &
1066 2503 234 100 gradus
1230 2503 374 100 Praelationis
1533 2503 280 100 inuentus
1743 2503 304 100 extiterit
1954 2503 93 100 ad

497 2571 325 84 concordiam
752 2571 302 84 Ecclesiae
984 2571 325 84 vniuersae,
1239 2571 139 84 vt
1309 2571 255 84 legitur
1494 2571 209 84 dist.
1634 2571 162 84 93.
1726 2571 186 84 eans
1819 2571 209 84 Legimus

493 2627 245 95 versu,
665 2627 196 95 Quod
788 2627 221 95 autem
935 2627 245 95 postea
1106 2627 221 95 vnus.

550 2664 151 155 §.
625 2664 328 155 Cumigitur
877 2664 176 155 non
978 2664 176 155 sit
1079 2664 378 155 intentionis
1382 2664 227 155 summi
1533 2664 378 155 Ponlificis,
1810 2664 227 155 Restor¬
