2592 3508
537 115 189 142 sibi
655 115 236 142 debita
820 115 118 142 a
868 115 283 142 plesilis
1080 115 189 142 nis,
1198 115 236 142 quibus
1363 115 354 142 praedicant,
1646 115 259 142 tamquam
1834 115 118 142 s
1881 115 141 142 bi
1929 115 141 142 enin

545 225 249 98 cialibus
732 225 186 98 suis;
856 225 124 98 si
918 225 186 98 tamen
1042 225 166 98 sine
1146 225 249 98 scandale
1332 225 186 98 sieii
1456 225 290 98 possuntsut
1684 225 186 98 dicit
1788 225 269 98 Alieisplis,

529 309 150 87 an
604 309 201 87 lib.
729 309 150 87 De
805 309 226 87 ppere
955 309 276 87 Monach.
1156 309 201 87 cap.
1281 309 150 87 3.
1356 309 476 87 IresEESITiiorli
1757 309 150 87 ai
1807 309 251 87 vaboran¬-

550 362 156 68 tem
639 362 290 68 Agricolam
862 362 245 68 oportet
1040 362 223 68 primum
1196 362 134 68 de
1263 362 290 68 fiuctibus
1486 362 312 68 percipere,
1731 362 201 68 Glos.
1864 362 134 68 Id
1931 362 178 68 est,

545 438 331 90 necessaria
805 438 142 90 ab
876 438 378 90 Auditoribus.
1183 438 425 90 Scandolumsenim
1537 438 142 90 in
1608 438 165 90 hoc
1703 438 307 90 visanidum
1939 438 165 90 ii.

546 516 161 74 1o.
638 516 138 74 6.
707 516 138 74 3.
775 516 184 74 cap.
890 516 298 74 Cauendum.
1120 516 184 74 Vnde
1234 516 184 74 Luer
1349 516 138 74 is
1418 516 206 74 super
1555 516 229 74 illud;
1693 516 367 74 pssistoloratio

540 567 122 86 in
601 567 163 86 via,
702 567 183 86 dicit
824 567 183 86 Glos.
946 567 285 86 Necessaria
1170 567 183 86 vitae
1292 567 264 86 debeptiur
1495 567 142 86 Pre
1576 567 346 86 dicntonibulsr
1861 567 142 86 ili
1922 567 142 86 plis.

543 621 213 96 quibus
692 621 320 96 praedicant,
948 621 213 96 quando
1097 621 171 96 sine
1204 621 384 96 fcandalossuler
1524 621 256 96 possunt.
1716 621 128 96 Si
1780 621 171 96 vere
1866 621 213 96 iisisisi

541 693 249 80 fuerint
722 693 271 80 delegata
925 693 294 80 missione,
1151 693 181 80 tunc
1264 693 474 80 distifigiulisisis
1671 693 158 80 Aue
1761 693 158 80 eni
1829 693 226 80 mimiilli

544 760 206 61 sunt
673 760 129 61 a
725 760 232 61 Summo
879 760 335 61 Pontisice
1137 760 180 61 aut
1240 760 155 61 ab
1318 760 412 61 Inferioribus
1653 760 361 61 Praelatis.
1936 760 155 61 Si
1988 760 77 61 a

530 828 247 62 Summo
694 828 384 62 Pontifice;
996 828 220 62 tune
1134 828 275 62 sumere
1326 828 302 62 possune
1545 828 302 62 sumptus
1765 828 165 62 ab
1847 828 220 62 eis;
1957 828 110 62 ad

541 892 251 77 quorum
717 892 276 77 regimen
918 892 352 77 mittuntur,
1194 892 276 77 tamquam
1395 892 251 77 Begati
1571 892 352 77 gittentis.
1823 892 226 77 Potrqi¬-

537 960 130 65 De
602 960 282 65 Censibus,
819 960 368 65 Exactionibus,
1122 960 152 65 qui
1209 960 433 65 Procurationibus,
1577 960 173 65 capi
1686 960 217 65 fidieu
1816 960 238 65 sinstuui¬-

537 1026 180 90 tia.
650 1026 135 90 Si
718 1026 203 90 autem
853 1026 203 90 missi
989 1026 248 90 fuerint
1169 1026 203 90 tales
1305 1026 384 90 Praedicacores
1620 1026 293 90 delegiti,
1846 1026 135 90 ab
1891 1026 158 90 Epis¬-

535 1106 233 85 copis,
698 1106 163 85 vel
791 1106 140 85 ab
861 1106 210 85 aliis
1001 1106 303 85 Minoribus
1234 1106 326 85 Praelatis,
1490 1106 163 85 qui
1583 1106 256 85 propter
1769 1106 210 85 ontis
1886 1106 163 85 gegi¬-

529 1159 217 76 minis
673 1159 337 76 subditorum
938 1159 241 76 suorum
1107 1159 241 76 habent
1275 1159 144 76 ab
1348 1159 169 76 eis
1444 1159 313 76 stipendie
1685 1159 289 76 cosidtii
1877 1159 169 76 sipa;

538 1240 171 73 cunc
644 1240 214 73 debunt
794 1240 171 73 illi
901 1240 278 73 mittentes
1114 1240 192 73 illis
1242 1240 214 73 missis
1392 1240 299 73 fecessaria
1627 1240 278 73 ministras
1840 1240 128 73 ss
1905 1240 128 73 su
1947 1240 107 73 fil

529 1298 334 84 praebendas
792 1298 334 84 assignare,
1054 1298 143 84 de
1126 1298 239 84 quibus
1293 1298 143 84 in
1364 1298 262 84 officio
1555 1298 191 84 sibi
1674 1298 286 84 commisso
1865 1298 191 84 cofis¬-

544 1355 266 70 petenter
744 1355 244 70 valeant
921 1355 333 70 sustentari.
1187 1355 222 70 Extra,
1343 1355 133 70 De
1409 1355 244 70 officio
1587 1355 222 70 Iuist.
1742 1355 244 70 Ordiuos
1920 1355 178 70 gal.

539 1425 214 76 futer
682 1425 261 76 cefera.
871 1425 142 76 Et
943 1425 166 76 hoc
1038 1425 142 76 ad
1109 1425 261 76 instar.
1299 1425 332 76 Imperialis
1560 1425 237 76 Legati
1726 1425 142 76 in
1773 1425 285 76 Prouifiett

527 1492 345 73 destinati,
799 1492 173 73 qui
897 1492 173 73 non
996 1492 148 73 de
1070 1492 222 73 rebus
1218 1492 444 73 Prouincialium,
1588 1492 173 73 sed
1686 1492 148 73 de
1760 1492 222 73 rebus
1883 1492 173 73 sisci

522 1554 384 97 Imperatoris
830 1554 256 97 viuere
1009 1554 256 97 debet,
1189 1554 154 97 eo
1266 1554 205 97 quod
1394 1554 128 97 a
1445 1554 461 97 Prouineialibus
1804 1554 256 97 recipie¬-

526 1619 305 91 Imperator
760 1619 258 91 tribura
948 1619 352 91 constitura,
1230 1619 141 91 vt
1300 1619 258 91 legitur
1488 1619 141 91 in
1558 1619 329 91 Autlentica
1793 1619 258 91 vrquniuii

530 1699 303 80 udlicum,
757 1699 151 80 §.
832 1699 252 80 Nulli.
1009 1699 277 80 Collat.
1211 1699 151 80 9.
1286 1699 202 80 quod
1412 1699 177 80 non
1513 1699 177 80 est
1614 1699 151 80 in
1690 1699 252 80 surmmo
1841 1699 202 80 Popii¬-

536 1752 222 79 fice.
684 1752 173 79 Non
783 1752 247 79 igitur
956 1752 296 79 tenentur
1179 1752 296 79 subiecti
1401 1752 371 79 Episcoporum
1697 1752 296 79 exhihere
1895 1752 148 79 pro¬-

520 1828 333 62 curationes
782 1828 452 62 Praedicatoribus
1163 1828 476 62 extraordinariis,
1568 1828 143 62 ab
1639 1828 310 62 Episcopis
1854 1828 190 62 desti¬-

523 1890 244 76 riatis,
701 1890 178 76 nisi
812 1890 200 76 forte
945 1890 178 76 ipsi
1056 1890 267 76 Episcopi
1256 1890 267 76 facerent
1456 1890 222 76 illos.
1612 1890 267 76 Vicatios
1812 1890 200 76 suns,
1923 1890 111 76 non

526 1952 226 83 solum
676 1952 150 83 ad
752 1952 426 83 praedicandum,
1102 1952 175 83 sed
1203 1952 226 83 etiam
1353 1952 150 83 ad
1428 1952 376 83 visitandum,
1729 1952 125 83 &
1779 1952 150 83 ad
1829 1952 201 83 eixti¬-

515 2035 274 97 gendum,
714 2035 125 97 &
764 2035 398 97 raecipiendum
1088 2035 423 97 procurationes
1436 2035 199 97 sibi
1561 2035 274 97 debitas
1760 2035 199 97 vice
1860 2035 174 97 ipsus

515 2091 194 57 rum.

611 2120 148 129 §.
685 2120 148 129 Si
760 2120 198 129 vero
883 2120 296 129 dicatur,
1105 2120 198 129 quod
1229 2120 296 129 Episcopi
1451 2120 346 129 compellere
1723 2120 272 129 possunt
1896 2120 148 129 Pai¬-

507 2226 319 69 rochiales
753 2226 393 69 Presbyteros,
1072 2226 147 69 vt
1146 2226 221 69 omnds
1294 2226 418 69 Praedicatores
1637 2226 147 69 ab
1711 2226 172 69 eis
1785 2226 270 69 destipar¬-

517 2297 172 88 tos
616 2297 344 88 procurent,
886 2297 270 88 viderur
1083 2297 172 88 huc
1181 2297 197 88 esse
1304 2297 197 88 iuri
1427 2297 369 88 cuntrarium;
1722 2297 270 88 quoniam
1894 2297 147 88 oxs¬-

509 2354 208 80 inde
639 2354 364 80 Presbyteri
925 2354 416 80 graudrentur;
1263 2354 130 80 &
1316 2354 546 80 scandaliearentur;
1758 2354 286 80 Cosfiltit

516 2423 188 78 enim
633 2423 188 78 quod
751 2423 306 78 Episcopi,
986 2423 212 78 etiam
1127 2423 259 78 quaendp
1315 2423 282 78 visitant
1526 2423 188 78 suas
1644 2423 306 78 Dioceses,
1855 2423 188 78 fioie¬-

509 2495 261 68 possunt
699 2495 285 68 grauare,
913 2495 166 68 vel
1008 2495 380 68 scandalieare
1317 2495 309 68 subiectus
1555 2495 356 68 Sacerdotes,
1840 2495 143 68 in
1887 2495 143 68 pro¬-

506 2567 411 80 curationibus
840 2567 308 80 propriis
1071 2567 360 80 exigendis.
1354 2567 206 80 Vnde
1483 2567 154 80 in
1560 2567 334 80 Enicilio.
1791 2567 231 80 Gabilo¬-

513 2632 205 68 nersi
650 2632 274 68 legitur.
855 2632 137 68 Si
924 2632 251 68 quiando
1106 2632 296 68 Episcupir
1334 2632 137 68 &u
1402 2632 365 68 petegepduler
1676 2632 342 68 &siioisterium

506 2685 180 102 suim,
626 2685 100 102 d
666 2685 301 102 Fraetribus,
907 2685 140 102 aut
987 2685 120 102 il
1047 2685 240 102 Sabuiris
1227 2685 220 102 aliquid
1388 2685 321 102 inccipiendai
1648 2685 160 102 ils;
1748 2685 140 102 hoc
1809 2685 220 102 isunquno¬
