2592 3508
451 170 175 81 lum
551 170 324 81 Euangelio
800 170 299 81 Christi.
1025 170 175 81 Sed
1125 170 249 81 verius
1299 170 200 81 dici
1424 170 274 81 potest,
1624 170 374 81 vtasferunt,

450 228 220 88 ipsis
596 228 366 88 Auditoribus
889 228 268 88 gratiam
1084 228 244 88 fieri,
1255 228 122 88 &
1303 228 171 88 eis
1401 228 268 88 amplius
1596 228 293 88 impendi;
1791 228 171 88 siue¬-

449 306 259 58 amplius
638 306 282 58 erogari,
849 306 212 58 iuxta
991 306 212 58 illud
1132 306 188 58 Euc.
1249 306 165 58 10.
1343 306 282 58 Quidquid
1555 306 259 58 amplius
1720 306 235 58 erogaue¬-

452 370 172 58 ris,
559 370 150 58 ego
645 370 150 58 cum
730 370 257 58 rediero,
923 370 214 58 reddam
1074 370 193 58 tibi;
1202 370 107 58 &
1245 370 150 58 sic
1331 370 129 58 in
1395 370 300 58 Evangelio,
1631 370 129 58 ad
1696 370 214 58 instar
1824 370 129 58 Apo¬-

446 433 229 61 stoli,
607 433 160 61 qui
698 433 206 61 nihil
836 433 138 61 ab
905 433 344 61 Auditoribus
1180 433 183 61 suis
1294 433 275 61 recepit,
1501 433 390 61 mifericordius
1821 433 115 61 &
1844 433 115 61 la¬-

455 503 297 60 boriosius
684 503 343 60 conuersari.

505 573 140 73 §.
575 573 140 73 Ad
645 573 187 73 quod
761 573 280 73 dicendum
972 573 187 73 est,
1088 573 187 73 quod
1205 573 210 73 ille,
1345 573 163 73 qui
1438 573 163 73 hoc
1532 573 233 73 dicit,
1672 573 280 73 subispecie

449 634 336 66 humilitatis
717 634 112 66 &
762 634 269 66 pietatis
963 634 336 66 mirabiliter
1232 634 246 66 fallit,
1411 634 112 66 &
1456 634 224 66 falsum
1612 634 224 66 dicit.
1769 634 224 66 Primo,

449 710 184 66 quia
564 710 161 66 cum
656 710 344 66 Praedicator
931 710 230 66 missus
1092 710 230 66 Pastor
1252 710 184 66 sit,
1367 710 321 66 necessaria
1620 710 230 66 sumere
1780 710 138 66 ab
1826 710 115 66 iis

463 781 247 63 quibus
636 781 346 63 praedicat,
908 781 173 63 non
1006 781 173 63 est
1105 781 370 63 mendicitas,
1401 781 173 63 sed
1500 781 321 63 potestas,
1747 781 148 63 vt
1796 781 173 63 dicit

455 848 340 52 Augustinus
722 848 146 52 in
795 848 194 52 lib.
916 848 146 52 De
989 848 219 52 opere
1135 848 267 52 Monach.
1329 848 194 52 cap.
1451 848 170 52 14.
1548 848 146 52 in
1621 848 219 52 fine;
1767 848 146 52 Et
1815 848 146 52 idem

445 899 222 74 dicit
594 899 222 74 Glos.
742 899 222 74 super
890 899 222 74 illud
1038 899 148 74 2.
1112 899 272 74 Timoth.
1310 899 148 74 2.
1384 899 346 74 Laborantem
1656 899 346 74 Agricolam,

451 961 168 74 &c.
547 961 168 74 vbi
643 961 288 74 dicitur,
860 961 240 74 eastum
1028 961 385 74 Evangelistam
1340 961 264 74 securum
1532 961 216 74 facit
1677 961 336 74 Apostolus,

460 1026 112 91 &
504 1026 179 91 vult
616 1026 134 91 vt
683 1026 335 91 intelligat,
952 1026 179 91 quod
1063 1026 380 91 Praedicatorem
1377 1026 224 91 sumere
1533 1026 246 91 sumptus
1712 1026 134 91 ab
1779 1026 224 91 illis,

447 1114 190 59 quos
566 1114 262 59 tamquam
756 1114 238 59 gregem
923 1114 262 59 pascit,
1113 1114 166 59 vel
1208 1114 262 59 tamquam
1398 1114 238 59 cultor
1565 1114 238 59 vineam
1731 1114 285 59 exercet,

448 1182 155 62 non
537 1182 155 62 est
625 1182 311 62 mendicitas
870 1182 155 62 sed
959 1182 289 62 potestas.
1181 1182 200 62 Patet
1314 1182 244 62 igitur,
1492 1182 178 62 quod
1603 1182 333 62 Praedicator
1847 1182 111 62 ca¬-

451 1227 253 65 nonice
628 1227 253 65 missus
805 1227 177 65 non
906 1227 253 65 potest
1083 1227 253 65 sumere
1260 1227 278 65 sumptus
1463 1227 152 65 ab
1539 1227 380 65 Auditoribus
1817 1227 152 65 suis

446 1307 404 65 mendicitate;
774 1307 177 65 sed
875 1307 227 65 magis
1026 1307 353 65 potestate,
1303 1307 227 65 licet
1455 1307 227 65 petat
1606 1307 227 65 illos
1732 1307 227 65 propter

454 1358 228 62 Deum;
606 1358 127 62 &
657 1358 178 62 sic
758 1358 254 62 vtitur
936 1358 355 62 Apostolica
1215 1358 355 62 potestate.
1493 1358 279 62 Secundo
1696 1358 279 62 fallit,
1874 1358 76 62 &

458 1426 238 66 falsum
625 1426 238 66 dicit,
791 1426 190 66 quia
910 1426 167 66 cum
1005 1426 333 66 necessaria
1267 1426 214 66 vitae
1410 1426 309 66 debeantur
1624 1426 333 66 Praedicatori

459 1491 363 66 Apostolico,
749 1491 145 66 id
822 1491 169 66 est
919 1491 291 66 canonice
1137 1491 242 66 misso,
1306 1491 194 66 Iure
1427 1491 315 66 Dominico,
1669 1491 145 66 id
1742 1491 169 66 est
1815 1491 145 66 Iure

462 1561 264 66 Diuino,
654 1561 144 66 vt
726 1561 216 66 dicit
870 1561 336 66 Augustinus
1134 1561 144 66 in
1206 1561 216 66 eodem
1350 1561 216 66 libro
1494 1561 192 66 cap.
1614 1561 168 66 II.
1710 1561 288 66 constat,

454 1627 209 75 quod
585 1627 183 75 qui
689 1627 235 75 petit
846 1627 157 75 ea
925 1627 288 75 propter
1134 1627 235 75 Deum,
1291 1627 183 75 ant
1396 1627 288 75 propter
1605 1627 314 75 Dominum,
1814 1627 131 75 pe¬-

459 1705 151 75 tit
546 1705 129 75 ea
610 1705 344 75 potestatiue,
890 1705 172 75 quia
997 1705 194 75 petit
1126 1705 129 75 ea
1191 1705 129 75 eo
1256 1705 194 75 iure,
1385 1705 151 75 quo
1471 1705 215 75 petere
1621 1705 237 75 potest,
1772 1705 172 75 scili¬-

463 1755 175 73 cet
563 1755 200 73 Iure
688 1755 325 73 Dominico;
938 1755 175 73 nam
1038 1755 200 73 alio
1163 1755 200 73 modo
1288 1755 175 73 non
1388 1755 250 73 potest
1563 1755 150 73 ea
1638 1755 250 73 petere
1788 1755 175 73 Prae¬-

461 1827 282 65 dicator,
673 1827 188 65 nisi
791 1827 212 65 forte
932 1827 165 65 per
1026 1827 423 65 constitutiones
1379 1827 306 65 canonicas
1614 1827 118 65 &
1661 1827 282 65 humanas,
1849 1827 118 65 in¬-

463 1900 246 72 quibus
636 1900 246 72 tantum
808 1900 270 72 cauetur
1004 1900 148 72 de
1078 1900 467 72 Praedicatoribus
1471 1900 369 72 ordinariis,
1766 1900 148 72 id
1816 1900 148 72 est.

466 1962 147 60 de
540 1962 343 60 Praelatis,
810 1962 123 60 &
859 1962 270 60 Legatis
1055 1962 221 60 Summi
1202 1962 368 60 Pontificis.
1496 1962 368 60 Praedicator
1766 1962 196 60 igitur

454 2028 411 65 Apostolicus
782 2028 274 65 petens
974 2028 301 65 sumptus
1193 2028 164 65 ab
1275 2028 411 65 Auditoribus
1604 2028 219 65 suis
1714 2028 247 65 propter

463 2097 238 84 Deum,
621 2097 238 84 petit
780 2097 185 84 eos
885 2097 423 84 potestatiue;
1229 2097 211 84 Ergo
1361 2097 185 84 non
1466 2097 238 84 petit
1625 2097 185 84 eos
1704 2097 264 84 mendica¬-

466 2161 218 68 tiue,
611 2161 169 68 sed
708 2161 242 68 vtitur
877 2161 339 68 Apostolica
1119 2161 290 68 potestate.

552 2235 155 62 §.
630 2235 207 62 Item
759 2235 363 62 Augustinus
1044 2235 155 62 in
1122 2235 233 62 eodem
1278 2235 207 62 lib.
1407 2235 207 62 cap.
1537 2235 155 62 §.
1614 2235 181 62 ita
1718 2235 259 62 dicit.
1873 2235 104 62 Si

467 2309 315 62 Apostolus
709 2309 145 62 de
782 2309 339 62 spirituali
1048 2309 218 62 opere
1193 2309 242 62 victum
1363 2309 121 62 &
1411 2309 339 62 tecumentum
1677 2309 339 62 quaereret,

475 2362 130 65 id
540 2362 174 65 est,
649 2362 130 65 vt
714 2362 130 65 ab
779 2362 152 65 eis
866 2362 174 65 haec
975 2362 304 65 reciperet,
1214 2362 174 65 quos
1322 2362 130 65 in
1388 2362 282 65 Evangelio
1605 2362 348 65 aedificabat;
1865 2362 109 65 non

467 2439 388 68 consequenter
782 2439 291 68 diceret,
1000 2439 170 68 Sed
1097 2439 170 68 non
1194 2439 218 68 sumus
1340 2439 170 68 vsi
1437 2439 170 68 hac
1534 2439 339 68 potestate.
1800 2439 145 68 Ex
1849 2439 121 68 hac

467 2489 401 91 Authoritate
788 2489 294 91 habetur
1003 2489 375 91 manifeste,
1297 2489 214 91 quod
1431 2489 401 91 Praedicator
1725 2489 241 91 Aposto¬-

467 2560 267 68 licus,
654 2560 187 68 qui
761 2560 267 68 victum
948 2560 187 68 aut
1055 2560 374 68 tegumentum
1349 2560 294 68 accipit
1562 2560 160 68 ab
1642 2560 267 68 illis,
1803 2560 160 68 qui¬-

458 2626 167 93 bus
554 2626 335 93 praedicat,
817 2626 239 93 vtitur
984 2626 311 93 potestate
1224 2626 263 93 viuendi
1415 2626 144 93 de
1487 2626 215 93 Euang
1630 2626 191 93 lio;
1750 2626 191 93 Ergo
1845 2626 120 93 ac¬-

465 2721 218 60 cipit
610 2721 170 60 ea,
707 2721 170 60 non
804 2721 388 60 mendicatiue,
1120 2721 170 60 sed
1217 2721 388 60 potestatiue,
1532 2721 194 60 quia
1654 2721 291 60 exdebito
1848 2721 121 60 re¬
