2592 3508
540 135 243 145 cipit,
710 135 146 145 id
783 135 170 145 est
880 135 194 145 fute
1002 135 316 145 Dominieo,
1245 135 219 145 licet
1390 135 219 145 perat
1536 135 146 145 ea
1609 135 267 145 proptet
1804 135 243 145 Deliii
1949 135 122 145 Pat

545 259 222 73 tamen
693 259 419 73 niliilomilsus
1038 259 271 73 recipit
1236 259 148 73 ea
1310 259 247 73 gratis
1482 259 271 73 tartim,
1680 259 197 73 idem
1803 259 197 73 esim
1901 259 173 73 estin

545 313 365 79 Predicatore,
842 313 228 79 petere
1001 313 160 79 vel
1092 313 274 79 recipere
1298 313 296 79 sussiptus
1526 313 251 79 gratis;
1708 313 296 79 videlicet
1913 313 160 79 prop¬-

555 390 180 99 ter
658 390 206 99 Deum
787 390 283 99 tantum;
993 390 129 99 &
1044 390 257 99 potere
1224 390 180 99 vel
1327 390 309 99 recipere
1559 390 232 99 illos
1713 390 154 99 ex
1790 390 283 99 debito,
1970 390 103 99 id

549 444 166 75 est
644 444 190 75 sure
763 444 308 75 Dominico;
1000 444 190 75 quia
1118 444 285 75 debentur
1332 444 142 75 ex
1403 444 237 75 debito
1569 444 356 75 Charitatis.
1854 444 190 75 Vnde
1948 444 119 75 su¬-

564 511 158 99 ver
655 511 270 99 illudir.
857 511 270 99 Timotth.
1060 511 135 99 5.
1128 511 158 99 Qui
1218 511 180 99 hene
1331 511 270 99 praesunt
1533 511 338 99 Presbyteri,
1804 511 248 99 duplici
1961 511 113 99 ho¬-

553 580 177 110 nore
663 580 199 110 digni
796 580 309 110 habeantur,
1039 580 199 110 dicit
1171 580 221 110 Gloss.
1326 580 353 110 Necestitatis
1613 580 155 110 est
1701 580 132 110 in
1745 580 309 110 Praedicatore

543 643 290 104 accipere
760 643 411 104 vndeqmiuitur,
1099 643 338 104 Charitatis
1364 643 217 104 autem
1509 643 314 104 praebere.
1751 643 217 104 Panis
1872 643 193 104 igitur

549 705 462 104 Praedicatoribus
938 705 292 104 debitus;
1156 705 194 104 quia
1278 705 146 104 ex
1351 705 316 104 Charitate
1594 705 292 104 debetur,
1789 705 267 104 gratuitus

547 787 207 101 est;
676 787 129 101 &
728 787 336 101 gratuitus
987 787 336 101 appellari
1245 787 259 101 debet.
1426 787 207 101 Vnde
1556 787 362 101 Augustinus
1840 787 155 101 in
1892 787 181 101 eodem

520 842 208 115 libro
658 842 185 115 cap.
774 842 138 115 9.
843 842 300 115 Apostoli,
1074 842 208 115 sicut
1212 842 323 115 constituit
1466 842 277 115 Dominus,
1674 842 138 115 ex
1743 842 300 115 Evangelio
1951 842 115 115 vi¬-

544 921 272 102 uentes,
742 921 222 102 panem
890 921 321 102 gratuitum
1137 921 370 102 manducabant
1433 921 148 102 ab
1507 921 197 102 eis,
1630 921 247 102 quibus
1778 921 272 102 gratustam

514 983 278 103 gratiam
716 983 429 103 praedicabant.
1069 983 278 103 Dicitur
1271 983 227 103 autem
1423 983 227 103 panis
1574 983 429 103 Praedicatorum
1903 983 152 103 gra¬-

550 1049 246 106 tuitus,
728 1049 201 106 licet
863 1049 156 106 sit
952 1049 134 106 ex
1019 1049 291 106 Charitate
1242 1049 268 106 debitus,
1444 1049 179 106 quia
1555 1049 179 106 sine
1667 1049 291 106 corporali
1868 1049 112 106 sas

541 1111 144 88 re
613 1111 336 88 recipitur,
877 1111 144 88 vt
949 1111 216 88 dicit
1093 1111 336 88 Augustinus
1356 1111 144 88 in
1428 1111 216 88 eodem
1572 1111 192 88 lib.
1692 1111 192 88 cap.
1812 1111 144 88 3.
1884 1111 144 88 in
1932 1111 96 88 nt

548 1179 258 86 verbis,
735 1179 141 86 vt
806 1179 328 86 tantummodo
1064 1179 399 86 spiritualiter
1392 1179 328 86 operantes,
1650 1179 305 86 videlicet
1861 1179 211 86 praedi¬-

546 1258 243 99 cando,
716 1258 316 99 manducent
959 1258 219 99 panem
1105 1258 122 99 a
1154 1258 316 99 corporali
1398 1258 243 99 labore
1568 1258 341 99 gratuitum.
1836 1258 195 99 Ecce
1933 1258 146 99 quod

540 1314 225 90 panis
690 1314 425 90 Praedicatorum
1040 1314 325 90 gratuitus
1290 1314 200 90 est,
1416 1314 125 90 &
1466 1314 325 90 gratuitus
1716 1314 350 90 appellatur
1966 1314 100 90 an

540 1380 353 113 Scripturis,
822 1380 212 113 licet
963 1380 188 113 Iure
1080 1380 282 113 Dominico
1292 1380 306 113 debeatur.
1527 1380 235 113 Restat
1691 1380 259 113 igitur,
1879 1380 235 113 quost.

542 1442 368 115 Praedicator
837 1442 270 115 missus,
1034 1442 246 115 petens
1205 1442 172 115 vel
1304 1442 319 115 recipiens
1549 1442 270 115 sumptus
1746 1442 147 115 ab
1795 1442 270 115 Auditori¬-

545 1528 168 94 bus
641 1528 217 94 suis,
786 1528 217 94 licet
930 1528 265 94 propter
1122 1528 193 94 Deum
1243 1528 241 94 tantum
1411 1528 313 94 accipiat,
1652 1528 217 94 tamen
1796 1528 168 94 non
1868 1528 193 94 adit,;

528 1587 229 87 cipit
680 1587 408 87 mendicatiue,
1012 1587 178 87 sed
1113 1587 408 87 potestatiue;
1445 1587 127 87 &
1496 1587 178 87 sic
1597 1587 280 87 sumendo
1801 1587 255 87 vtitur
1954 1587 102 87 Re

534 1658 339 95 postolica
795 1658 365 95 potestate.
1082 1658 261 95 Falsum
1264 1658 209 95 ergo
1395 1658 261 95 dicunt
1577 1658 339 95 huiusmodi
1812 1658 235 95 Praedie

537 1713 307 108 catores,
768 1713 282 108 dicendo
973 1713 154 108 se
1050 1713 307 108 recipere
1280 1713 282 108 sumptus
1485 1713 154 108 ab
1562 1713 384 108 Auditoribus
1870 1713 231 108 suis,

522 1785 184 99 non
627 1785 420 99 potestatiue,
968 1785 184 99 sed
1073 1785 420 99 mendicatiue,
1415 1785 158 99 eo
1493 1785 210 99 quod
1625 1785 263 99 petant
1782 1785 263 99 proptepi

533 1841 261 68 Deum.

580 1901 145 102 §.
652 1901 193 102 Quod
773 1901 218 102 autem
918 1901 242 102 dicunt
1088 1901 339 102 Aduersarii
1354 1901 339 102 veritatis;
1620 1901 339 102 Aliditores
1886 1901 121 102 ;
1910 1901 145 102 lit¬-

514 1979 228 93 libus
666 1979 481 93 Praedicatoribus
1071 1979 177 93 non
1172 1979 304 93 grauari,
1400 1979 177 93 nec
1501 1979 329 93 scandalum
1754 1979 228 93 Euane
1881 1979 177 93 elio,

533 2042 251 104 fieri,
709 2042 201 104 quia
834 2042 176 104 non
934 2042 201 104 dant
1060 2042 201 104 nisi
1185 2042 276 104 gratis,
1386 2042 251 104 falsum
1561 2042 176 104 est
1662 2042 201 104 hoc;
1787 2042 201 104 immo
1887 2042 151 104 dang

514 2114 386 113 frequentius
823 2114 283 113 propter
1028 2114 360 113 praesentem
1311 2114 308 113 pudorem,
1543 2114 180 113 aut
1645 2114 283 113 propter
1825 2114 206 113 peten¬-

526 2180 197 111 tium
649 2180 468 111 importunitatem,
1043 2180 172 111 aut
1142 2180 271 111 propter
1339 2180 443 111 diffamationis,
1708 2180 172 111 aut
1782 2180 246 111 altesius

524 2255 353 90 nocumenti
796 2255 326 90 timorem.
1040 2255 353 90 Cuiusmodi
1312 2255 245 90 datum
1475 2255 190 90 non
1584 2255 190 90 est
1693 2255 381 90 gratuitum,

518 2313 232 108 neque
673 2313 387 108 meritorium,
982 2313 181 108 sed
1086 2313 232 108 magis
1240 2313 387 108 grauatiuum;
1550 2313 206 108 quia
1679 2313 155 108 in
1756 2313 206 108 tali
1859 2313 181 108 dato;

522 2389 294 92 perditur
742 2389 122 92 &
791 2389 196 92 res,
913 2389 122 92 &
962 2389 294 92 meritum,
1183 2389 147 92 vt
1256 2389 220 92 dicit
1403 2389 245 92 Gloss.
1575 2389 220 92 super
1722 2389 220 92 illud
1869 2389 147 92 2.
1918 2389 122 92 Go¬-

517 2449 250 98 rinth.
692 2449 150 98 9.
767 2449 275 98 Hilarem
967 2449 275 98 datorem
1167 2449 275 98 diligit
1368 2449 225 98 Deus.
1518 2449 200 98 Item
1643 2449 325 98 Cassianus
1868 2449 150 98 lig.

509 2516 190 104 1o.
617 2516 163 104 De
699 2516 380 104 institutis
997 2516 407 104 Monachorum.
1323 2516 163 104 Si
1404 2516 380 104 Apostolus;
1702 2516 190 104 qui
1784 2516 244 104 Evange¬-

516 2570 184 128 lium
631 2570 368 128 praedicabat,
930 2570 230 128 signis
1091 2570 207 128 illud
1229 2570 391 128 virtutibusque
1552 2570 345 128 commendans,
1828 2570 138 128 ne
1874 2570 138 128 gra¬-

503 2651 231 105 varet
657 2651 334 105 quempiam,
914 2651 257 105 gratis
1094 2651 231 105 panem
1248 2651 334 105 manducare
1504 2651 180 105 non
1607 2651 308 105 audebat;
1812 2651 231 105 quomodo

506 2711 169 112 illi
612 2711 275 112 aestimant
824 2711 148 112 non
908 2711 254 112 grauare,
1099 2711 148 112 qui
1184 2711 254 112 quotidie
1374 2711 191 112 illum
1502 2711 297 112 inanducare
1735 2711 212 112 otiosi
1862 2711 148 112 prae¬
