2592 3508
443 162 165 97 tur;
547 162 289 97 Diligenter
774 162 227 97 attende
939 162 165 97 iis,
1042 162 207 97 quibus
1187 162 124 97 te
1249 162 248 97 praeesse
1435 162 310 97 contigerit;
1683 162 227 97 Agnosce
1827 162 124 97 ani¬-

452 221 156 79 mos
541 221 268 79 actusque
742 221 335 79 singulorum;
1010 221 112 79 &
1055 221 134 79 si
1122 221 179 79 quid
1234 221 201 79 vitii
1368 221 313 79 repereris,
1614 221 223 79 statim
1748 221 201 79 emenda¬-

441 321 161 62 re
522 321 323 62 memento.
764 321 296 62 Constat
979 321 269 62 autem,
1167 321 215 62 quod
1302 321 269 62 animos
1490 321 134 62 &
1544 321 242 62 actus
1678 321 269 62 singulo¬-

452 362 173 75 rum
551 362 173 75 non
650 362 247 75 potest
823 362 321 75 Praelatus
1070 362 395 75 considerare,
1392 362 173 75 nec
1490 362 222 75 plene
1639 362 371 75 cognoscere,

454 449 183 67 nisi
569 449 275 67 audiendo
775 449 366 67 confessiones
1072 449 275 67 illorum;
1278 449 183 67 Quis
1393 449 183 67 enim
1507 449 206 67 scit,
1645 449 183 67 quae
1759 449 183 67 sunt
1851 449 114 67 ho¬-

458 512 209 60 minis,
604 512 167 60 nisi
709 512 251 60 spiritus
897 512 251 60 hominis,
1085 512 146 60 qui
1168 512 125 60 in
1231 512 167 60 ipso
1335 512 167 60 est.
1440 512 125 60 I.
1502 512 251 60 Corinth.
1690 512 125 60 2.
1753 512 167 60 Ideo
1837 512 125 60 sta¬-

453 579 209 67 tutum
592 579 162 67 est
685 579 139 67 in
754 579 278 67 Concilio
963 579 278 67 generali
1171 579 324 67 praedicto,
1426 579 185 67 Quod
1542 579 371 67 confessiones
1820 579 139 67 sin¬-

461 626 240 63 gulorum
636 626 218 63 audiat
789 626 262 63 Sacerdos
985 626 284 63 proprius,
1204 626 218 63 saltem
1357 626 197 63 semel
1488 626 131 63 in
1553 626 197 63 anno,
1684 626 175 63 nisi
1793 626 131 63 ex
1837 626 131 63 cau¬-

461 690 131 88 sa
527 690 283 88 legitima,
744 690 218 88 petita
896 690 109 88 &
940 690 239 88 obtenta
1114 690 261 88 licentia
1310 690 239 88 proprii
1484 690 326 88 Sacerdotis,
1723 690 239 88 confitea¬-

465 762 166 76 tur
560 762 262 76 alieno.
751 762 214 76 Extra
893 762 143 76 De
964 762 404 76 peenitentiis,
1297 762 190 76 cap.
1416 762 214 76 Omnis
1559 762 309 76 vtriusque
1773 762 190 76 sexus.

463 818 253 81 Alienus
647 818 230 81 autem,
808 818 138 81 si
877 818 230 81 aliter
1038 818 276 81 subditum
1246 818 253 81 alienum
1430 818 138 81 ad
1499 818 368 81 poenitentiam
1775 818 184 81 susce¬-

464 904 206 77 perit,
608 904 206 77 gradus
752 904 144 77 sui
835 904 247 77 periculo
1020 904 309 77 subiacabit,
1267 904 123 77 vt
1328 904 226 77 habetur
1493 904 123 77 De
1555 904 329 77 poenitentia,
1822 904 185 77 dist.

474 970 121 77 6.
534 970 161 77 cap.
635 970 241 77 Placuit.

516 1019 139 87 §.
585 1019 162 87 Sed
678 1019 231 87 dicunt
840 1019 324 87 Aduersarii
1094 1019 324 87 veritatis,
1349 1019 185 87 quod
1464 1019 278 87 Sacerdos
1672 1019 278 87 proprius
1857 1019 116 87 ap¬-

472 1083 303 107 pellatur,
705 1083 163 107 non
798 1083 210 107 solum
938 1083 350 107 Parochialis
1218 1083 303 107 Sacerdos,
1452 1083 163 107 sed
1545 1083 210 107 etiam
1685 1083 327 107 Episcopus,

483 1171 155 73 vel
572 1171 133 73 eo
638 1171 289 73 superior,
860 1171 155 73 vel
949 1171 311 73 destinatus
1194 1171 133 73 ab
1260 1171 178 73 eis;
1371 1171 155 73 cum
1460 1171 200 73 tales
1593 1171 178 73 dici
1704 1171 155 73 non
1771 1171 200 73 valeant

480 1242 216 66 alieni.

546 1308 147 64 §.
620 1308 147 64 Ad
694 1308 196 64 quod
817 1308 295 64 dicendum
1038 1308 196 64 est,
1160 1308 196 64 quod
1283 1308 221 64 licet
1431 1308 344 64 Episcopus,
1701 1308 172 64 vel
1799 1308 147 64 eo
1848 1308 123 64 su¬-

468 1352 250 99 perior,
650 1352 159 99 vel
741 1352 273 99 canonice
946 1352 319 99 destinatus
1196 1352 137 99 ab
1265 1352 182 99 eis,
1378 1352 182 99 dici
1492 1352 159 99 non
1583 1352 250 99 valeant
1765 1352 250 99 alieni;

478 1417 199 84 tamen
610 1417 221 84 nullus
765 1417 199 84 eorum
897 1417 132 84 in
963 1417 176 84 iure
1074 1417 309 84 inquissimo
1316 1417 265 84 Sacerdos
1515 1417 265 84 proprius
1691 1417 287 84 appellatur.

472 1490 211 82 Quod
604 1490 238 82 patet
762 1490 185 82 per
868 1490 396 82 Decretatem,
1185 1490 211 82 quae
1317 1490 185 82 per
1423 1490 423 82 disiunctiuam
1740 1490 238 82 coniun¬-

468 1547 271 93 ctionem
665 1547 320 93 manifeste
911 1547 295 93 insinuat
1133 1547 394 93 disterentiam
1453 1547 222 93 inter
1601 1547 295 93 proprium
1798 1547 172 93 Epis¬-

474 1625 267 84 copum,
661 1625 133 84 &
714 1625 320 84 proprium
954 1625 400 84 Sacerdotem,
1274 1625 293 84 dicens.
1487 1625 213 84 Quod
1594 1625 373 84 excommunica¬-

477 1682 161 91 tus
569 1682 230 91 minori
730 1682 460 91 excommunicatione
1121 1682 253 91 absolui
1306 1682 230 91 potest
1467 1682 138 91 ab
1536 1682 276 91 Episcopo
1743 1682 184 91 suo,
1858 1682 161 91 vel
1927 1682 69 91 a

484 1753 246 81 proprio
662 1753 313 81 Sacerdote.
908 1753 223 81 Extra,
1064 1753 134 81 De
1131 1753 290 81 sententia
1355 1753 491 81 excommunicationis.
1779 1753 179 81 cap.
1868 1753 112 81 Nu¬-

482 1817 188 85 per,
600 1817 141 85 in
671 1817 212 85 fine.
812 1817 165 85 Vbi
906 1817 212 85 nota,
1047 1817 188 85 quod
1165 1817 212 85 ponit
1306 1817 400 85 disiunctionem
1635 1817 212 85 inter
1753 1817 235 85 proprium

482 1882 338 90 Episcopum,
748 1882 121 90 &
796 1882 290 90 proprium
1013 1882 362 90 Sacerdotem,
1303 1882 169 90 cum
1400 1882 217 90 dicit
1545 1882 145 90 Ab
1618 1882 290 90 Episcopo
1835 1882 193 90 suo,

496 1938 160 98 vel
588 1938 252 98 proprio
771 1938 321 98 Sacerdote.
1023 1938 275 98 Proprius
1229 1938 183 98 ergo
1344 1938 275 98 Sacerdos
1550 1938 321 98 appellatur
1802 1938 137 98 in
1848 1938 137 98 iure

482 2030 329 70 nouissimo,
741 2030 165 70 non
835 2030 282 70 proprius
1047 2030 329 70 Episcopus,
1305 2030 165 70 sed
1399 2030 282 70 proprius
1611 2030 306 70 Presbyter
1822 2030 165 70 Paro¬-

487 2081 290 90 chialis.
705 2081 169 90 Sic
801 2081 218 90 etiam
947 2081 411 90 interpretatur
1285 2081 290 90 Martinus
1503 2081 194 90 Papa
1624 2081 145 90 4.
1697 2081 218 90 verba
1818 2081 169 90 prae¬-

488 2145 218 92 dicta
633 2145 242 92 posita
802 2145 145 92 in
875 2145 218 92 dicto
1020 2145 290 92 Concilio
1238 2145 315 92 generali,
1480 2145 194 92 cap.
1601 2145 218 92 Omnis
1722 2145 266 92 vtriusque

487 2209 236 92 sexus,
653 2209 142 92 in
724 2209 354 92 priuilegio,
1007 2209 189 92 quod
1125 2209 213 92 super
1267 2209 425 92 confessionibus
1622 2209 307 92 audiendis
1834 2209 142 92 Fra¬-

489 2281 240 91 tribus
657 2281 312 91 Minoribus
898 2281 264 91 dicitur
1090 2281 360 91 indulsisse,
1378 2281 168 91 vbi
1474 2281 168 91 sic
1570 2281 288 91 Iegitur.
1763 2281 216 91 Volumus

486 2362 214 75 autem,
636 2362 171 75 quod
743 2362 150 75 ii,
829 2362 150 75 qui
914 2362 279 75 Fratribus
1129 2362 386 75 confitebuntur,
1450 2362 193 75 eidem
1579 2362 171 75 suis
1664 2362 322 75 Parochialibus

494 2411 327 88 Presbyteris
756 2411 306 88 confiteri,
996 2411 218 88 saltem
1149 2411 240 88 semelin
1323 2411 196 88 anno,
1454 2411 196 88 prout
1585 2411 262 88 generale
1760 2411 240 88 Concilium

490 2475 261 107 statuit,
686 2475 326 107 nihilominus
946 2475 304 107 teneantur;
1185 2475 239 107 quodque
1359 2475 195 107 iidem
1489 2475 239 107 Fratres
1663 2475 152 107 eos
1750 2475 130 107 ad
1815 2475 152 107 hoc
1880 2475 109 107 di¬-

487 2546 277 90 ligenter
695 2546 115 90 &
741 2546 369 90 efficaciter,
1040 2546 277 90 secundum
1248 2546 208 90 datam
1386 2546 161 90 eis
1479 2546 115 90 a
1525 2546 231 90 Domino
1686 2546 277 90 gratiam,
1871 2546 115 90 ex¬-

486 2610 351 91 hortentur.
762 2610 176 91 Ibi
862 2610 201 91 enim
988 2610 301 91 loquitur
1213 2610 251 91 procul
1389 2610 226 91 dubio
1539 2610 151 91 de
1615 2610 226 91 dicto
1740 2610 251 91 generali

493 2683 321 96 Concilio,
740 2683 123 96 &
789 2683 148 96 de
863 2683 271 96 Canone,
1061 2683 222 96 omnus
1209 2683 321 96 vtriusque
1455 2683 247 96 sexus.
1628 2683 148 96 Ex
1702 2683 173 96 quo
1801 2683 247 96 patet,
