2592 3508
560 142 198 155 quod
684 142 173 155 per
783 142 297 155 proprium
1005 142 346 155 Sacerdotem
1278 142 371 155 intelligit;
1574 142 173 155 non
1673 142 322 155 Episcipum
1896 142 173 155 prae¬-

552 244 261 73 prium,
735 244 183 73 sed
839 244 392 73 Parochialem
1153 244 366 73 tantummodo
1441 244 418 73 Sacerabisris
1754 244 105 73 i¬-

670 306 137 105 §.
739 306 137 105 Ex
807 306 319 105 praemissis
1057 306 228 105 igitur
1217 306 228 105 pater;
1376 306 182 105 quod
1490 306 205 105 licet
1626 306 182 105 nori
1718 306 342 105 preiidircetur

547 369 413 94 spiritualiter
887 369 316 94 Episcopis
1130 369 170 94 per
1227 369 364 94 exemptlones
1519 369 316 94 Abbatiun;
1761 369 170 94 cum
1859 369 146 94 ex
1907 369 146 94 fiog

559 443 164 78 eis
652 443 234 78 nullum
816 443 374 78 praeiudicium
1120 443 327 78 spirituale
1377 443 304 78 poreturs.
1611 443 421 78 qpraesudisetur
1938 443 117 78 int

532 515 171 92 men
629 515 317 92 vniuersis
873 515 317 92 Praelatis
1117 515 220 92 curam
1264 515 342 92 animaruins
1532 515 391 92 hlabEhribuss
1825 515 220 92 Priete¬-

542 571 161 104 rum
634 571 299 104 dignitas;
864 571 115 104 &
910 571 368 104 iurisdictio,
1209 571 207 104 atque
1348 571 276 104 pofestas
1555 571 391 104 infrifigitur;
1877 571 161 104 ell
1946 571 115 104 iis

543 643 388 77 irrequiuitis,
862 643 160 77 vel
954 643 274 77 inuitis,
1159 643 296 77 praefatae
1387 643 274 77 insinita
1592 643 114 77 &
1638 643 274 77 incertit
1820 643 251 77 pieisunte

551 690 145 107 in
623 690 218 107 corum
769 690 291 107 subditis
987 690 169 107 non
1083 690 315 107 exemptis,
1326 690 291 107 exercere
1544 690 242 107 ulalea
1713 690 145 107 pe
1786 690 266 107 pessipi
1955 690 97 107 be

547 757 457 113 indisterenter
923 757 296 113 regimen
1138 757 349 113 animarum.
1407 757 269 113 Sienim
1595 757 403 113 generalitei
1891 757 161 113 sia¬-

538 819 220 116 beant
684 819 269 116 ossicia
879 819 366 116 Praelatorum
1172 819 146 116 in
1245 819 293 116 regimine
1465 819 317 116 animarum,
1709 819 122 116 &
1758 819 195 116 disi
1856 819 195 116 flitac

540 904 173 75 tem
639 904 273 75 ipsorum
838 904 297 75 poterunt
1061 904 347 75 vendicare;
1333 904 297 75 officium
1556 904 198 75 enim
1680 904 198 75 est;
1804 904 198 75 puit
1903 904 149 75 quod

539 963 269 129 diguitas
740 963 269 129 constat,
941 963 134 129 vt
1009 963 201 129 dicit
1143 963 224 129 Gloss.
1300 963 201 129 super
1434 963 201 129 illud
1568 963 134 129 I.
1635 963 269 129 Corintle
1837 963 157 129 Iou
1904 963 134 129 itou

534 1036 210 95 porest
681 1036 210 95 dicere
828 1036 189 95 caput
954 1036 252 95 pedibus,
1143 1036 147 95 non
1227 1036 189 95 estis
1353 1036 168 95 mihi
1437 1036 273 95 pecessarii¬-

619 1102 145 86 §.
691 1102 314 86 Periculum
933 1102 217 86 etiam
1077 1102 338 86 spirituale
1343 1102 266 86 paratur
1536 1102 241 86 eisdem
1705 1102 338 86 Praelatis,
1946 1102 97 86 si

535 1169 250 81 propter
717 1169 364 81 confessiones
1012 1169 114 81 a
1058 1169 182 81 suis
1172 1169 273 81 subditis
1376 1169 159 81 non
1467 1169 295 81 eatemptls
1694 1169 227 81 suctas
1830 1169 205 81 praesie

546 1235 155 90 tis
635 1235 288 90 infiniris
856 1235 111 90 &
901 1235 266 90 incertis
1100 1235 266 90 personis
1300 1235 333 90 praedictis,
1566 1235 355 90 impecliantur
1832 1235 200 90 Praela¬-

530 1304 141 85 ri
600 1304 234 85 audire
764 1304 375 85 confessiones
1068 1304 281 85 illorum,
1279 1304 117 85 d
1326 1304 141 85 ad
1396 1304 164 85 hoc
1490 1304 211 85 etiam
1631 1304 164 85 eos
1724 1304 351 85 compollere,

528 1358 148 102 si
602 1358 271 102 necesse
800 1358 271 102 fuerit,
997 1358 173 102 per
1095 1358 444 102 constiturionem
1465 1358 296 102 Concilii
1687 1358 320 102 memorati;
1909 1358 123 102 eum

530 1433 164 82 non
623 1433 187 82 illa
740 1433 140 82 in
810 1433 234 82 finita
974 1433 304 82 personas,
1207 1433 164 82 sed
1301 1433 280 82 Praelati
1511 1433 304 82 praedicti
1745 1433 140 82 de
1791 1433 234 82 animabus

526 1489 360 81 subditorum
809 1489 283 81 suorum,
1015 1489 154 81 vt
1092 1489 257 81 dictum
1272 1489 206 81 est,
1401 1489 334 81 reneantur
1658 1489 283 81 reddere
1864 1489 129 81 i
1889 1489 129 81 di¬-

525 1554 254 108 stricto
709 1554 254 108 iudicio
894 1554 300 108 rationem,
1125 1554 138 108 vt
1194 1554 277 108 ostensum
1401 1554 161 108 est
1494 1554 208 108 paulo
1632 1554 185 108 ante
1747 1554 138 108 in
1816 1554 185 108 illo
1932 1554 138 108 s.

531 1625 195 98 Item
653 1625 244 98 forte;
824 1625 195 98 quod
946 1625 244 98 facere
1117 1625 171 98 non
1214 1625 293 98 possent,
1434 1625 195 98 nisi
1556 1625 220 98 eorum
1678 1625 342 98 confessiones

525 1703 338 84 audirent,
785 1703 156 84 vt
863 1703 312 84 ostensum
1097 1703 182 84 est
1201 1703 234 84 supra
1357 1703 234 84 eodem
1513 1703 156 84 §.
1591 1703 286 84 Constat
1799 1703 234 84 autem
1929 1703 104 84 ea

522 1766 380 69 praedictis,
826 1766 203 69 quod
952 1766 177 69 non
1053 1766 304 69 incendit
1281 1766 279 69 Dominus
1484 1766 203 69 Papa
1611 1766 329 69 Praelatis
1838 1766 203 69 Eccle¬-

516 1830 264 88 siarum
701 1830 502 88 iurisdictionem,
1124 1830 397 88 potestatem,
1441 1830 185 88 vel
1547 1830 291 88 honorem
1759 1830 317 88 auforre,

518 1893 164 102 val
611 1893 282 102 minuere,
823 1893 164 102 vel
917 1893 352 102 infringere,
1198 1893 164 102 vel
1292 1893 282 102 arctare,
1504 1893 141 102 vt
1574 1893 282 102 ostensum
1785 1893 164 102 est
1856 1893 164 102 supra

529 1968 187 93 eade
646 1968 211 93 dist.
786 1968 141 93 3.
857 1968 187 93 Item
974 1968 164 93 non
1067 1968 164 93 est
1161 1968 375 93 intentionis;
1466 1968 164 93 nec
1559 1968 211 93 etiam
1700 1968 164 93 pis
1770 1968 258 93 pericnlum

516 2016 363 109 spirituale
801 2016 285 109 parare.
1008 2016 181 109 Non
1112 2016 181 109 est
1216 2016 207 109 ergo
1345 2016 389 109 verisimile,
1656 2016 207 109 quod
1760 2016 259 109 intendat

522 2106 193 92 idem
642 2106 265 92 Dominus
835 2106 217 92 Papa,
980 2106 193 92 quod
1101 2106 313 92 praefatae
1342 2106 313 92 insinitae
1583 2106 121 92 &
1631 2106 289 92 incertae
1824 2106 193 92 peisoi

522 2162 216 96 tiae,
666 2162 168 96 per
762 2162 313 96 praefatam
1003 2162 313 96 licentiam
1243 2162 337 96 generalem,
1508 2162 337 96 potestatem
1772 2162 337 96 habealige¬

521 2210 340 82 supradictam
793 2210 136 82 in
861 2210 294 82 Ecclesiis
1087 2210 317 82 vniuersis.

570 2283 148 104 §.
644 2283 320 104 Sediterum
890 2283 222 104 dicet
1038 2283 295 104 aliquis.
1260 2283 222 104 Nonne
1407 2283 271 104 expedit
1604 2283 320 104 Ecclesiae
1851 2283 197 104 Dei,
1949 2283 74 104 &

513 2346 323 85 Praelatis
762 2346 298 85 eiusdem,
985 2346 149 85 vt
1060 2346 149 85 ad
1134 2346 273 85 regimen
1333 2346 224 85 earum
1482 2346 224 85 detur
1631 2346 174 85 eis
1705 2346 323 85 multitudoO¬-

505 2425 383 99 pitularionum
816 2425 216 99 siue,
960 2425 383 99 Coadiutorum;
1271 2425 168 99 cum
1367 2425 263 99 dicatur
1559 2425 192 99 Sap.
1679 2425 144 99 6.
1727 2425 287 99 Mdasticudo

510 2491 347 105 Sapieutium,
787 2491 231 105 Gloss.
949 2491 139 105 id
1019 2491 185 105 est,
1134 2491 231 105 ccetus
1296 2491 416 105 Praedicatorum,
1643 2491 254 105 Sanitas
1828 2491 162 105 est
1897 2491 116 105 or¬-

499 2544 179 103 bis
602 2544 333 103 terrarum,
858 2544 154 103 Et
935 2544 256 103 Macth.
1114 2544 179 103 10.
1216 2544 307 103 dicitur,
1447 2544 256 103 Mescis
1626 2544 256 103 quidem
1805 2544 256 103 multd,

504 2609 256 108 Gloss.
684 2609 154 108 Id
760 2609 179 108 est
863 2609 230 108 curba
1016 2609 333 108 populorum
1272 2609 384 108 suscipiendo
1579 2609 256 108 verbo,
1758 2609 128 108 &
1784 2609 230 108 ferendo

502 2678 253 112 fructui
686 2678 207 112 apta,
824 2678 276 112 Operarii
1032 2678 207 112 vero,
1170 2678 230 112 Gloss.
1331 2678 138 112 Id
1400 2678 161 112 est
1492 2678 415 112 Praedicatores,
1838 2678 230 112 pauoi,
