2592 3508
542 186 174 113 quia
651 186 240 113 feruens
825 186 261 113 spiritu,
1021 186 283 113 scilicet,
1239 186 240 113 sancto;
1414 186 131 113 vt
1479 186 240 113 legitur
1653 186 196 113 ibide
1784 186 131 113 ms
1827 186 240 113 iloquebae

529 239 183 126 tur;
644 239 137 126 id
712 239 183 126 est,
827 239 297 126 ducebatur
1055 239 114 126 a
1101 239 252 126 spiritu
1284 239 252 126 Santis;
1467 239 114 126 &
1513 239 183 126 ideo
1627 239 160 126 non
1719 239 183 126 erat
1810 239 252 126 proliben¬-

538 297 155 118 dus
626 297 111 118 a
671 297 332 118 Discipulis,
936 297 221 118 quorum
1091 297 221 118 aliqui
1246 297 266 118 habebant
1445 297 354 118 discresionem
1733 297 310 118 spirituum;
1954 297 111 118 ve¬-

540 377 247 99 legitur
719 377 135 99 I.
786 377 269 99 Corinth.
988 377 157 99 I2.
1078 377 157 99 Qui
1168 377 179 99 enis
1280 377 247 99 spiritu
1459 377 157 99 Dei
1549 377 292 99 ducuntur,
1773 377 157 99 non
1863 377 179 99 sunt
1953 377 112 99 sub

535 458 201 88 lege.
669 458 223 88 Galat.
825 458 134 88 5.
892 458 223 88 Potest
1049 458 201 88 etiam
1183 458 201 88 dici,
1317 458 179 88 quod
1428 458 179 88 etsi
1540 458 201 88 forte
1674 458 156 88 non
1764 458 201 88 esset
1875 458 179 88 missus

527 488 155 137 ab
605 488 284 137 homine,
812 488 181 137 non
915 488 233 137 tamen
1070 488 207 137 erat
1200 488 414 137 prohibendus,
1536 488 207 137 quia
1665 488 233 137 nulli
1794 488 259 137 Praelato

527 585 290 103 iniuriam
745 585 315 103 faciebat,
986 585 169 103 cum
1083 585 242 103 nondum
1253 585 315 103 distincta
1495 585 266 103 essent,
1664 585 387 103 velldistribura

560 650 241 95 officia
735 650 394 95 Ecclosiastica;
1064 650 131 95 ex
1129 650 153 95 qua
1217 650 197 95 tamen
1348 650 372 95 distinctione,
1655 650 197 95 hodie
1786 650 131 95 in
1830 650 219 95 Ecclesia

528 731 231 97 quidam
690 731 301 97 Praelati,
921 731 231 97 quidam
1083 731 185 97 vero
1198 731 254 97 Subditi
1383 731 370 97 appellantur,
1684 731 139 97 vt
1753 731 254 97 legitur
1938 731 139 97 2.
1985 731 69 97 d

527 792 135 92 2.
594 792 135 92 §.
661 792 157 92 His
751 792 157 92 ita
841 792 360 92 respondetur,
1133 792 270 92 Christus
1336 792 247 92 quamuis
1516 792 202 92 esset
1650 792 247 92 Pastor;
1830 792 157 92 &c.
1898 792 157 92 Licet

538 852 219 89 enim
675 852 192 89 iam
784 852 274 89 essent
976 852 356 89 Apostoli,
1250 852 137 89 &
1305 852 411 89 Apostolatus
1633 852 383 89 officiuim,
1907 852 137 89 non

552 915 211 107 tamen
692 915 164 107 sic
786 915 141 107 se
856 915 281 107 habebant
1067 915 234 107 illius
1231 915 351 107 Apostolatus
1512 915 328 107 discursus,
1769 915 211 107 sicur
1886 915 141 107 modo

548 969 139 117 se
617 969 254 117 habent,
802 969 139 117 vt
871 969 208 117 dicit
1010 969 300 117 Agustinus
1241 969 139 117 in
1310 969 185 117 libi
1425 969 139 117 De
1495 969 208 117 opere
1633 969 254 117 Monach.
1818 969 185 117 cap.
1934 969 162 117 19.

535 1036 149 115 Et
610 1036 174 115 per
709 1036 199 115 hanc
834 1036 274 115 vltimam
1032 1036 298 115 rationem
1256 1036 249 115 potest
1430 1036 224 115 etiam
1580 1036 348 115 responderi
1828 1036 224 115 illtob¬-

541 1104 304 135 iectioni
768 1104 152 135 de
844 1104 253 135 Moyse,
1022 1104 177 135 qui
1123 1104 177 135 non
1224 1104 329 135 prohibuit
1477 1104 228 135 Eldad
1629 1104 127 135 &
1680 1104 228 135 Medad
1806 1104 228 135 Prophe¬-

547 1178 209 110 tare.
686 1178 232 110 Numer.
848 1178 162 110 Is.
941 1178 139 110 Et
1010 1178 139 110 de
1080 1178 278 110 Apostolo
1288 1178 255 110 dicente
1474 1178 278 110 Philipp.
1682 1178 139 110 I.
1752 1178 185 110 Quid
1868 1178 209 110 enim,

543 1235 154 130 dum
631 1235 176 130 omni
741 1235 198 130 modo,
873 1235 176 130 siue
984 1235 154 130 per
1072 1235 330 130 occasionem,
1336 1235 176 130 siue
1446 1235 154 130 per
1534 1235 286 130 veritatem
1755 1235 264 130 Christus
1931 1235 110 130 an¬-

534 1313 341 62 nuntietur;
801 1313 170 62 &c.

598 1371 145 126 §.
670 1371 170 126 Cum
767 1371 266 126 igitur,
961 1371 145 126 vt
1034 1371 242 126 dictum
1203 1371 194 126 est,
1324 1371 170 126 iam
1421 1371 194 126 sint
1542 1371 145 126 in
1615 1371 291 126 Ecclesia
1809 1371 242 126 Operarii

532 1444 214 94 multi
675 1444 309 94 ordinarie
913 1444 333 94 instituti;
1175 1444 119 94 &
1223 1444 143 94 si
1294 1444 286 94 Ecclesia
1508 1444 333 94 indigeret,
1770 1444 214 94 adhue
1889 1444 143 94 pos¬-

529 1498 197 98 sent
652 1498 246 98 plures
824 1498 319 98 ordinarie
1070 1498 319 98 institui;
1316 1498 295 98 videtur,
1537 1498 197 98 quod
1660 1498 172 98 non
1758 1498 246 98 multum
1905 1498 123 98 es¬-

524 1568 193 121 sent
645 1568 435 121 extraordinarii
1007 1568 435 121 multiplicandi;
1370 1568 169 121 sed
1467 1568 290 121 curandum
1684 1568 242 121 esset,
1854 1568 145 121 vt
1902 1568 121 121 or¬-

530 1633 262 119 dinarii
721 1633 238 119 essent
887 1633 262 119 idonei.
1077 1633 167 119 Qui
1173 1633 143 119 si
1244 1633 214 119 tales
1387 1633 167 119 non
1482 1633 262 119 essent,
1672 1633 285 119 deberent
1862 1633 167 119 cano¬-

531 1706 194 110 nice
652 1706 291 110 amoueri,
870 1706 121 110 &
918 1706 194 110 alii
1039 1706 169 110 qui
1136 1706 242 110 essent
1306 1706 266 110 idonei,
1499 1706 291 110 deberent
1717 1706 291 110 canonice
1911 1706 121 110 su¬-

532 1760 286 116 brogari.
746 1760 238 116 Extra,
913 1760 143 116 De
985 1760 357 116 Haereticis,
1270 1760 190 116 cap.
1389 1760 167 116 Cum
1484 1760 143 116 ex
1556 1760 286 116 iniuncto
1770 1760 143 116 in
1842 1760 214 116 fine;
1961 1760 71 116 &

532 1840 199 98 cap.
657 1840 299 98 sequenti
881 1840 149 98 in
956 1840 199 98 fine
1080 1840 199 98 enam
1205 1840 299 98 secundum
1429 1840 224 98 iura,
1579 1840 174 98 dug
1678 1840 274 98 habetur
1853 1840 174 98 ordi¬-

509 1911 232 99 narium
671 1911 302 99 auxilium,
903 1911 162 99 non
996 1911 209 99 debet
1135 1911 139 99 ad
1205 1911 441 99 extraordinarium
1576 1911 278 99 recursus
1785 1911 255 99 haberi,
1947 1911 93 99 vt

503 1972 248 101 legitur
684 1972 158 101 st.
774 1972 135 101 De
842 1972 316 101 Minoribus.
1090 1972 135 101 2.
1158 1972 135 101 In
1226 1972 226 101 causae
1384 1972 339 101 cognitione.
1654 1972 135 101 I.
1722 1972 158 101 Dil
1812 1972 135 101 &.
1880 1972 135 101 §.
1948 1972 135 101 I.

506 2052 119 94 &
554 2052 143 94 2)
625 2052 167 94 Vel
720 2052 238 94 saltem
887 2052 214 94 solis
1030 2052 476 94 insufficientibus
1434 2052 333 94 Praelatis,
1696 2052 119 94 &
1743 2052 238 94 minils
1886 2052 143 94 idu¬-

510 2106 197 104 neis,
642 2106 110 104 &
685 2106 153 104 non
773 2106 197 104 aliis
904 2106 197 104 fnisi
1036 2106 153 104 hoc
1124 2106 175 104 ipsi
1233 2106 329 104 requirerent
1496 2106 110 104 )
1540 2106 219 104 essent
1693 2106 197 104 talds
1825 2106 241 104 Quitis.

508 2160 321 120 lationes,
755 2160 173 120 seu
854 2160 371 120 Coadiutores
1151 2160 445 120 extraordinarii
1521 2160 346 120 deputandi.
1793 2160 124 120 &
1818 2160 222 120 quicapi

511 2228 205 81 Quia
614 2228 231 81 Frater.

565 2316 148 85 §.
639 2316 222 85 Item,
788 2316 173 85 cum
886 2316 148 85 in
960 2316 272 85 tempore
1158 2316 346 85 primitiuae
1429 2316 346 85 Ecclesiae,
1701 2316 222 85 pauci
1824 2316 198 85 esseut

516 2356 326 121 Apostoli,
766 2356 225 121 multi
917 2356 225 121 autem
1067 2356 351 121 infideles,
1343 2356 251 121 nondum
1518 2356 150 121 ad
1593 2356 225 121 fidem
1743 2356 326 121 conuersi,

499 2443 126 105 &
549 2443 151 105 ad
625 2443 402 105 conuersionem
951 2443 276 105 parati,
1152 2443 226 105 iuxta
1303 2443 226 105 illud
1454 2443 201 105 Euc.
1580 2443 176 105 10.
1680 2443 251 105 Messis
1831 2443 201 105 quidem

494 2511 234 107 multa
650 2511 234 107 Glos.
805 2511 156 107 Id
883 2511 208 107 est,
1013 2511 234 107 Turba
1169 2511 337 107 populorum
1428 2511 156 107 ad
1506 2511 415 107 suscipiendum
1817 2511 208 107 verbum

512 2546 162 134 Dei
604 2546 116 134 &
651 2546 417 134 fructificandum
998 2546 208 134 apta,
1137 2546 278 134 operarii
1345 2546 208 134 vero,
1484 2546 139 134 id
1553 2546 162 134 est
1646 2546 417 134 Praedicatores,

491 2640 259 99 pauci;
672 2640 207 99 nunc
802 2640 233 99 autem
957 2640 233 99 multi
1112 2640 207 99 sint
1242 2640 233 99 eorum
1397 2640 388 99 successores
1707 2640 336 99 Episcopi,
1940 2640 78 99 &

499 2699 223 145 multi
648 2699 371 145 Presbyteri;
945 2699 124 145 &
994 2699 248 145 raulti
1168 2699 396 145 Opitulatores
1490 2699 322 145 ordinarie
1713 2699 272 145 instituti
