2592 3508
560 185 268 73 lantur,
754 185 268 73 2Monos,
949 185 195 73 quod
1070 185 170 73 est
1168 185 219 73 vnus,
1314 185 122 73 &
1362 185 243 73 achos;
1533 185 195 73 quod
1654 185 170 73 est
1751 185 268 73 ipiste,
1922 185 170 73 vtle¬-

558 244 202 83 gitur
692 244 157 83 16.
782 244 135 83 q.
850 244 135 83 I.
917 244 180 83 cap.
1030 244 247 83 Placuit
1209 244 225 83 nostro
1367 244 247 83 communi
1547 244 292 83 consilios
1771 244 180 83 cupa
1884 244 180 83 ipsi
1974 244 112 83 se¬-

557 327 283 74 cundum
755 327 311 74 ordinem
981 327 141 74 &
1037 327 311 74 gradum,
1263 327 226 74 quem
1405 327 283 74 tenent
1603 327 170 74 in
1659 327 424 74 Ecclesiastiea

570 373 349 99 Hierarchia,
849 373 326 99 constituti
1105 373 186 99 sint
1221 373 140 99 in
1291 373 302 99 inferiori
1524 373 233 99 ordine
1686 373 442 99 Perficiendorum,

576 440 116 75 &
622 440 162 75 non
715 440 418 75 Perficientium,
1063 440 209 75 licet
1202 440 139 75 in
1272 440 209 75 summo
1411 440 209 75 vradu
1550 440 232 75 illius
1713 440 325 75 anferioris
1945 440 116 75 or.

568 504 212 76 dinis
710 504 236 76 locati
875 504 306 76 existant,
1110 504 141 76 vt
1181 504 212 76 dicit
1322 504 306 76 Dionysius
1558 504 141 76 in
1628 504 188 76 lib.
1723 504 353 76 Ecclesiastica

573 569 432 74 Hierarchiae
919 569 230 74 cap.
1063 569 173 74 6.
1149 569 230 74 Immo
1293 569 346 74 secundum
1553 569 346 74 ordinem;
1812 569 144 74 &
1841 569 230 74 gradum

557 643 214 73 suum,
700 643 167 73 nec
795 643 262 73 purgare
985 643 262 73 possunt
1176 643 238 73 alios,
1342 643 167 73 nec
1437 643 357 73 illuminare,
1723 643 167 73 noc
1794 643 262 73 consuirnt

570 708 217 82 mare,
715 708 313 82 videlicet
956 708 265 82 publice
1149 708 289 82 docendo,
1366 708 265 82 publice
1559 708 386 82 praedicando,
1848 708 217 82 publie¬-

564 770 148 95 ce
638 770 370 95 baptirando,
934 770 271 95 publice
1131 770 394 95 poenitentias
1451 770 370 95 iniungendo;
1747 770 172 95 vel
1845 770 197 95 alia
1944 770 123 95 Sa¬-

567 834 297 81 cramenta
790 834 322 81 Ecclesiae
1037 834 396 81 ministrando;
1359 834 173 81 vel
1458 834 198 81 alia
1581 834 272 81 officia
1754 834 322 81 Praelatorum

554 907 252 83 curam
722 907 336 83 animarum
973 907 364 83 habentium
1253 907 308 83 publice
1477 907 364 83 exercendo
1728 907 336 83 Chuiusmodi

557 973 191 79 enim
677 973 215 79 actus
820 973 311 79 pertinent
1059 973 143 79 ad
1131 973 382 79 Perfectiuos,
1442 973 191 79 siue
1561 973 406 79 Perficientes,
1896 973 143 79 id
1943 973 120 79 est

551 1035 158 90 ad
630 1035 343 90 Episcopos
894 1035 423 90 Presbyteros,
1237 1035 343 90 Diaeonos,
1501 1035 185 90 seu
1607 1035 343 90 Ministros
1845 1035 211 90 Eccle¬-

563 1104 242 86 siarum
732 1104 242 86 plebes
901 1104 338 86 habentium,
1167 1104 145 86 vt
1239 1104 217 86 patet
1384 1104 145 86 in
1457 1104 193 86 eod.
1578 1104 193 86 cap.
1699 1104 169 86 Sed
1795 1104 242 86 potius
1940 1104 121 86 de¬-

567 1176 207 60 bent
696 1176 284 60 Monachi
903 1176 129 60 a
955 1176 336 60 memoratis
1214 1176 465 60 Perficientibus
1602 1176 310 60 perfici,
1808 1176 259 60 itamquam

568 1236 171 107 eis
665 1236 342 107 inferiores
934 1236 122 107 &
983 1236 318 107 subiecti;
1228 1236 269 107 propter
1423 1236 196 107 quod
1546 1236 220 107 dicit
1692 1236 318 107 Dionysius
1912 1236 147 107 ibi¬-

554 1307 208 75 dem,
684 1307 364 75 Monachicum
969 1307 286 75 ordinem
1177 1307 182 75 non
1281 1307 208 75 esse
1411 1307 286 75 aliorum
1619 1307 364 75 adductiuum
1878 1307 182 75 calia

558 1367 320 98 transsatio,
813 1367 149 98 non
899 1367 170 98 esse
1005 1367 192 98 aliis
1133 1367 298 98 praelatum)
1367 1367 149 98 sed
1452 1367 128 98 in
1516 1367 128 98 se
1580 1367 341 98 ipsostantet,
1857 1367 128 98 in
1900 1367 170 98 singu¬-

558 1437 185 82 lari
674 1437 116 82 &
720 1437 232 82 sancta
882 1437 278 82 statione
1091 1437 417 82 Sacerdotalibus
1438 1437 301 82 Ordinibus
1670 1437 371 82 obsequentem.
1948 1437 116 82 Vn¬-

555 1506 163 79 de
636 1506 217 79 idem
772 1506 353 79 Dionysius
1044 1506 163 79 in
1125 1506 326 79 Epistola
1370 1506 163 79 Ad
1451 1506 380 79 Demophilum
1750 1506 353 79 Monachum,

560 1584 327 60 inuehitur
811 1584 251 60 contra
987 1584 251 60 illum,
1163 1584 176 60 pro
1264 1584 151 60 eo
1339 1584 226 60 quod,
1490 1584 176 60 cum
1590 1584 226 60 esset
1741 1584 151 60 de
1792 1584 276 60 inferiori

564 1645 230 78 ordine
725 1645 413 78 Ecclesiasticae
1069 1645 321 78 Hirarchie,
1322 1645 138 78 de
1390 1645 161 78 sua
1482 1645 207 78 tamen
1620 1645 298 78 scientia,
1849 1645 161 78 vel
1918 1645 138 78 san¬-

555 1701 291 89 ctitate
766 1701 397 89 praesumens,
1084 1701 265 89 quedam
1269 1701 159 89 ad
1348 1701 291 89 ordinem
1560 1701 397 89 superiorem,
1878 1701 159 89 ac
1931 1701 132 89 adi

554 1761 387 71 Perficientes
868 1761 387 71 pertinentia,
1182 1761 266 71 superbe
1375 1761 145 71 ac
1448 1761 242 71 temere
1617 1761 338 71 vsurpabat;
1859 1761 193 71 osten¬-

560 1828 201 105 dens
685 1828 201 105 idem
811 1828 352 105 Dionysius,
1087 1828 201 105 quod
1213 1828 251 105 nemini
1389 1828 226 105 licet
1540 1828 226 105 etiam
1690 1828 251 105 sancta
1866 1828 126 105 &
1891 1828 176 105 iusta

557 1898 251 75 exequi,
740 1898 183 75 nisi
854 1898 274 75 quatenus
1059 1898 274 75 spectant
1265 1898 137 75 ad
1333 1898 183 75 eius
1448 1898 297 75 officium,
1676 1898 160 75 vel
1767 1898 137 75 ad
1836 1898 183 75 eius
1927 1898 137 75 per¬-

563 1967 249 92 tinent
737 1967 374 92 dignitatem;
1036 1967 199 92 Vnde
1161 1967 224 92 dicit
1311 1967 174 92 sic
1410 1967 249 92 contra
1585 1967 448 92 praesumptionem
1933 1967 125 92 De¬-

557 2027 262 93 mophili.
753 2027 131 93 Et
819 2027 240 93 quidem,
993 2027 131 93 si
1058 2027 131 93 de
1124 2027 305 93 principatu
1364 2027 218 93 gentis
1516 2027 240 93 aliquis
1691 2027 327 93 inuasisset;
1930 2027 131 93 quod

566 2100 173 88 sibi
674 2100 108 88 a
717 2100 173 88 Rege
825 2100 280 88 ordinatum
1041 2100 151 88 non
1127 2100 259 88 fuisset,
1322 2100 194 88 inste
1451 2100 302 88 puniretur.
1688 2100 129 88 Et
1753 2100 216 88 infrg.
1904 2100 129 88 Et
1947 2100 108 88 hoc

546 2147 252 97 oportet
729 2147 252 97 dicere,
913 2147 229 97 quando
1073 2147 206 97 super
1211 2147 321 97 dignitatem
1463 2147 252 97 aliquis
1646 2147 344 97 praesumens,
1899 2147 160 97 tames

542 2244 361 77 conuenientia
836 2244 226 77 facere
994 2244 316 77 videretur;
1243 2244 226 77 Etenim
1401 2244 203 77 neque
1536 2244 158 77 hoc
1627 2244 249 77 licitum
1808 2244 158 77 est
1875 2244 181 77 fulli.

544 2296 196 87 Quid
666 2296 196 87 enim
788 2296 391 87 inconueniens
1106 2296 220 87 Oxias
1253 2296 318 87 faciebat,
1497 2296 294 87 incensum
1718 2296 294 87 ofserens
1913 2296 147 87 Deei

538 2371 207 84 Quid
667 2371 233 84 autem
823 2371 207 84 Saul
952 2371 414 84 sacrificans?
1288 2371 207 84 Quid
1417 2371 233 84 autem
1573 2371 336 84 Tyrannici
1805 2371 259 84 Daemones

555 2436 362 91 thcologantes
850 2436 226 91 Iesum?
1008 2436 158 91 Sed
1099 2436 339 91 interdictus
1370 2436 158 91 est
1461 2436 113 91 a
1506 2436 294 91 Theologia
1732 2436 204 91 omnis
1845 2436 204 91 alienus

552 2499 361 93 Episcopus.
836 2499 232 93 Nota,
991 2499 206 93 quod
1120 2499 284 93 alienum
1326 2499 335 93 Episcopum
1584 2499 413 93 appellatihse
1894 2499 155 93 Dio¬-

549 2558 283 86 nysius,
755 2558 232 86 omnem
910 2558 283 86 hominem
1115 2558 360 86 vsurpantem
1399 2558 309 86 officium
1630 2558 386 86 superioris,
1913 2558 129 86 seu

547 2624 305 104 Prelati,
775 2624 152 104 ad
851 2624 203 104 quod
978 2624 178 104 non
1080 2624 178 104 est
1182 2624 356 104 ordinatus.
1461 2624 305 104 Sequitur
1689 2624 152 104 in
1766 2624 229 104 eadem
1893 2624 152 104 Epi¬-

540 2695 235 103 stola.
705 2695 141 103 Et
776 2695 353 103 vnusquisque
1058 2695 188 103 erit
1176 2695 141 103 in
1247 2695 235 103 ordine
1411 2695 424 103 ministratibnis
1765 2695 212 103 sult;
1906 2695 118 103 &
1929 2695 118 103 sus
