2592 3508
453 161 167 91 lus
549 161 286 91 Princeps
763 161 334 91 Sacerdotum
1025 161 143 91 ad
1097 161 238 91 sancta
1264 161 310 91 sanctorum
1502 161 334 91 ingreditur
1764 161 215 91 semel
1884 161 95 91 in

459 251 209 64 anno,
598 251 116 64 &
644 251 162 64 hoc
737 251 255 64 seruata
923 251 209 64 omni,
1062 251 186 64 quam
1178 251 162 64 lex
1270 251 325 64 praecipit,
1525 251 301 64 munditia.
1734 251 232 64 Sacerdo¬-

447 313 159 77 tes
538 313 204 77 autem
674 313 227 77 sancta
833 313 385 77 circumtegunt;
1150 313 113 77 &
1195 313 249 77 Leuitae
1377 313 159 77 non
1467 313 249 77 tangunt
1649 313 227 77 sacra,
1807 313 136 77 vt
1853 313 113 77 non

449 378 322 65 moriantur.
702 378 138 65 Et
771 378 230 65 iratus
932 378 161 65 est
1024 378 230 65 furore
1185 378 253 65 Dominus
1370 378 138 65 in
1439 378 391 65 proteruitatem
1761 378 207 65 Oxae.
1876 378 92 65 Et

458 428 196 80 Maria
589 428 240 80 leprosa
764 428 174 80 fit,
873 428 327 80 Legislatori
1134 428 218 80 Fratri
1287 428 196 80 legem
1418 428 218 80 ponere
1570 428 240 80 conata;
1745 428 131 80 Et
1810 428 131 80 in
1854 428 109 80 fi¬-

459 500 188 65 lios
576 500 211 65 Sceue
717 500 352 65 insiluerunt
999 500 282 65 Demonia;
1210 500 117 65 &
1257 500 164 65 non
1351 500 282 65 mittebam
1563 500 329 65 eossinquit
1798 500 164 65 Domi¬-

454 561 178 60 nus;
565 561 111 60 &
609 561 178 60 ipsi
720 561 311 60 currebant;
965 561 111 60 &
1009 561 156 60 non
1098 561 267 60 loquebar
1298 561 133 60 ad
1365 561 178 60 eos,
1476 561 111 60 &
1521 561 178 60 ipsi
1632 561 378 60 prophetabant.

460 625 133 93 Et
526 625 222 93 infra.
682 625 311 93 Dicentibus
926 625 200 93 autem
1060 625 222 93 rursus
1215 625 222 93 ipsis,
1371 625 244 93 Domine,
1549 625 133 93 in
1615 625 222 93 nomine
1771 625 156 93 tuo
1838 625 133 93 vir¬-

461 690 200 66 tutes
594 690 222 66 multas
749 690 266 66 fecimus,
949 690 155 66 Non
1038 690 178 66 noui
1149 690 178 66 vos,
1260 690 333 66 respondetur
1526 690 178 66 eis;
1637 690 289 66 Discedite
1859 690 111 66 a
1881 690 89 66 me

457 753 194 68 omnes
587 753 303 68 operatores
825 753 346 68 iniquitatis.
1106 753 194 68 Quare
1235 753 151 68 non
1322 753 151 68 est
1408 753 173 68 fas,
1516 753 194 68 sicut
1646 753 216 68 sancta
1776 753 194 68 eloquia

456 823 253 86 dicunt,
640 823 138 86 ea
709 823 184 86 quae
824 823 184 86 sunt
939 823 207 86 iusta
1077 823 115 86 &
1123 823 253 86 sancta,
1307 823 161 86 non
1399 823 276 86 secundum
1606 823 322 86 dignitatem
1836 823 138 86 exe¬-

453 914 186 57 qui.
569 914 256 57 Oportet
755 914 209 57 autem
894 914 349 57 vnumquemque
1173 914 186 57 sibi
1289 914 325 57 attendere,
1545 914 116 57 &
1591 914 163 57 non
1684 914 256 57 altiora
1847 914 116 57 in¬-

462 953 265 84 tendere;
661 953 309 84 deliberare
904 953 199 84 autem
1036 953 133 84 ea
1103 953 199 84 sola,
1235 953 177 84 quae
1345 953 177 84 sunt
1456 953 265 84 secundum
1655 953 309 84 dignitatem
1876 953 88 84 ei

454 1018 335 95 ordinata.
712 1018 206 95 Ecce
841 1018 206 95 quod
969 1018 335 95 Regulares
1227 1018 232 95 viri,
1382 1018 180 95 qui
1485 1018 258 95 Graece
1665 1018 283 95 Monachi
1845 1018 129 95 ap¬-

465 1095 365 70 pellantur,
752 1095 443 70 quantumcumque
1117 1095 209 70 sint
1248 1095 261 70 sancti
1430 1095 130 70 &
1482 1095 261 70 iusti,
1639 1095 339 70 aceminenter

464 1150 319 68 literati,
710 1150 172 68 non
808 1150 221 68 tamen
955 1150 245 68 debent
1127 1150 221 68 etiam
1274 1150 245 68 sancta
1446 1150 123 68 &
1495 1150 221 68 iusta
1642 1150 147 68 ad
1716 1150 221 68 eorum
1838 1150 123 68 os.

462 1216 238 70 ficium
629 1216 405 70 impertinentia
963 1216 310 70 exercere;
1201 1216 191 70 vnde
1320 1216 167 70 non
1416 1216 238 70 debent
1583 1216 215 70 alios
1726 1216 286 70 purgare,

464 1290 387 58 illuminare,
773 1290 387 58 consummare;
1083 1290 155 58 Et
1160 1290 206 58 ideo
1289 1290 180 58 non
1392 1290 258 58 debent
1572 1290 283 58 officia
1753 1290 206 58 Eccle¬-

467 1346 279 70 siastica
676 1346 256 70 publice
862 1346 302 70 exercere,
1095 1346 163 70 sed
1188 1346 233 70 debent
1351 1346 116 70 a
1397 1346 442 70 Perficientibus,
1770 1346 140 70 id
1839 1346 163 70 est
1909 1346 70 70 a

469 1419 287 65 Praelatis
690 1419 397 65 Ecclesiasticis
1021 1419 243 65 perfici
1197 1419 243 65 tamquam
1374 1419 265 65 subiecti
1573 1419 177 65 eis.

552 1482 154 74 §.
629 1482 180 74 Sed
732 1482 232 74 forte
887 1482 283 74 opponet
1093 1482 335 74 Monachus,
1350 1482 180 74 seu
1453 1482 180 74 vir
1556 1482 360 74 Regularis,
1814 1482 154 74 pri¬-

468 1562 238 67 marum
626 1562 396 67 cathedrarum
943 1562 291 67 Amator,
1154 1562 291 67 dicens;
1366 1562 211 67 quod
1498 1562 185 67 cum
1577 1562 396 67 Ecclesiastica

470 1611 293 73 Hierarchia
700 1611 126 73 ad
763 1611 209 73 instar
910 1611 272 73 caelestis
1119 1611 314 73 Hierarchiae
1370 1611 272 73 diuinitus
1579 1611 272 73 extiterit
1789 1611 105 73 o
1830 1611 147 73 din
1893 1611 84 73 a¬-

469 1691 158 82 ta,
559 1691 135 82 vt
626 1691 203 82 dicit
761 1691 293 82 Dionysius
986 1691 135 82 in
1054 1691 203 82 libro
1189 1691 405 82 Ecclesiasticae
1526 1691 360 82 Hierarchiae,
1819 1691 158 82 cap
1886 1691 90 82 on

466 1740 160 72 est
558 1740 388 72 inconueniens,
877 1740 137 72 si
946 1740 183 72 quis
1060 1740 137 72 de
1129 1740 297 72 inferiori
1357 1740 228 72 ordine
1517 1740 411 72 Ecclesiasticae
1837 1740 137 72 Hie¬-

457 1810 296 71 rarchiae
679 1810 296 71 exerceat
901 1810 296 71 officium
1123 1810 370 71 superioris,
1419 1810 173 71 cum
1518 1810 247 71 simile
1690 1810 296 71 videamus
1887 1810 99 71 in

465 1882 324 65 Hierarchia
720 1882 278 65 Cclesti;
928 1882 255 65 Angelus
1113 1882 185 65 enim
1229 1882 208 65 ille,
1368 1882 162 65 qui
1461 1882 278 65 purgauit
1669 1882 208 65 labia
1785 1882 185 65 Isaiae

464 1946 330 64 Prophetae,
724 1946 212 64 licet
865 1946 236 64 fuerit
1030 1946 141 64 de
1101 1946 236 64 insimo
1266 1946 259 64 ordine,
1454 1946 212 64 tamen
1596 1946 236 64 dictus
1761 1946 165 64 est
1832 1946 141 64 esse

475 2010 149 69 de
550 2010 298 69 Seraphim
773 2010 273 69 supremo
972 2010 273 69 ordine.
1170 2010 199 69 Ila.
1294 2010 149 69 6.
1369 2010 149 69 Et
1443 2010 273 69 volauit
1642 2010 149 69 ad
1716 2010 149 69 me
1790 2010 199 69 vnus
1890 2010 99 69 de

466 2073 289 75 Seraphim,
688 2073 111 75 &
732 2073 133 75 in
799 2073 178 75 manu
910 2073 178 75 eius
1021 2073 289 75 calculus,
1244 2073 178 75 quem
1355 2073 244 75 forcipe
1533 2073 244 75 tulerat
1710 2073 133 75 de
1777 2073 244 75 altari,

477 2168 116 52 &
523 2168 255 52 tetigit
709 2168 139 52 os
778 2168 209 52 meum,
917 2168 116 52 &
964 2168 232 52 dixit.
1126 2168 186 52 Ecce
1242 2168 232 52 tetigi
1404 2168 162 52 hoc
1497 2168 209 52 labia
1636 2168 186 52 tua,
1752 2168 116 52 &
1775 2168 209 52 aufere¬-

469 2208 174 69 tur
568 2208 323 69 iniquitas
817 2208 199 69 tua,
941 2208 124 69 &
990 2208 298 69 peccatum
1214 2208 199 69 tuum
1338 2208 372 69 mundabitur.
1636 2208 199 69 Quod
1760 2208 174 69 non
1834 2208 149 69 alia

472 2273 248 74 ratione
653 2273 226 74 dictum
811 2273 180 74 esse
924 2273 271 74 videtur,
1127 2273 135 74 vt
1194 2273 226 74 aiunt,
1352 2273 180 74 nisi
1465 2273 180 74 quia
1578 2273 180 74 ille
1691 2273 271 74 Angelus,
1871 2273 113 74 li¬-

469 2357 176 79 cet
570 2357 227 79 esset
721 2357 151 79 de
796 2357 252 79 infimo
972 2357 277 79 ordine,
1174 2357 227 79 tamen
1325 2357 302 79 officium
1551 2357 302 79 Seraphim
1752 2357 227 79 exerce¬-

473 2410 167 73 bat
569 2410 310 73 incentiue
807 2410 286 73 purgando
1022 2410 215 73 labia
1165 2410 263 73 Isaiae,
1356 2410 286 73 Seraphim
1571 2410 191 73 enim
1667 2410 310 73 interpreta¬-

466 2474 161 69 tur
558 2474 323 69 incendium.
812 2474 138 69 Et
881 2474 161 69 hoc
973 2474 254 69 videtur
1157 2474 230 69 dicere
1319 2474 346 69 Dionvysius,
1595 2474 138 69 vt
1664 2474 230 69 aiunt,
1826 2474 138 69 in
1872 2474 115 69 li¬-

473 2547 147 81 bro
557 2547 273 81 caelestis
767 2547 315 81 Hierarchiae
1019 2547 168 81 cap.
1124 2547 147 81 13.

560 2611 150 95 §.
635 2611 150 95 Ad
710 2611 200 95 quod
835 2611 300 95 dicendum
1061 2611 200 95 est,
1186 2611 200 95 quod
1311 2611 275 95 aliquis
1511 2611 150 95 de
1586 2611 325 95 inferiori
1812 2611 175 95 ordi¬-

469 2683 134 66 ne
536 2683 402 66 Ecclesiasticae
871 2683 357 66 Hierarchiae,
1161 2683 134 66 in
1228 2683 156 66 his
1317 2683 179 66 quae
1429 2683 179 66 sunt
1540 2683 424 66 iurisdictionis,
1875 2683 112 66 non
