2592 3508
504 128 270 122 brorum,
701 128 295 122 assumant
922 128 197 122 sibi
1045 128 270 122 officia
1242 128 295 122 oculorum
1463 128 172 122 iam
1562 128 221 122 fient
1709 128 221 122 omnia
1832 128 197 122 rdeni¬-

502 222 190 80 bra
611 222 217 80 vnum
746 222 326 80 membrum;
991 222 272 80 contra
1181 222 245 80 illud
1344 222 381 80 Apostolis.
1643 222 299 80 Qorinrl
1834 222 190 80 rxlos

525 298 220 92 omnia
671 298 245 92 membra
843 298 196 92 vnum
965 298 294 92 membrum;
1185 298 171 92 vbi
1283 298 269 92 corpus;
1479 298 245 92 Gloss.
1650 298 147 92 Si
1723 298 220 92 omnia
1846 298 171 92 meni¬-

521 341 144 105 bra
604 341 267 105 Ecclesiae
809 341 205 105 essent
953 341 185 105 vnius
1076 341 247 105 officii,
1261 341 103 105 &
1302 341 185 105 vnius
1426 341 308 105 dignitatis;
1672 341 144 105 non
1734 341 267 105 discerneren

522 419 162 102 tur
614 419 254 102 membra,
799 419 185 102 quod
915 419 208 102 esset
1053 419 393 102 inconueniens.
1377 419 185 102 Ideo
1492 419 208 102 dicit
1631 419 324 102 Gregorius.
1862 419 162 102 Sicut

524 478 275 101 varietas
731 478 298 101 membrorum
960 478 161 101 per
1052 478 436 101 diuersaofficia,
1419 478 229 101 &robur
1579 478 275 101 corporis
1786 478 252 101 seruat;
1946 478 69 101 &

519 546 392 118 pulchritudinem
846 546 283 118 praestat;
1063 546 152 118 ita
1150 546 261 118 varietas
1346 546 305 118 personarum
1586 546 152 118 per
1673 546 239 118 diuersa
1825 546 196 118 distri¬-

512 612 189 103 buta
630 612 283 103 officia,
842 612 118 103 &
890 612 377 103 fortitudinem
1196 612 118 103 &
1243 612 330 103 venustatem
1502 612 306 103 scientiae
1738 612 165 103 Dei
1809 612 212 103 manise¬-

519 666 173 99 stat
627 666 302 99 Ecclesiae.
865 666 130 99 Et
930 666 194 99 sicut
1059 666 281 99 indecorum
1275 666 173 99 est,
1383 666 130 99 vt
1448 666 130 99 in
1512 666 237 99 corpore
1685 666 216 99 humano
1815 666 194 99 alterum

523 745 242 85 membrum
699 745 264 85 alterius
897 745 264 85 sungatur
1096 745 242 85 officio
1272 745 110 85 ;
1316 745 154 85 ita
1404 745 198 85 nimis
1536 745 242 85 noxiums
1713 745 264 85 simulque
1889 745 132 85 tur¬-

513 810 265 102 pissimum
711 810 176 102 est,
822 810 132 102 si
888 810 243 102 singula
1064 810 198 102 rerum
1196 810 309 102 ministeria
1439 810 265 102 personis
1637 810 243 102 toridem
1814 810 154 102 non
1880 810 110 102 fue

504 882 204 98 ruint
640 882 340 98 distributa.
913 882 204 98 dist.
1049 882 159 98 89.
1140 882 182 98 cap.
1253 882 272 98 Singula.
1458 882 182 98 Item
1571 882 204 98 super
1707 882 204 98 illud
1843 882 159 98 Iob
1912 882 113 98 3e¬-

523 937 222 82 Indica
678 937 200 82 mihi,
811 937 133 82 si
878 937 200 82 habes
1011 937 421 82 intelligentiam;
1366 937 200 82 dicit
1499 937 288 82 Gregorius
1721 937 177 82 Iib.
1832 937 155 82 29.
1898 937 111 82 Mo¬-

518 1009 251 104 ralium.
701 1009 137 104 In
770 1009 320 104 praecipiti
1021 1009 206 104 pedem
1158 1009 297 104 porrigit,
1387 1009 160 104 qui
1478 1009 320 104 mensurarum
1730 1009 229 104 sulrum
1867 1009 160 104 limi¬-

510 1073 174 87 tem
610 1073 174 87 non
709 1073 323 87 attendit.
957 1073 149 87 Et
1032 1073 249 87 infra.
1206 1073 323 87 Membrorum
1454 1073 323 87 nostrorum
1703 1073 298 87 tunchens
1902 1073 124 87 mi¬-

508 1139 281 109 nisteriis
725 1139 238 109 vtimur,
898 1139 152 109 cum
985 1139 152 109 sua
1071 1139 152 109 iis
1158 1139 238 109 officia
1331 1139 281 109 distincte
1548 1139 281 109 seruamus;
1764 1139 195 109 Iucem
1872 1139 152 109 quip¬-

500 1208 147 102 pe
574 1208 245 102 oculis
746 1208 319 102 cernimus,
991 1208 221 102 vocem
1138 1208 196 102 vero
1261 1208 270 102 auribus
1457 1208 294 102 audimus.
1678 1208 147 102 Si
1751 1208 196 102 quis
1849 1208 172 102 autem

514 1273 223 106 mutato
670 1273 223 106 ordine
826 1273 178 106 voci
937 1273 245 106 oculos,
1115 1273 178 106 luci
1227 1273 201 106 aures
1361 1273 334 106 accommodat,
1628 1273 156 106 his
1717 1273 178 106 quam
1829 1273 134 106 in
1873 1273 134 106 cas¬-

519 1320 155 103 sum
607 1320 221 103 vtatur
762 1320 221 103 patet.
916 1320 132 103 Si
982 1320 177 103 quis
1093 1320 221 103 odores
1247 1320 199 103 velit
1380 1320 155 103 ore
1468 1320 331 103 discernere;
1733 1320 243 103 sapores
1888 1320 132 103 nare

515 1402 247 109 gustare
694 1402 292 109 vtriusque
919 1402 225 109 sensus
1076 1402 359 109 ministerium,
1368 1402 180 109 quia
1480 1402 314 109 peruertit,
1727 1402 314 109 interimis.

509 1472 159 128 dum
600 1472 182 128 enim
714 1472 159 128 hoc
805 1472 273 128 propriis
1010 1472 227 128 vsibus
1169 1472 159 128 non
1260 1472 273 128 aptatur,
1464 1472 114 128 &
1510 1472 159 128 sua
1601 1472 250 128 officia
1783 1472 250 128 desunt,
1942 1472 68 128 &

504 1514 136 106 ad
572 1514 273 106 extranea
777 1514 159 106 non
868 1514 318 106 assurgunt.

579 1606 162 87 §.
660 1606 216 87 Item
795 1606 406 87 vnusquisque
1120 1606 243 87 debet
1282 1606 297 87 seruare
1498 1606 189 87 ea,
1606 1606 216 87 quae
1742 1606 216 87 apta
1850 1606 162 87 sunt

499 1677 353 82 conditioni
776 1677 227 82 suae,
927 1677 176 82 nec
1028 1677 227 82 debet
1179 1677 151 82 ei
1255 1677 353 82 displicere
1532 1677 176 82 sua
1633 1677 328 82 conditio;
1860 1677 151 82 vne¬-

514 1716 158 118 de
593 1716 396 118 Hieronymus.
910 1716 238 118 Ornat
1068 1716 343 118 doctrinam
1332 1716 290 118 Domini,
1543 1716 185 118 qui
1649 1716 290 118 ea)quae
1834 1716 158 118 con¬-

509 1786 247 125 ditioni
688 1786 180 125 suae
801 1786 180 125 apta
913 1786 202 125 sunt,
1048 1786 225 125 facit;
1205 1786 135 125 vt
1273 1786 112 125 e
1317 1786 247 125 diuerso
1497 1786 292 125 confundit
1722 1786 180 125 eam;
1834 1786 157 125 qui
1902 1786 112 125 non

512 1866 147 106 est
596 1866 273 106 subiectus
806 1866 126 106 in
869 1866 252 106 omnibus,
1058 1866 105 106 &
1100 1866 147 106 cui
1184 1866 252 106 conditio
1373 1866 147 106 sua
1457 1866 294 106 displicet.
1688 1866 189 106 241q.
1814 1866 126 106 5.
1877 1866 168 106 cap.

504 1927 150 104 Si
579 1927 200 104 apud
704 1927 325 104 carnales.
955 1927 275 104 Igitur,
1155 1927 175 104 cum
1255 1927 275 104 Clerici
1455 1927 125 104 &
1505 1927 275 104 Monachi
1681 1927 325 104 differentis

504 1981 197 125 sint
628 1981 370 125 conditionis
924 1981 123 125 &
973 1981 271 125 gradus,
1171 1981 123 125 &
1220 1981 271 125 diuersa
1417 1981 197 125 sint
1541 1981 247 125 membra
1689 1981 296 125 EEcclesiae

501 2055 123 114 &
551 2055 270 114 diuersa
747 2055 270 114 habeant
943 2055 270 114 officia
1140 2055 147 114 in
1213 2055 295 114 Ecclesia
1434 2055 196 114 Dei,
1557 2055 123 114 &
1606 2055 368 114 vnusquisque
1876 2055 123 114 ma¬-

500 2130 176 110 nere
610 2130 220 110 debeat
764 2130 132 110 in
829 2130 132 110 ea
895 2130 307 110 vocatione,
1137 2130 132 110 in
1203 2130 154 110 qua
1290 2130 242 110 vocatus
1466 2130 176 110 est,
1576 2130 132 110 I.
1642 2130 263 110 Corinth.
1839 2130 132 110 S;
1883 2130 110 110 Re¬-

499 2180 226 122 stat,
650 2180 201 122 quod
775 2180 327 122 Monachis,
1027 2180 176 122 dum
1127 2180 201 122 sunt
1253 2180 151 122 in
1328 2180 327 122 inferiori
1580 2180 251 122 ordine
1731 2180 251 122 Ecclesia

496 2246 242 110 sticae
665 2246 387 110 Hierarchiae,
980 2246 145 110 id
1052 2246 194 110 est,
1173 2246 169 110 dum
1270 2246 194 110 sunt
1391 2246 145 110 in
1464 2246 218 110 statu
1609 2246 339 110 Monachorum
1851 2246 121 110 sul

490 2315 235 126 iecti,
654 2315 164 126 non
748 2315 211 126 licet
889 2315 141 126 de
959 2315 188 126 iure
1077 2315 258 126 communi
1264 2315 282 126 exercere
1476 2315 305 126 praedicta
1711 2315 258 126 officia
1875 2315 94 126 Et

504 2391 376 96 clesiastica,
809 2391 188 96 quae
926 2391 188 96 sunt
1043 2391 258 96 officia
1231 2391 352 96 Clericorum;
1513 2391 164 96 nec
1607 2391 211 96 debet
1748 2391 164 96 dis
1818 2391 188 96 subie¬-

492 2452 256 125 ctionis
678 2452 186 125 suae
794 2452 279 125 conditio
1003 2452 349 125 displicere,
1282 2452 163 125 sed
1375 2452 256 125 quantum
1561 2452 140 125 in
1631 2452 163 125 eis
1724 2452 186 125 est,
1817 2452 186 125 debent

493 2512 145 114 in
565 2512 145 114 ea
638 2512 291 114 perpetuo
856 2512 339 114 permanere;
1122 2512 339 114 videlicet,
1389 2512 194 114 nisi
1510 2512 145 114 ad
1582 2512 363 114 Clericatum,
1849 2512 145 114 siue

495 2587 149 142 ad
570 2587 272 142 regimen
768 2587 322 142 animarum,
1015 2587 198 142 siue
1139 2587 347 142 ordinarie,
1411 2587 198 142 siue
1535 2587 446 142 extraordinarie
1881 2587 124 142 ea;

485 2644 261 104 nonice
668 2644 418 104 prouehantur.
