2592 3508
544 171 145 83 §.
616 171 145 83 Si
689 171 193 83 vero
810 171 290 83 dicatur,
1027 171 193 83 quod
1148 171 338 83 Regulares,
1414 171 193 83 viri
1535 171 266 83 propter
1704 171 266 83 sapctita¬-

476 232 171 74 tem
573 232 244 74 vitae,
744 232 122 74 &
793 232 195 74 quia
915 232 219 74 magis
1061 232 268 74 possunt
1256 232 268 74 studio;
1451 232 268 74 vatare,
1646 232 219 74 magis
1768 232 195 74 idopei

477 292 201 74 sunt
603 292 151 74 ad
678 292 277 74 publice
879 292 428 74 praedicandum,
1232 292 126 74 &
1282 292 277 74 publice
1483 292 327 74 docendum,
1735 292 126 74 &
1760 292 201 74 poeni¬-

487 368 280 81 tentias
690 368 254 81 populo
868 368 407 81 iniungendum,
1198 368 203 81 quam
1325 368 330 81 Saecularo
1580 368 330 81 Praelati;
1808 368 153 81 Res¬-

480 425 265 83 ponderi
672 425 265 83 potest,
865 425 193 83 quod
985 425 168 83 hoc
1082 425 265 83 indiget
1274 425 361 83 probatione;
1563 425 193 83 quia
1683 425 168 83 nec
1755 425 217 83 locaRe¬-

481 490 323 82 gularium;
730 490 174 82 nec
829 490 274 82 Ordines
1029 490 224 82 eorum
1178 490 274 82 faciunt
1377 490 274 82 homines
1576 490 373 82 sanctiores,
1850 490 124 82 sed

485 557 182 73 bona
599 557 182 73 vita
713 557 273 73 illorum,
918 557 182 73 quae
1032 557 114 73 &
1077 557 137 73 in
1145 557 296 73 Praelatis
1373 557 364 73 Saecularibus
1669 557 228 73 potest
1806 557 159 73 esse¬-

488 635 188 81 Vnde
606 635 329 81 Gregorius.
865 635 165 81 Non
959 635 212 81 loca,
1100 635 165 81 vel
1194 635 259 81 ordines
1383 635 282 81 creatori
1594 635 235 81 nostro
1759 635 165 81 nos
1830 635 141 81 pro¬-

481 675 208 83 ximos
620 675 278 83 faciunt;
828 675 162 83 sed
920 675 185 83 nos,
1036 675 162 83 aut
1128 675 231 83 merita
1290 675 185 83 bona
1406 675 139 83 ei
1475 675 347 83 coniungunt,
1753 675 162 83 aut
1822 675 139 83 mala

482 754 333 82 disiungunt.
748 754 200 82 dist.
882 754 155 82 40.
970 754 178 82 ean.
1082 754 155 82 Non
1170 754 200 82 loca,
1304 754 155 82 vel
1392 754 267 82 ordines,
1592 754 155 82 Sed
1681 754 244 82 posito,
1837 754 133 82 quod

473 823 336 68 sanctiores
737 823 216 68 sint,
881 823 120 68 &
929 823 216 68 magis
1073 823 312 68 literati,
1314 823 120 68 &
1362 823 192 68 ideo
1482 823 216 68 magis
1626 823 264 68 idonei,
1794 823 168 68 quoad

480 896 223 78 vitam
629 896 124 78 &
678 896 346 78 scientiam;
950 896 173 78 non
1049 896 223 78 tamen
1197 896 247 78 idonei
1371 896 198 78 sunt
1494 896 223 78 quoad
1643 896 272 78 statum;
1816 896 148 78 quia

479 954 170 74 non
576 954 242 74 habent
745 954 291 74 ordinem,
963 954 170 74 seu
1060 954 242 74 gradum
1230 954 145 74 in
1302 954 412 74 Ecclesiastica
1641 954 363 74 Hierarchia,

484 1040 299 67 praedicta
714 1040 253 67 officia
897 1040 322 67 exercendi;
1150 1040 161 67 sed
1242 1040 322 67 discrepant
1495 1040 184 67 illa
1609 1040 253 67 officia
1793 1040 138 67 ab
1839 1040 115 67 eo¬-

475 1110 177 53 rum
576 1110 379 53 professione
879 1110 126 53 &
929 1110 252 53 gradu,
1106 1110 151 53 vt
1182 1110 303 53 ostensum
1409 1110 177 53 est
1510 1110 227 53 supra
1661 1110 202 53 ead.
1787 1110 227 53 dist.

480 1153 162 83 §.
561 1153 189 83 Sed
669 1153 243 83 dato,
831 1153 135 83 &
886 1153 406 83 Paragraphis
1210 1153 433 83 sequentibus,
1561 1153 243 83 vsque
1724 1153 162 83 ad
1778 1153 189 83 locum

459 1226 233 67 istum.

498 1249 151 116 §.
573 1249 151 116 Ad
649 1249 303 116 inductam
876 1249 202 116 vero
1003 1249 429 116 similitudinem
1356 1249 151 116 de
1432 1249 252 116 Ordine
1583 1249 379 116 Hospitalario¬-

469 1373 217 64 rum,
605 1373 136 64 &
659 1373 462 64 Templariorum,
1039 1373 163 64 ad
1120 1373 299 64 ordinem
1338 1373 380 64 Regularium
1609 1373 353 64 Praedicato¬-

471 1435 205 65 rum;
599 1435 358 65 Responderi
881 1435 282 65 potest,
1086 1435 205 65 quod
1214 1435 179 65 non
1316 1435 179 65 est
1418 1435 282 65 simile.
1623 1435 179 65 Nam
1726 1435 179 65 per
1802 1435 154 65 cor¬-

472 1497 286 82 poralem
680 1497 364 82 alimoniam,
966 1497 182 82 vel
1070 1497 364 82 infirmorum
1355 1497 390 82 curationem,
1667 1497 208 82 quam
1771 1497 182 82 exhi¬-

475 1548 192 72 bent
595 1548 384 72 indigentibus
907 1548 408 72 Hospitalarii;
1244 1548 168 72 vel
1340 1548 168 72 per
1436 1548 336 72 corporalem
1700 1548 312 72 militiam,

466 1635 200 73 quam
591 1635 250 73 contra
766 1635 250 73 hostes
942 1635 325 73 Ecclesiae
1192 1635 350 73 corporales
1467 1635 300 73 exercent
1668 1635 300 73 Templarii;

462 1675 161 102 nec
554 1675 299 102 Praelatis
784 1675 368 102 Ecclesiarum,
1083 1675 161 102 nec
1175 1675 184 102 vlli
1290 1675 253 102 ordini,
1474 1675 161 102 seu
1566 1675 230 102 gradui
1704 1675 253 102 Ecclesia¬-

466 1736 243 89 stico,
636 1736 388 89 praeiudicium
951 1736 340 89 generatur;
1218 1736 170 89 nec
1315 1736 267 89 alienum
1510 1736 291 89 officium
1704 1736 267 89 praeiudi¬-

465 1816 281 82 cialiter
675 1816 328 82 vsurpatur;
933 1816 187 82 vnde
1050 1816 164 82 per
1143 1816 164 82 eos
1237 1816 164 82 non
1330 1816 281 82 turbatur
1541 1816 304 82 Ecclesia,
1775 1816 164 82 sed
1845 1816 117 82 po¬-

476 1884 201 87 tius
602 1884 352 87 adiuuatur.
878 1884 151 87 Si
954 1884 201 87 vero
1080 1884 252 87 fieret
1256 1884 201 87 Ordo
1381 1884 352 87 Regilarium
1633 1884 327 87 Praedicato¬-

467 1963 197 84 rum,
591 1963 173 84 qui
689 1963 247 84 plebes
862 1963 296 84 proprias
1084 1963 173 84 non
1183 1963 321 84 haberent;
1430 1963 197 84 sest
1553 1963 247 84 semper
1701 1963 272 84 praedica¬-

461 2009 213 80 rent,
604 2009 119 80 &
651 2009 190 80 alia
770 2009 261 80 quaedam
959 2009 261 80 officia
1149 2009 403 80 Ecclesiastica
1481 2009 356 80 exhihierent
1742 2009 237 80 plebibus

473 2082 278 74 alienis,
681 2082 370 74 irrequisitis
982 2082 116 74 &
1028 2082 255 74 inuitis
1213 2082 208 74 eorum
1352 2082 324 74 Praelatis;
1607 2082 116 74 &
1653 2082 185 74 lige
1746 2082 231 74 propria;

477 2146 173 80 vel
576 2146 296 80 perpetua
798 2146 320 80 potestare
1044 2146 247 80 facere
1217 2146 296 80 possent;
1439 2146 296 80 constat,
1661 2146 197 80 quod
1784 2146 173 80 non
1858 2146 123 80 mo¬-

476 2209 218 83 dicum
621 2209 460 83 praeiudicaretur
1008 2209 412 83 iurisdictioni
1347 2209 121 83 &
1396 2209 315 83 potestati
1638 2209 387 83 Episcoporum,

470 2275 126 94 &
520 2275 278 94 aliorum
722 2275 329 94 Ecclesiae
975 2275 404 94 Praelatorum,
1304 2275 152 94 vt
1379 2275 303 94 ostensum
1607 2275 177 94 est
1708 2275 227 94 supra
1834 2275 152 94 ead¬-

468 2343 223 86 dist.
617 2343 149 86 §.
691 2343 272 86 Constat
889 2343 248 86 autem,
1062 2343 149 86 §.
1137 2343 198 86 Item
1260 2343 223 86 mihi,
1409 2343 124 86 &
1458 2343 149 86 §.
1533 2343 173 86 Cum
1632 2343 272 86 igitur;
1830 2343 124 86 &
1854 2343 124 86 tam

480 2398 257 95 eisdem
660 2398 360 95 Praelatis,
943 2398 206 95 quam
1071 2398 231 95 eorum
1225 2398 308 95 Subditis
1457 2398 360 95 spirituale
1713 2398 283 95 periculum

468 2503 327 72 pararetur,
724 2503 140 72 vt
794 2503 280 72 ostensum
1005 2503 163 72 est
1098 2503 210 72 supra
1238 2503 187 72 ead.
1355 2503 210 72 dist.
1495 2503 140 72 §.
1565 2503 187 72 Item
1682 2503 233 72 forte,
1845 2503 117 72 &
1892 2503 140 72 S.

469 2539 308 90 Periculum
706 2539 237 90 etiam;
872 2539 118 90 &
919 2539 166 90 sic
1014 2539 166 90 per
1109 2539 166 90 eos
1203 2539 166 90 pax
1298 2539 308 90 Ecclesiae
1535 2539 355 90 turbaretur,
1819 2539 118 90 &
1843 2539 142 90 con¬-

465 2614 325 78 funderetur
720 2614 394 78 Ecclesiastica
1045 2614 348 78 Hierarchia,
1323 2614 139 78 vt
1393 2614 278 78 ostensum
1602 2614 162 78 est
1695 2614 209 78 supra
1834 2614 186 78 ead.

460 2674 224 90 dist.
609 2674 149 90 §.
684 2674 174 90 Sed
783 2674 224 90 dato,
933 2674 124 90 &
982 2674 224 90 aliis
1132 2674 373 90 Paragraphis
1430 2674 398 90 sequentibus,
1753 2674 224 90 vsque
1878 2674 99 90 ad
