2592 3508
432 183 173 78 tem
531 183 271 78 praeter
728 183 320 78 euidentem
975 183 296 78 publicam
1197 183 345 78 vtilitatem
1468 183 222 78 vocat
1616 183 148 78 ad
1690 183 222 78 illud
1813 183 123 78 os¬-

428 241 272 85 ficium,
626 241 124 85 i
676 241 272 85 videtur
873 241 148 85 ei
948 241 297 85 inijcere
1170 241 297 85 ambiguum
1393 241 322 85 elationis
1640 241 346 85 periculum;

429 330 188 73 quae
546 330 211 73 vtrum
687 330 258 73 valeant
875 330 211 73 fieri
1016 330 188 73 sine
1133 330 282 73 peccato,
1345 330 258 73 iudicet
1533 330 164 73 qui
1627 330 282 73 iudicare
1815 330 117 73 po¬-

443 377 220 83 test.
589 377 220 83 Patet
736 377 245 83 igitur
908 377 147 83 ex
981 377 367 83 praemissis,
1275 377 196 83 quod
1397 377 171 83 non
1495 377 269 83 expedit
1667 377 269 83 Regulari¬-

436 449 170 82 bus
533 449 243 82 viris,
703 449 170 82 qui
800 449 243 82 Graece
970 449 267 82 Monachi
1165 449 389 82 appellantur,
1480 449 267 82 publice
1675 449 243 82 docere
1821 449 121 82 aut

434 515 277 97 publice
636 515 378 97 praedicare,
938 515 277 97 propter
1140 515 378 97 humilitatis
1443 515 277 97 statum,
1644 515 126 97 &
1670 515 277 97 elationis

444 593 331 82 periculum;
705 593 166 82 nec
799 593 166 82 eis
894 593 166 82 est
989 593 260 82 licitum
1178 593 284 82 secundùm
1391 593 260 82 ordinem
1556 593 379 82 Ecclesiasticae

422 666 358 76 Hierarchiae.

483 705 139 92 §.
552 705 162 92 Cum
645 705 231 92 igitur
806 705 277 92 Ecclesia
1014 705 277 92 Christi,
1222 705 254 92 Spiritu
1407 705 231 92 Sancto
1568 705 277 92 docente,
1776 705 139 92 ad
1823 705 115 92 in¬-

445 798 438 62 starHierarchie
810 798 292 62 Cclestis
1029 798 365 62 Hierarchice
1322 798 171 62 sit
1419 798 585 62 constructagordinata,

456 843 124 80 vt
518 843 185 80 dicit
642 843 268 80 Dionysius
848 843 124 80 in
910 843 165 80 lib.
1013 843 371 80 Ecclesiasticae
1322 843 330 80 Hierarchiae,
1590 843 165 80 cap.
1693 843 124 80 5.
1754 843 247 80 constat,
1919 843 62 80 e

444 907 211 103 quod
575 907 211 103 eius
707 907 290 103 ordinem
918 907 132 103 &
970 907 474 103 constructionem
1366 907 290 103 turbare
1576 907 237 103 atque
1708 907 237 103 consun¬-

463 971 219 91 dere,
609 971 219 91 nihil
755 971 219 91 aliud
901 971 243 91 esset,
1071 971 195 91 quam
1193 971 219 91 ipsam
1339 971 341 91 destruere.
1606 971 170 91 Cum
1704 971 243 91 igitur
1850 971 97 91 A¬-

449 1028 266 112 postolica
653 1028 246 112 potestas
838 1028 143 112 non
920 1028 143 112 sit
1002 1028 123 112 in
1063 1028 348 112 destructionem
1350 1028 246 112 Ecclesie
1534 1028 143 112 sed
1616 1028 123 112 in
1657 1028 287 112 aedificatio¬-

450 1098 203 92 nem
566 1098 174 92 2.
653 1098 348 92 Corinth.
913 1098 203 92 19.
1029 1098 203 92 Non
1145 1098 203 92 est
1261 1098 376 92 credendum
1551 1098 290 92 Summum
1724 1098 232 92 Ponti¬-

454 1170 278 82 ficem,
649 1170 250 82 huius
815 1170 416 82 Hierarchiae
1148 1170 361 82 generalem
1426 1170 361 82 Rectorem,
1703 1170 139 82 &
1731 1170 222 82 Summum

455 1233 428 91 Hierarcham,
798 1233 200 91 per
912 1233 228 91 suam
1054 1233 428 91 Apostolicam
1397 1233 428 91 potestatem,
1739 1233 200 91 seu
1824 1233 143 91 per

466 1300 374 103 quodcumque
760 1300 427 103 priuilegium,
1107 1300 187 103 eam
1214 1300 240 103 velle
1374 1300 401 103 consundere;
1668 1300 294 103 videlicet

453 1369 237 93 officia
626 1369 387 93 Perficientium,
948 1369 129 93 id
1013 1369 151 93 est
1099 1369 344 93 Praelatorum,
1378 1369 172 93 quae
1486 1369 172 93 sunt
1593 1369 258 93 purgare,
1765 1369 194 93 illumi¬-

462 1418 216 99 nare,
606 1418 361 99 consummare,
895 1418 289 99 secundùm
1111 1418 192 99 quod
1232 1418 216 99 supra
1376 1418 289 99 exposita
1592 1418 216 99 sunt,
1737 1418 144 99 in
1785 1418 192 99 Persi¬-

462 1505 270 83 ciendos,
665 1505 135 83 id
733 1505 180 83 est,
845 1505 135 83 in
913 1505 293 83 Monachos,
1138 1505 158 83 seu
1228 1505 293 83 Regulares
1453 1505 225 83 viros,
1611 1505 293 83 infinitos
1836 1505 113 83 &
1858 1505 113 83 in¬-

461 1563 263 89 certos,
652 1563 120 89 a
700 1563 167 89 se,
796 1563 167 89 vel
891 1563 143 89 ab
963 1563 287 89 Ecclesia
1178 1563 287 89 canonice
1393 1563 167 89 non
1489 1563 287 89 electos,
1704 1563 120 89 &
1752 1563 191 89 sibi
1847 1563 120 89 non

466 1633 311 86 cognitos,
705 1633 168 86 nec
801 1633 311 86 probatos,
1041 1633 239 86 quique
1208 1633 191 86 sunt
1328 1633 144 86 de
1400 1633 239 86 ordine
1567 1633 455 86 Perficiendorum,

465 1697 182 91 dum
569 1697 208 91 sunt
699 1697 156 91 in
777 1697 182 91 suo
880 1697 338 91 inferiori
1140 1697 260 91 ordine
1322 1697 415 91 permanentes,
1633 1697 338 91 generaliter

466 1762 375 91 transferendo;
775 1762 154 91 aut
863 1762 154 91 eos
951 1762 353 91 Perfectiuis,
1238 1762 154 91 seu
1326 1762 419 91 Perficientibus,
1679 1762 132 91 id
1745 1762 154 91 est
1812 1762 154 91 Prae¬-

473 1826 207 91 latis
611 1826 438 91 Ecclesiasticis,
980 1826 138 91 in
1049 1826 230 91 dictis
1210 1826 277 91 officiis
1418 1826 346 91 generaliter
1671 1826 300 91 adaequando.

485 1898 278 83 Oportet
687 1898 202 83 enim
814 1898 152 83 in
889 1898 304 83 Ecclesia
1117 1898 177 83 Dei
1218 1898 202 83 esse
1345 1898 278 83 quamdam
1547 1898 481 83 inaequalitatem,

472 1962 356 89 Praelatorum
757 1962 309 89 scilicet,
995 1962 119 89 &
1042 1962 380 89 subiectorum;
1351 1962 214 89 neque
1494 1962 190 89 enim
1613 1962 309 89 Ecclesiae
1826 1962 143 89 vni¬-

471 2037 298 79 uersitas
695 2037 199 79 alia
819 2037 273 79 poterat
1017 2037 273 79 ratione
1216 2037 373 79 subsistere,
1514 2037 199 79 nisi
1638 2037 174 79 eam
1713 2037 273 79 huiusmodi

474 2102 241 79 magnus
643 2102 386 79 differentiae
956 2102 193 79 ordo
1077 2102 313 79 seruaret,
1318 2102 145 79 vt
1390 2102 289 79 ostensum
1607 2102 169 79 est
1704 2102 217 79 supra
1824 2102 145 79 ead.

481 2163 199 90 dist.
614 2163 133 90 §.
680 2163 155 90 Cum
769 2163 221 90 igitur
924 2163 133 90 vt
990 2163 221 90 dictum
1145 2163 177 90 est.
1256 2163 199 90 Dicta
1389 2163 177 90 ergo
1500 2163 244 90 officia
1655 2163 332 90 Ecclesiastica

473 2241 137 76 ad
542 2241 387 76 Perficientes,
861 2241 159 76 seu
952 2241 365 76 Perfectiuos,
1248 2241 137 76 id
1316 2241 159 76 est
1407 2241 137 76 ad
1476 2241 296 76 Praelatos
1681 2241 296 76 Ecclesiarum

480 2313 372 89 pertinentia
778 2313 223 89 viris
927 2313 397 89 Regularibus,
1250 2313 174 89 qui
1349 2313 248 89 Graece
1523 2313 273 89 Monachi
1697 2313 273 89 appellan¬-

472 2376 205 76 tur,
600 2376 153 76 in
677 2376 281 76 officio
882 2376 332 76 Monachali
1137 2376 460 76 permanentibus,
1521 2376 179 76 cum
1623 2376 230 76 adhuc
1776 2376 205 76 sint
1879 2376 102 76 in

452 2426 120 99 .
500 2426 239 99 Ordine
667 2426 454 99 Perficiendorum,
1050 2426 406 99 vniuersaliter
1384 2426 120 99 &
1432 2426 287 99 perpetuo
1647 2426 311 99 delegare,
1862 2426 120 99 seu

475 2497 385 92 committere,
783 2497 231 92 nihil
937 2497 231 92 aliud
1091 2497 257 92 esset,
1271 2497 205 92 quam
1399 2497 308 92 Monachos
1604 2497 385 92 vniuersaliter

481 2587 410 91 demonachare;
815 2587 205 91 nisi
943 2587 231 91 forte
1097 2587 282 91 fierent
1302 2587 308 91 Rectores
1533 2587 385 91 Ecclesiarum
1815 2587 180 91 Paro¬-

474 2626 322 99 chialium,
722 2626 198 99 quod
846 2626 322 99 faciendum
1094 2626 174 99 non
1193 2626 248 99 esset,
1367 2626 198 99 nisi
1491 2626 273 99 publica
1665 2626 322 99 necessitate

470 2691 290 95 vrgente;
687 2691 217 95 sicut
832 2691 241 95 factum
1001 2691 193 95 suit
1121 2691 145 95 in
1194 2691 290 95 Ecclesia
1411 2691 265 95 Italica
1604 2691 265 95 tempore
1773 2691 217 95 Gelasi;
