2592 3508
479 171 162 86 scit
580 171 162 86 quae
682 171 162 86 sunt
783 171 244 86 hominis,
966 171 162 86 nisi
1067 171 244 86 spiritus
1250 171 244 86 hominis,
1432 171 142 86 qui
1514 171 122 86 in
1574 171 162 86 ipso
1676 171 162 86 est.
1777 171 122 86 I.
1838 171 162 86 Cor.

472 242 156 90 2.
550 242 208 90 Ideo
680 242 234 90 autem
836 242 312 90 dicuntur
1070 242 338 90 penetrare
1329 242 234 90 domos
1485 242 494 90 conscientiarum,
1875 242 78 90 &

462 306 170 90 non
559 306 267 90 intrare
753 306 170 90 per
851 306 267 90 ostium,
1045 306 146 90 id
1118 306 170 90 est
1215 306 170 90 per
1313 306 292 90 Christum
1531 306 219 90 Ioan.
1677 306 170 90 19.
1775 306 170 90 Ego
1847 306 122 90 sum

478 371 254 106 ostium;
663 371 185 106 quia
778 371 254 106 praeter
963 371 370 106 authoritatem
1263 371 300 106 Ecclesiae
1494 371 277 106 Christi,
1702 371 162 106 vel
1771 371 185 106 contra

479 442 344 91 voluntatem
750 442 295 91 Christi;
971 442 319 91 videlicet
1217 442 147 91 ad
1290 442 344 91 seducendum
1561 442 270 91 fideles
1733 442 221 91 Christi

475 533 302 65 ingerunt
701 533 151 65 se
777 533 151 65 ad
852 533 327 65 audiendum
1103 533 402 65 confessiones
1430 533 277 65 plebium
1631 533 176 65 non
1732 533 277 65 suarum.

470 570 146 90 Si
543 570 195 90 enim
665 570 317 90 Ecclesiae
908 570 366 90 authoritate
1201 570 292 90 canonice
1420 570 244 90 missi,
1591 570 122 90 &
1639 570 171 90 non
1737 570 146 90 ad
1785 570 171 90 sedu¬-

475 642 261 82 cendum
658 642 183 82 hoc
762 642 339 82 facerent,
1023 642 183 82 iam
1128 642 183 82 non
1232 642 392 82 penetrarent
1545 642 235 82 domos
1676 642 287 82 conscien¬-

485 699 259 97 tiarum,
674 699 165 97 sed
768 699 306 97 intrarent
1003 699 165 97 per
1097 699 259 97 ostium,
1286 699 141 97 id
1356 699 165 97 est
1450 699 165 97 per
1544 699 282 97 Christum
1733 699 235 97 scilicet

483 778 170 93 per
580 778 267 93 Christi
774 778 316 93 Ecclesiae
1018 778 413 93 authoritatem,
1358 778 122 93 &
1407 778 170 93 per
1504 778 195 93 eius
1626 778 365 93 voluntatem;
1893 778 73 93 &

475 835 153 91 sic
563 835 153 91 eis
650 835 284 91 ostiarius
869 835 284 91 aperiret,
1087 835 131 91 id
1153 835 153 91 est
1240 835 284 91 Christus.
1459 835 197 91 Ioan.
1590 835 153 91 19.
1678 835 109 91 &
1721 835 153 91 sic
1787 835 175 91 Pasto¬-

471 918 167 70 res
567 918 263 70 essent,
758 918 167 70 non
854 918 263 70 Pseudo,
1045 918 215 70 iuxta
1188 918 215 70 illud
1332 918 215 70 Ioan.
1475 918 167 70 10.
1571 918 167 70 Qui
1666 918 215 70 autem
1786 918 191 70 intrat

477 985 163 91 per
570 985 233 91 ostium
733 985 233 91 Pastor
896 985 163 91 est
989 985 233 91 ouium.
1152 985 210 91 Glos.
1292 985 303 91 Quicumque
1525 985 163 91 sub
1618 985 256 91 Christo
1782 985 186 91 Pastor

479 1034 178 96 est,
590 1034 156 96 per
679 1034 267 96 Christum
879 1034 223 96 intrat
1035 1034 134 96 in
1102 1034 200 96 corda
1236 1034 267 96 hominum,
1436 1034 134 96 Id
1503 1034 156 96 est
1592 1034 156 96 per
1658 1034 312 96 authoritatem

478 1115 303 74 Ecclesiae
711 1115 280 74 Christi,
921 1115 117 74 &
968 1115 163 74 per
1061 1115 327 74 voluntatem
1318 1115 280 74 Christi;
1528 1115 257 74 intrat,
1714 1115 257 74 inquam,
1878 1115 93 74 in

476 1192 232 68 corda
631 1192 309 68 hominum,
863 1192 335 68 videlicet
1121 1192 180 68 per
1224 1192 206 68 suam
1352 1192 490 68 praedicationem,
1765 1192 129 68 &
1791 1192 180 68 illo¬-

474 1250 178 74 rum
575 1250 433 74 confessionem.

542 1311 150 85 §.
617 1311 275 85 Pastori
817 1311 225 85 autem
967 1311 225 85 debet
1117 1311 225 85 huius
1267 1311 225 85 domus
1417 1311 250 85 ostium
1592 1311 300 85 aperiri,
1792 1311 175 85 iuxta

476 1388 192 65 illud
604 1388 214 65 Boetii
753 1388 128 65 De
817 1388 342 65 consolatione
1095 1388 171 65 lib.
1202 1388 128 65 1.
1266 1388 128 65 Si
1330 1388 214 65 operam
1480 1388 192 65 medic
1608 1388 192 65 antis
1736 1388 278 65 expectas,

479 1426 265 101 oportet
672 1426 145 101 vt
744 1426 241 101 vulnus
913 1426 289 101 detegas.
1130 1426 241 101 Alieno
1299 1426 217 101 vero,
1443 1426 121 101 &
1492 1426 169 101 non
1588 1426 289 101 Pastori,
1805 1426 169 101 vel
1878 1426 96 101 ab

486 1527 144 60 eo
558 1527 168 60 non
654 1527 240 60 misso,
823 1527 216 60 domus
967 1527 216 60 huius
1111 1527 240 60 ostium
1280 1527 289 60 aperire,
1496 1527 168 60 non
1592 1527 216 60 vacat
1737 1527 120 60 a
1761 1527 216 60 pericu¬-

480 1562 169 90 lo,
576 1562 266 90 propter
770 1562 217 90 dolum
915 1562 386 90 Penetrantium
1228 1562 241 90 domos;
1397 1562 193 90 vnde
1518 1562 411 90 Ecclesiastic.
1856 1562 169 90 II.

475 1626 177 90 Non
576 1626 227 90 omnem
727 1626 278 90 hominem
930 1626 278 90 inducas
1132 1626 152 90 in
1208 1626 227 90 domum
1359 1626 227 90 tuam,
1511 1626 152 90 id
1587 1626 202 90 est,
1713 1626 152 90 ad
1764 1626 202 90 secre¬-

478 1717 153 63 tum
566 1717 350 63 conscientiae
850 1717 197 63 tuae,
982 1717 219 63 multae
1135 1717 175 63 enim
1244 1717 175 63 sunt
1354 1717 263 63 insidiae
1551 1717 241 63 dolosi.
1726 1717 197 63 Glos.
1836 1717 131 63 Cau¬-

476 1762 160 90 tum
567 1762 114 90 &
613 1762 274 90 prouidum
819 1762 205 90 docet
956 1762 137 90 te
1024 1762 183 90 esse
1138 1762 228 90 contra
1298 1762 274 90 ignotum;
1504 1762 137 90 ne
1572 1762 342 90 simulationi
1823 1762 160 90 eorum

477 1845 354 73 acquiescas,
761 1845 165 73 qui
855 1845 260 73 veniunt
1044 1845 142 73 in
1115 1845 354 73 vestimentis
1399 1845 236 73 ouium,
1564 1845 354 73 intrinsecus
1824 1845 165 73 autem

482 1890 187 99 sunt
599 1890 187 99 lupi
716 1890 281 99 rapaces.
926 1890 140 99 Et
996 1890 140 99 in
1067 1890 211 99 eodem
1207 1890 187 99 cap.
1324 1890 257 99 Admitte
1511 1890 140 99 ad
1581 1890 140 99 te
1651 1890 374 99 alienigenam,

489 1955 216 93 Glos.
633 1955 144 93 Id
705 1955 168 93 est
801 1955 312 93 quemlibet
1040 1955 336 93 peruersum;
1304 1955 312 93 videlicet
1544 1955 144 93 ad
1615 1955 288 93 secretum
1807 1955 168 93 cons¬-

486 2038 218 79 cientie
645 2038 179 79 tuae;
764 2038 99 79 &
804 2038 298 79 abalienabit
1042 2038 119 79 te
1101 2038 99 79 a
1141 2038 159 79 viis
1240 2038 258 79 propriis,
1438 2038 159 79 Glo,
1538 2038 159 79 quae
1637 2038 159 79 tibi
1736 2038 159 79 dat;
1835 2038 179 79 sunt,

479 2088 119 97 &
527 2088 310 97 ostensae.
765 2088 167 97 Sic
860 2088 214 97 autem
1003 2088 286 97 alienant
1218 2088 262 97 homines
1408 2088 119 97 a
1456 2088 191 97 viis
1575 2088 286 97 propriis
1766 2088 214 97 Pseudo¬-

482 2153 435 90 Praedicatores,
844 2153 121 90 &
893 2153 193 90 illi
1013 2153 169 90 qui
1110 2153 314 90 penetrant
1352 2153 242 90 domos;
1521 2153 314 90 inducendo
1738 2153 242 90 scilicet

482 2243 167 73 eos
578 2243 143 73 ad
649 2243 334 73 nouitates,
912 2243 119 73 &
960 2243 430 73 superstitiones
1318 2243 215 73 suas,
1461 2243 119 73 &
1509 2243 143 73 ad
1580 2243 167 73 sua
1676 2243 286 73 consilia
1867 2243 119 73 du¬-

490 2293 251 86 centes,
673 2293 251 86 omissis
855 2293 182 86 viis
969 2293 296 86 propriis,
1197 2293 182 86 quae
1311 2293 160 86 eis
1402 2293 205 86 datae
1539 2293 182 86 sunt
1653 2293 114 86 &
1699 2293 296 86 ostensae;
1904 2293 91 86 id

484 2353 187 90 est
591 2353 268 90 omissa
779 2353 214 90 vita
912 2353 294 90 communi
1127 2353 268 90 Patrum
1314 2353 375 90 nostrorum,
1608 2353 134 90 &
1662 2353 348 90 consueta,
1903 2353 80 90 &

489 2418 266 98 omissis
682 2418 339 98 propriorum
948 2418 314 98 consiliis
1190 2418 387 98 Praelatorum,
1504 2418 145 98 vt
1577 2418 242 98 dictum
1746 2418 169 98 est
1819 2418 169 98 supra

489 2495 176 84 ead
590 2495 227 84 dist.
741 2495 151 84 Et
816 2495 201 84 ideo
942 2495 201 84 tali
1068 2495 252 84 alieno
1244 2495 302 84 dicendum
1471 2495 227 84 esset
1622 2495 227 84 illud
1748 2495 252 84 Apostoli

488 2554 180 99 Rom.
601 2554 158 99 I4.
691 2554 135 99 Tu
759 2554 180 99 quis
871 2554 158 99 es,
962 2554 158 99 qui
1052 2554 248 99 iudicas
1232 2554 225 99 seruum
1390 2554 270 99 alienum?
1592 2554 225 99 Domino
1750 2554 158 99 suo
1840 2554 203 99 stat,

482 2643 145 87 aut
565 2643 207 87 cadit;
710 2643 124 87 id
772 2643 145 87 est
855 2643 145 87 suo
938 2643 269 87 Praelato.

548 2689 145 115 §.
620 2689 266 115 Alienus
814 2689 266 115 igitur,
1007 2689 145 115 si
1080 2689 193 115 sine
1200 2689 290 115 licentia
1418 2689 266 115 proprii
1611 2689 363 115 Sacerdotis,
1877 2689 121 115 vel
