2592 3508
515 115 214 90 super
658 115 214 90 illud
800 115 142 90 I.
871 115 261 90 Timoth.
1061 115 142 90 3.
1132 115 261 90 Oportet
1322 115 308 90 Episcopum
1559 115 214 90 bonum
1702 115 237 90 habere
1844 115 190 90 testi¬-

517 201 238 74 monium
684 201 143 74 ab
755 201 167 74 his
850 201 167 74 qui
945 201 214 74 foris
1088 201 190 74 sunt
1207 201 143 74 vt
1279 201 167 74 non
1374 201 262 74 incidat
1564 201 143 74 in
1636 201 357 74 opprobrium,
1921 201 119 74 &
1945 201 95 74 in

526 242 253 114 laqueum
710 242 276 114 Diaboli,
917 242 207 114 dicit
1055 242 207 114 Glos.
1193 242 138 114 vt
1262 242 161 114 non
1355 242 253 114 incidat
1539 242 299 114 Episcopus
1769 242 138 114 in
1815 242 207 114 contem¬-

515 330 186 91 ptum
631 330 186 91 apud
747 330 279 91 fideles,
956 330 279 91 scilicet
1165 330 279 91 subditos
1374 330 209 91 suos,
1514 330 116 91 &
1560 330 163 91 sic
1653 330 302 91 postmodum
1862 330 163 91 inci¬-

513 396 173 96 dat
612 396 148 96 in
686 396 247 96 odium,
858 396 296 96 scilicet
1080 396 247 96 contra
1253 396 394 96 contemptores
1573 396 222 96 suos.
1721 396 197 96 Ecce
1820 396 197 96 magnum

524 458 329 83 periculum
777 458 152 83 in
853 458 329 83 Ecclesia,
1107 458 177 83 Dei
1208 458 329 83 videlicet
1461 458 355 83 contemptus
1715 458 304 83 subditorum

529 530 149 67 ad
604 530 348 67 Praelatos;
877 530 124 67 &
926 530 223 67 odium
1075 530 372 67 Praelatorum
1373 530 149 67 ad
1448 530 323 67 subditos.
1696 530 149 67 Si
1771 530 199 67 enim
1870 530 149 67 sub¬-

518 579 218 105 iecti
663 579 314 105 Praelatos
905 579 363 105 despiciant,
1195 579 266 105 constat
1388 579 193 105 quod
1509 579 218 105 eorum
1654 579 314 105 doctrinam
1872 579 145 105 con¬-

525 659 286 97 temnent,
740 659 215 97 iuxta
883 659 215 97 illud
1026 659 310 97 Gregorii,
1265 659 215 97 cuius
1408 659 191 97 vita
1527 659 334 97 despicitur
1789 659 239 97 restat
1933 659 95 97 vt

517 731 202 63 eius
643 731 379 63 praedicatio
946 731 404 63 contemnatur.
1275 731 177 63 Cum
1376 731 227 63 tamen
1528 731 329 63 doctrinam
1755 731 278 63 Praelato¬-

525 795 190 81 rum,
644 795 214 81 licet
786 795 190 81 mali
905 795 309 81 existant,
1143 795 309 81 obseruare
1380 795 119 81 &
1427 795 237 81 facere
1594 795 332 81 teneantur,
1855 795 142 81 in
1902 795 119 81 his

511 841 276 93 saltem,
711 841 200 93 quae
837 841 326 93 pertinent
1087 841 150 93 ad
1162 841 351 93 cathedram,
1438 841 225 93 iuxta
1588 841 351 93 praeceptum
1839 841 175 93 Domi¬-

521 924 138 103 ni
590 924 231 103 Matth.
752 924 162 103 23.
844 924 300 103 dicentis,
1075 924 185 103 Quae
1190 924 254 103 dicunt,
1375 924 208 103 Glos.
1513 924 346 103 pertinentia
1790 924 138 103 ad
1836 924 185 103 cathe¬-

518 983 214 101 dram,
661 983 333 101 obseruate,
923 983 214 101 Glos.
1065 983 143 101 in
1137 983 238 101 corde,
1303 983 119 101 &
1351 983 262 101 facite,
1541 983 214 101 Glos.
1684 983 143 101 in
1755 983 238 101 opere;
1898 983 119 101 vBI

523 1058 168 82 enim
628 1058 315 82 incolumitas
880 1058 336 82 obedientiae,
1153 1058 147 82 ibi
1237 1058 168 82 sana
1342 1058 147 82 est
1426 1058 189 82 sorma
1552 1058 294 82 doctrinae.
1783 1058 189 82 dist.
1909 1058 147 82 Si.

519 1123 206 81 can.
648 1123 309 81 Miramur.
880 1123 154 81 Si
957 1123 232 81 autem
1111 1123 309 81 Praelati
1343 1123 335 81 subiectos
1600 1123 283 81 odiant,
1780 1123 232 81 constat

514 1185 202 99 quod
640 1185 176 99 eos
741 1185 151 99 ex
816 1185 328 99 charitate
1068 1185 176 99 non
1169 1185 302 99 pascent,
1396 1185 176 99 sed
1497 1185 252 99 tantum
1673 1185 176 99 pro
1749 1185 277 99 temporali

518 1252 305 88 mercede;
746 1252 127 88 &
797 1252 178 88 sic
899 1252 229 88 erunt
1052 1252 381 88 Mercenarii,
1357 1252 127 88 &
1408 1252 178 88 non
1509 1252 331 88 Pastores,
1764 1252 153 88 vt
1815 1252 203 88 osten¬-

512 1306 157 98 sum
601 1306 157 98 est
691 1306 201 98 supra
825 1306 179 98 ead.
937 1306 201 98 dist.
1071 1306 134 98 5.
1138 1306 224 98 Quidam
1295 1306 179 98 vero
1384 1306 157 98 alii¬-

557 1378 143 90 §.
629 1378 285 90 Postquam
843 1378 214 90 autem
985 1378 262 90 fideles
1176 1378 262 90 Christi
1366 1378 309 90 Praelatos
1604 1378 357 90 Ecclesiarum
1865 1378 143 90 con¬-

512 1451 372 82 tempserint
805 1451 292 82 propter
1017 1451 266 82 Pseudo
1203 1451 133 82 &
1256 1451 399 82 Penetrantes
1575 1451 239 82 domos
1708 1451 319 82 seducentes

521 1504 123 107 &
571 1504 369 107 captiuantes
866 1504 246 107 illos,
1038 1504 197 107 tunc
1161 1504 197 107 ipsi
1285 1504 246 107 Pseudo
1457 1504 345 107 proficiunt
1728 1504 148 107 in
1801 1504 246 107 peius,
1949 1504 74 107 &

518 1585 230 83 quasi
670 1585 332 83 seducendi
926 1585 306 83 officium
1155 1585 306 83 habentes
1385 1585 357 83 pedetentim
1665 1585 281 83 mittunt
1844 1585 179 83 homi¬-

520 1649 162 83 nes
612 1649 139 83 in
682 1649 277 83 errores,
889 1649 185 83 quia
1005 1649 208 83 sermo
1143 1649 208 83 eorum
1282 1649 139 83 vt
1351 1649 231 83 cancer
1513 1649 231 83 serpit
1675 1649 139 83 2.
1744 1649 254 83 Timoth.
1929 1649 139 83 2.

518 1698 215 90 Glos.
661 1698 239 90 Aparuo
828 1698 143 90 ad
900 1698 239 90 magnum
1067 1698 286 90 paulatim
1282 1698 263 90 tendit,
1473 1698 191 90 quae
1592 1698 191 90 sana
1712 1698 191 90 sunt
1807 1698 215 90 corrum¬-

507 1777 254 99 pendo.
684 1777 152 99 Et
760 1777 178 99 hoc
862 1777 381 99 prophetauit
1166 1777 330 99 Apostolus
1420 1777 152 99 2.
1496 1777 279 99 Timoth.
1699 1777 152 99 3.
1776 1777 279 99 dicens.

508 1849 204 93 Mali
636 1849 230 93 autem
789 1849 306 93 homines,
1019 1849 128 93 &
1070 1849 383 93 seductores,
1376 1849 230 93 Glos.
1529 1849 306 93 Aliorum,
1759 1849 179 93 qui
1835 1849 179 93 huius

520 1915 240 82 officii
695 1915 197 82 sunt,
826 1915 306 82 proficient
1066 1915 131 82 in
1132 1915 219 82 peius,
1285 1915 284 82 errantes,
1504 1915 197 82 Glos.
1635 1915 219 82 abono,
1788 1915 109 82 &
1831 1915 197 82 alios
1941 1915 87 82 in

519 1978 260 82 errorem
708 1978 331 82 mittentes,
968 1978 213 82 Glos.
1110 1978 189 82 ipso
1228 1978 213 82 actu;
1369 1978 331 82 videlicet,
1629 1978 189 82 quia
1747 1978 165 82 non
1818 1978 189 82 tantum

512 2041 238 92 verbo,
679 2041 143 92 vt
750 2041 238 92 dictum
917 2041 167 92 est
1012 2041 214 92 supra
1155 2041 191 92 ead.
1275 2041 214 92 dist.
1417 2041 143 92 §.
1489 2041 191 92 Item
1608 2041 238 92 eorum;
1775 2041 167 92 sed
1846 2041 167 92 etiam

508 2114 309 100 exemplo,
740 2114 258 100 errare
920 2114 309 100 faciunt.
1152 2114 180 100 Sub
1255 2114 335 100 praetextu
1513 2114 206 100 enim
1641 2114 386 100 Religionis,
1925 2114 77 100 &

506 2162 390 99 humilitatis,
823 2162 122 99 &
872 2162 195 99 geli
994 2162 317 99 animarum,
1238 2162 439 99 superstitiosas
1604 2162 366 99 traditiones
1872 2162 122 99 sa¬-

508 2248 257 77 ciunt,
688 2248 283 77 docent,
894 2248 129 77 &
946 2248 309 77 seruant,
1177 2248 180 77 per
1280 2248 206 77 quas
1408 2248 360 77 simplicium
1691 2248 231 77 corda
1820 2248 180 77 deci¬-

518 2312 240 92 piunt,
686 2312 120 92 &
734 2312 192 92 sibi
854 2312 336 92 alliciunt,
1118 2312 120 92 &
1166 2312 144 92 in
1238 2312 264 92 errores
1430 2312 288 92 mittunt.
1646 2312 192 92 Quae
1742 2312 264 92 traditio¬-

512 2379 199 89 nes,
637 2379 224 89 magis
786 2379 373 89 Sacrilegium
1085 2379 124 89 &
1135 2379 398 89 Superstitio,
1458 2379 199 89 quam
1583 2379 274 89 Religio
1782 2379 199 89 sunt
1882 2379 124 89 di¬-

516 2444 261 75 cendae,
706 2444 143 75 vt
778 2444 333 75 ostendetur
1039 2444 261 75 plenius
1229 2444 214 75 infra
1371 2444 214 75 dist.
1514 2444 143 75 4.
1585 2444 143 75 in
1656 2444 166 75 II.
1751 2444 119 75 &
1799 2444 166 75 12.
1870 2444 119 75 si¬

475 2498 186 83 gnis

537 2578 144 83 §.
609 2578 192 83 Quia
729 2578 240 83 igitur
897 2578 216 83 dicti
1041 2578 240 83 Pseudo
1209 2578 168 83 hoc
1305 2578 192 83 modo
1425 2578 264 83 galiis,
1617 2578 264 83 mittunt
1785 2578 216 83 homines

502 2653 145 71 in
574 2653 290 71 errores,
792 2653 194 71 ideo
913 2653 266 71 fideles
1107 2653 169 71 eos
1204 2653 339 71 audientes,
1470 2653 218 71 licet
1615 2653 315 71 videantur
1833 2653 169 71 posse
