<?xml version="1.0" encoding="UTF-8"?>
<alto xmlns:xsi="http://www.w3.org/2001/XMLSchema-instance"
      xmlns="http://www.loc.gov/standards/alto/ns-v4#"
      xmlns:page="http://schema.primaresearch.org/PAGE/gts/pagecontent/2013-07-15"
      xsi:schemaLocation="http://www.loc.gov/standards/alto/ns-v4# https://www.loc.gov/standards/alto/v4/alto.xsd">
   <Description>
      <MeasurementUnit>pixel</MeasurementUnit>
      <OCRProcessing ID="IdOcr">
         <ocrProcessingStep>
            <processingDateTime>2021-04-28T07:31:09.957-04:00</processingDateTime>
            <processingSoftware>
               <softwareCreator>READ COOP</softwareCreator>
               <softwareName>Transkribus</softwareName>
            </processingSoftware>
         </ocrProcessingStep>
      </OCRProcessing>
   </Description>
   <Tags/>
   <Layout>
      <Page ID="Page1" PHYSICAL_IMG_NR="1" HEIGHT="3508" WIDTH="2592">
         <TopMargin HEIGHT="0" WIDTH="2592" VPOS="0" HPOS="0"/>
         <LeftMargin HEIGHT="3508" WIDTH="0" VPOS="0" HPOS="0"/>
         <RightMargin HEIGHT="3508" WIDTH="0" VPOS="0" HPOS="2592"/>
         <BottomMargin HEIGHT="0" WIDTH="2592" VPOS="3508" HPOS="0"/>
         <PrintSpace HEIGHT="3508" WIDTH="2592" VPOS="0" HPOS="0">
            <TextBlock ID="TextRegion_1607536443402_2131"
                       HEIGHT="2587"
                       WIDTH="1722"
                       VPOS="149"
                       HPOS="533">
               <Shape>
                  <Polygon POINTS="533,149 2255,149 2255,2736 533,2736"/>
               </Shape>
               <TextLine ID="r1l8"
                         BASELINE="548,195 621,195 694,195 768,195 841,195 914,195 988,195 1061,195 1134,195 1208,195 1281,195 1354,197 1428,197 1501,198 1574,198 1648,200 1721,200 1794,201 1868,203 1941,205 2015,207"
                         HEIGHT="119"
                         WIDTH="1485"
                         VPOS="125"
                         HPOS="539">
                  <String HEIGHT="119"
                          WIDTH="302"
                          VPOS="125"
                          HPOS="514"
                          CONTENT="excusari"/>
                  <SP HEIGHT="119" WIDTH="25" VPOS="125" HPOS="816"/>
                  <String HEIGHT="119"
                          WIDTH="277"
                          VPOS="125"
                          HPOS="740"
                          CONTENT="propter"/>
                  <SP HEIGHT="119" WIDTH="25" VPOS="125" HPOS="1017"/>
                  <String HEIGHT="119"
                          WIDTH="201"
                          VPOS="125"
                          HPOS="942"
                          CONTENT="suam"/>
                  <SP HEIGHT="119" WIDTH="25" VPOS="125" HPOS="1143"/>
                  <String HEIGHT="119"
                          WIDTH="453"
                          VPOS="125"
                          HPOS="1068"
                          CONTENT="simplicitatem,"/>
                  <SP HEIGHT="119" WIDTH="25" VPOS="125" HPOS="1521"/>
                  <String HEIGHT="119"
                          WIDTH="151"
                          VPOS="125"
                          HPOS="1445"
                          CONTENT="eo"/>
                  <SP HEIGHT="119" WIDTH="25" VPOS="125" HPOS="1596"/>
                  <String HEIGHT="119"
                          WIDTH="201"
                          VPOS="125"
                          HPOS="1521"
                          CONTENT="quod"/>
                  <SP HEIGHT="119" WIDTH="25" VPOS="125" HPOS="1722"/>
                  <String HEIGHT="119"
                          WIDTH="201"
                          VPOS="125"
                          HPOS="1646"
                          CONTENT="oues"/>
                  <SP HEIGHT="119" WIDTH="25" VPOS="125" HPOS="1848"/>
                  <String HEIGHT="119"
                          WIDTH="277"
                          VPOS="125"
                          HPOS="1747"
                          CONTENT="appellan¬"
                          SUBS_TYPE="HypPart1"
                          SUBS_CONTENT="appellantur"/>
                  <HYP CONTENT="-"/>
               </TextLine>
               <TextLine ID="r1l9"
                         BASELINE="555,263 628,263 701,263 775,263 848,263 921,263 995,263 1068,263 1141,263 1215,263 1288,263 1361,263 1435,263 1508,263 1581,264 1655,266 1728,266 1801,269 1875,270 1948,273 2022,275"
                         HEIGHT="69"
                         WIDTH="1486"
                         VPOS="216"
                         HPOS="545">
                  <String HEIGHT="69"
                          WIDTH="171"
                          VPOS="216"
                          HPOS="521"
                          CONTENT="tur"
                          SUBS_TYPE="HypPart2"
                          SUBS_CONTENT="appellantur"/>
                  <SP HEIGHT="69" WIDTH="24" VPOS="216" HPOS="691"/>
                  <String HEIGHT="69"
                          WIDTH="219"
                          VPOS="216"
                          HPOS="618"
                          CONTENT="Ioan."/>
                  <SP HEIGHT="69" WIDTH="24" VPOS="216" HPOS="837"/>
                  <String HEIGHT="69" WIDTH="171" VPOS="216" HPOS="764" CONTENT="I6."/>
                  <SP HEIGHT="69" WIDTH="24" VPOS="216" HPOS="935"/>
                  <String HEIGHT="69" WIDTH="171" VPOS="216" HPOS="862" CONTENT="vbi"/>
                  <SP HEIGHT="69" WIDTH="24" VPOS="216" HPOS="1032"/>
                  <String HEIGHT="69"
                          WIDTH="268"
                          VPOS="216"
                          HPOS="959"
                          CONTENT="dicitur"/>
                  <SP HEIGHT="69" WIDTH="24" VPOS="216" HPOS="1227"/>
                  <String HEIGHT="69"
                          WIDTH="244"
                          VPOS="216"
                          HPOS="1154"
                          CONTENT="Bonus."/>
                  <SP HEIGHT="69" WIDTH="24" VPOS="216" HPOS="1398"/>
                  <String HEIGHT="69"
                          WIDTH="244"
                          VPOS="216"
                          HPOS="1325"
                          CONTENT="Pastor"/>
                  <SP HEIGHT="69" WIDTH="24" VPOS="216" HPOS="1568"/>
                  <String HEIGHT="69"
                          WIDTH="219"
                          VPOS="216"
                          HPOS="1495"
                          CONTENT="ponit"/>
                  <SP HEIGHT="69" WIDTH="24" VPOS="216" HPOS="1714"/>
                  <String HEIGHT="69"
                          WIDTH="244"
                          VPOS="216"
                          HPOS="1641"
                          CONTENT="animam"/>
                  <SP HEIGHT="69" WIDTH="24" VPOS="216" HPOS="1885"/>
                  <String HEIGHT="69"
                          WIDTH="195"
                          VPOS="216"
                          HPOS="1812"
                          CONTENT="suam"/>
                  <SP HEIGHT="69" WIDTH="24" VPOS="216" HPOS="2007"/>
                  <String HEIGHT="69"
                          WIDTH="122"
                          VPOS="216"
                          HPOS="1909"
                          CONTENT="pro"/>
               </TextLine>
               <TextLine ID="r1l10"
                         BASELINE="558,326 630,327 703,327 776,329 849,329 922,329 995,329 1067,328 1140,327 1213,327 1286,327 1359,327 1432,327 1505,329 1577,329 1650,330 1723,332 1796,333 1869,335 1942,339 2015,342"
                         HEIGHT="83"
                         WIDTH="1477"
                         VPOS="280"
                         HPOS="548">
                  <String HEIGHT="83"
                          WIDTH="246"
                          VPOS="280"
                          HPOS="523"
                          CONTENT="ouibus"/>
                  <SP HEIGHT="83" WIDTH="25" VPOS="280" HPOS="770"/>
                  <String HEIGHT="83"
                          WIDTH="222"
                          VPOS="280"
                          HPOS="696"
                          CONTENT="suis;"/>
                  <SP HEIGHT="83" WIDTH="25" VPOS="280" HPOS="917"/>
                  <String HEIGHT="83"
                          WIDTH="369"
                          VPOS="280"
                          HPOS="843"
                          CONTENT="nihilominus"/>
                  <SP HEIGHT="83" WIDTH="25" VPOS="280" HPOS="1213"/>
                  <String HEIGHT="83"
                          WIDTH="222"
                          VPOS="280"
                          HPOS="1139"
                          CONTENT="tamen"/>
                  <SP HEIGHT="83" WIDTH="25" VPOS="280" HPOS="1360"/>
                  <String HEIGHT="83"
                          WIDTH="222"
                          VPOS="280"
                          HPOS="1287"
                          CONTENT="illos"/>
                  <SP HEIGHT="83" WIDTH="25" VPOS="280" HPOS="1508"/>
                  <String HEIGHT="83"
                          WIDTH="345"
                          VPOS="280"
                          HPOS="1434"
                          CONTENT="Seductores"/>
                  <SP HEIGHT="83" WIDTH="25" VPOS="280" HPOS="1779"/>
                  <String HEIGHT="83"
                          WIDTH="320"
                          VPOS="280"
                          HPOS="1705"
                          CONTENT="audiendo;"/>
                  <SP HEIGHT="83" WIDTH="25" VPOS="280" HPOS="2025"/>
                  <String HEIGHT="83" WIDTH="98" VPOS="280" HPOS="1927" CONTENT="si"/>
               </TextLine>
               <TextLine ID="r1l11"
                         BASELINE="552,392 624,393 697,393 770,394 843,395 916,395 989,395 1062,393 1135,393 1208,393 1281,393 1353,393 1426,393 1499,393 1572,395 1645,395 1718,397 1791,399 1864,401 1937,404 2010,407"
                         HEIGHT="77"
                         WIDTH="1477"
                         VPOS="344"
                         HPOS="542">
                  <String HEIGHT="77"
                          WIDTH="255"
                          VPOS="344"
                          HPOS="517"
                          CONTENT="faltem"/>
                  <SP HEIGHT="77" WIDTH="25" VPOS="344" HPOS="771"/>
                  <String HEIGHT="77" WIDTH="153" VPOS="344" HPOS="695" CONTENT="ad"/>
                  <SP HEIGHT="77" WIDTH="25" VPOS="344" HPOS="848"/>
                  <String HEIGHT="77"
                          WIDTH="280"
                          VPOS="344"
                          HPOS="771"
                          CONTENT="auditum"/>
                  <SP HEIGHT="77" WIDTH="25" VPOS="344" HPOS="1051"/>
                  <String HEIGHT="77"
                          WIDTH="229"
                          VPOS="344"
                          HPOS="975"
                          CONTENT="huius"/>
                  <SP HEIGHT="77" WIDTH="25" VPOS="344" HPOS="1204"/>
                  <String HEIGHT="77"
                          WIDTH="331"
                          VPOS="344"
                          HPOS="1128"
                          CONTENT="veritatis"/>
                  <SP HEIGHT="77" WIDTH="25" VPOS="344" HPOS="1459"/>
                  <String HEIGHT="77"
                          WIDTH="178"
                          VPOS="344"
                          HPOS="1382"
                          CONTENT="non"/>
                  <SP HEIGHT="77" WIDTH="25" VPOS="344" HPOS="1561"/>
                  <String HEIGHT="77"
                          WIDTH="407"
                          VPOS="344"
                          HPOS="1484"
                          CONTENT="resipuerint;"/>
                  <SP HEIGHT="77" WIDTH="25" VPOS="344" HPOS="1892"/>
                  <String HEIGHT="77"
                          WIDTH="178"
                          VPOS="344"
                          HPOS="1815"
                          CONTENT="vel"/>
                  <SP HEIGHT="77" WIDTH="25" VPOS="344" HPOS="1994"/>
                  <String HEIGHT="77"
                          WIDTH="127"
                          VPOS="344"
                          HPOS="1892"
                          CONTENT="eam"/>
               </TextLine>
               <TextLine ID="r1l12"
                         BASELINE="552,458 624,459 696,459 769,461 841,461 914,461 986,461 1058,461 1131,461 1203,461 1276,461 1348,462 1420,462 1493,462 1565,462 1638,462 1710,464 1782,465 1855,465 1927,468 2000,470"
                         HEIGHT="73"
                         WIDTH="1468"
                         VPOS="427"
                         HPOS="542">
                  <String HEIGHT="73"
                          WIDTH="258"
                          VPOS="427"
                          HPOS="516"
                          CONTENT="audire"/>
                  <SP HEIGHT="73" WIDTH="26" VPOS="427" HPOS="774"/>
                  <String HEIGHT="73"
                          WIDTH="361"
                          VPOS="427"
                          HPOS="697"
                          CONTENT="noluerint,"/>
                  <SP HEIGHT="73" WIDTH="26" VPOS="427" HPOS="1057"/>
                  <String HEIGHT="73"
                          WIDTH="309"
                          VPOS="427"
                          HPOS="980"
                          CONTENT="peribunt"/>
                  <SP HEIGHT="73" WIDTH="26" VPOS="427" HPOS="1289"/>
                  <String HEIGHT="73"
                          WIDTH="180"
                          VPOS="427"
                          HPOS="1212"
                          CONTENT="cum"/>
                  <SP HEIGHT="73" WIDTH="26" VPOS="427" HPOS="1392"/>
                  <String HEIGHT="73"
                          WIDTH="258"
                          VPOS="427"
                          HPOS="1315"
                          CONTENT="illis;"/>
                  <SP HEIGHT="73" WIDTH="26" VPOS="427" HPOS="1572"/>
                  <String HEIGHT="73"
                          WIDTH="180"
                          VPOS="427"
                          HPOS="1495"
                          CONTENT="cum"/>
                  <SP HEIGHT="73" WIDTH="26" VPOS="427" HPOS="1675"/>
                  <String HEIGHT="73"
                          WIDTH="206"
                          VPOS="427"
                          HPOS="1598"
                          CONTENT="illi"/>
                  <SP HEIGHT="73" WIDTH="26" VPOS="427" HPOS="1804"/>
                  <String HEIGHT="73"
                          WIDTH="309"
                          VPOS="427"
                          HPOS="1701"
                          CONTENT="Seductores"/>
               </TextLine>
               <TextLine ID="r1l13"
                         BASELINE="552,521 625,522 698,524 771,525 844,527 917,527 990,527 1064,527 1137,527 1210,527 1283,528 1356,528 1429,528 1502,528 1576,528 1649,530 1722,531 1795,532 1868,533 1941,536 2015,539"
                         HEIGHT="64"
                         WIDTH="1483"
                         VPOS="481"
                         HPOS="542">
                  <String HEIGHT="64"
                          WIDTH="205"
                          VPOS="481"
                          HPOS="519"
                          CONTENT="sures"/>
                  <SP HEIGHT="64" WIDTH="23" VPOS="481" HPOS="725"/>
                  <String HEIGHT="64"
                          WIDTH="205"
                          VPOS="481"
                          HPOS="656"
                          CONTENT="sint,"/>
                  <SP HEIGHT="64" WIDTH="23" VPOS="481" HPOS="861"/>
                  <String HEIGHT="64" WIDTH="137" VPOS="481" HPOS="793" CONTENT="vt"/>
                  <SP HEIGHT="64" WIDTH="23" VPOS="481" HPOS="930"/>
                  <String HEIGHT="64"
                          WIDTH="274"
                          VPOS="481"
                          HPOS="861"
                          CONTENT="ostensum"/>
                  <SP HEIGHT="64" WIDTH="23" VPOS="481" HPOS="1135"/>
                  <String HEIGHT="64"
                          WIDTH="160"
                          VPOS="481"
                          HPOS="1067"
                          CONTENT="est"/>
                  <SP HEIGHT="64" WIDTH="23" VPOS="481" HPOS="1226"/>
                  <String HEIGHT="64"
                          WIDTH="205"
                          VPOS="481"
                          HPOS="1158"
                          CONTENT="supra"/>
                  <SP HEIGHT="64" WIDTH="23" VPOS="481" HPOS="1363"/>
                  <String HEIGHT="64"
                          WIDTH="183"
                          VPOS="481"
                          HPOS="1295"
                          CONTENT="ead."/>
                  <SP HEIGHT="64" WIDTH="23" VPOS="481" HPOS="1477"/>
                  <String HEIGHT="64"
                          WIDTH="205"
                          VPOS="481"
                          HPOS="1409"
                          CONTENT="dist."/>
                  <SP HEIGHT="64" WIDTH="23" VPOS="481" HPOS="1614"/>
                  <String HEIGHT="64" WIDTH="137" VPOS="481" HPOS="1546" CONTENT="5."/>
                  <SP HEIGHT="64" WIDTH="23" VPOS="481" HPOS="1683"/>
                  <String HEIGHT="64"
                          WIDTH="251"
                          VPOS="481"
                          HPOS="1614"
                          CONTENT="Praeter"/>
                  <SP HEIGHT="64" WIDTH="23" VPOS="481" HPOS="1865"/>
                  <String HEIGHT="64"
                          WIDTH="251"
                          VPOS="481"
                          HPOS="1774"
                          CONTENT="veritatem"/>
               </TextLine>
               <TextLine ID="r1l14"
                         BASELINE="549,590 622,591 695,591 768,593 841,594 914,594 987,594 1060,594 1133,596 1206,596 1279,596 1352,596 1425,596 1498,596 1571,597 1644,597 1717,597 1790,599 1863,599 1936,600 2009,602"
                         HEIGHT="54"
                         WIDTH="1479"
                         VPOS="552"
                         HPOS="539">
                  <String HEIGHT="54"
                          WIDTH="247"
                          VPOS="552"
                          HPOS="514"
                          CONTENT="autem;"/>
                  <SP HEIGHT="54" WIDTH="25" VPOS="552" HPOS="761"/>
                  <String HEIGHT="54"
                          WIDTH="222"
                          VPOS="552"
                          HPOS="687"
                          CONTENT="verae"/>
                  <SP HEIGHT="54" WIDTH="25" VPOS="552" HPOS="909"/>
                  <String HEIGHT="54"
                          WIDTH="222"
                          VPOS="552"
                          HPOS="835"
                          CONTENT="autem"/>
                  <SP HEIGHT="54" WIDTH="25" VPOS="552" HPOS="1057"/>
                  <String HEIGHT="54"
                          WIDTH="197"
                          VPOS="552"
                          HPOS="983"
                          CONTENT="oues"/>
                  <SP HEIGHT="54" WIDTH="25" VPOS="552" HPOS="1180"/>
                  <String HEIGHT="54"
                          WIDTH="222"
                          VPOS="552"
                          HPOS="1106"
                          CONTENT="fures"/>
                  <SP HEIGHT="54" WIDTH="25" VPOS="552" HPOS="1328"/>
                  <String HEIGHT="54"
                          WIDTH="173"
                          VPOS="552"
                          HPOS="1254"
                          CONTENT="non"/>
                  <SP HEIGHT="54" WIDTH="25" VPOS="552" HPOS="1426"/>
                  <String HEIGHT="54"
                          WIDTH="296"
                          VPOS="552"
                          HPOS="1352"
                          CONTENT="audiunt,"/>
                  <SP HEIGHT="54" WIDTH="25" VPOS="552" HPOS="1648"/>
                  <String HEIGHT="54"
                          WIDTH="222"
                          VPOS="552"
                          HPOS="1574"
                          CONTENT="Ioan."/>
                  <SP HEIGHT="54" WIDTH="25" VPOS="552" HPOS="1796"/>
                  <String HEIGHT="54"
                          WIDTH="173"
                          VPOS="552"
                          HPOS="1722"
                          CONTENT="10."/>
                  <SP HEIGHT="54" WIDTH="25" VPOS="552" HPOS="1895"/>
                  <String HEIGHT="54"
                          WIDTH="173"
                          VPOS="552"
                          HPOS="1821"
                          CONTENT="Non"/>
                  <SP HEIGHT="54" WIDTH="25" VPOS="552" HPOS="1993"/>
                  <String HEIGHT="54"
                          WIDTH="123"
                          VPOS="552"
                          HPOS="1895"
                          CONTENT="au¬"
                          SUBS_TYPE="HypPart1"
                          SUBS_CONTENT="audierunt"/>
                  <HYP CONTENT="-"/>
               </TextLine>
               <TextLine ID="r1l15"
                         BASELINE="543,656 615,656 688,657 761,659 834,659 906,660 979,660 1052,660 1125,662 1197,662 1270,662 1343,662 1416,662 1488,662 1561,663 1634,663 1707,663 1779,665 1852,665 1925,666 1998,668"
                         HEIGHT="77"
                         WIDTH="1475"
                         VPOS="616"
                         HPOS="533">
                  <String HEIGHT="77"
                          WIDTH="254"
                          VPOS="616"
                          HPOS="510"
                          CONTENT="dierunt"
                          SUBS_TYPE="HypPart2"
                          SUBS_CONTENT="audierunt"/>
                  <SP HEIGHT="77" WIDTH="23" VPOS="616" HPOS="763"/>
                  <String HEIGHT="77" WIDTH="161" VPOS="616" HPOS="694" CONTENT="eos"/>
                  <SP HEIGHT="77" WIDTH="23" VPOS="616" HPOS="856"/>
                  <String HEIGHT="77"
                          WIDTH="207"
                          VPOS="616"
                          HPOS="787"
                          CONTENT="oues."/>
                  <SP HEIGHT="77" WIDTH="23" VPOS="616" HPOS="994"/>
                  <String HEIGHT="77"
                          WIDTH="254"
                          VPOS="616"
                          HPOS="925"
                          CONTENT="Fideles"/>
                  <SP HEIGHT="77" WIDTH="23" VPOS="616" HPOS="1178"/>
                  <String HEIGHT="77"
                          WIDTH="184"
                          VPOS="616"
                          HPOS="1109"
                          CONTENT="ergo"/>
                  <SP HEIGHT="77" WIDTH="23" VPOS="616" HPOS="1294"/>
                  <String HEIGHT="77"
                          WIDTH="300"
                          VPOS="616"
                          HPOS="1224"
                          CONTENT="audientes"/>
                  <SP HEIGHT="77" WIDTH="23" VPOS="616" HPOS="1524"/>
                  <String HEIGHT="77"
                          WIDTH="323"
                          VPOS="616"
                          HPOS="1455"
                          CONTENT="Seductores"/>
                  <SP HEIGHT="77" WIDTH="23" VPOS="616" HPOS="1778"/>
                  <String HEIGHT="77"
                          WIDTH="346"
                          VPOS="616"
                          HPOS="1708"
                          CONTENT="praedictos,"/>
                  <SP HEIGHT="77" WIDTH="23" VPOS="616" HPOS="2054"/>
                  <String HEIGHT="77" WIDTH="46" VPOS="616" HPOS="1962" CONTENT=""/>
               </TextLine>
               <TextLine ID="r1l17"
                         BASELINE="558,720 630,723 703,724 776,725 849,726 922,728 995,728 1067,728 1140,728 1213,728 1286,728 1359,728 1432,728 1505,729 1577,729 1650,729 1723,731 1796,732 1869,734 1942,735 2015,738"
                         HEIGHT="74"
                         WIDTH="1478"
                         VPOS="686"
                         HPOS="548">
                  <String HEIGHT="74" WIDTH="182" VPOS="686" HPOS="522" CONTENT="qui"/>
                  <SP HEIGHT="74" WIDTH="26" VPOS="686" HPOS="704"/>
                  <String HEIGHT="74"
                          WIDTH="233"
                          VPOS="686"
                          HPOS="626"
                          CONTENT="fures"/>
                  <SP HEIGHT="74" WIDTH="26" VPOS="686" HPOS="859"/>
                  <String HEIGHT="74"
                          WIDTH="207"
                          VPOS="686"
                          HPOS="781"
                          CONTENT="sunt"/>
                  <SP HEIGHT="74" WIDTH="26" VPOS="686" HPOS="989"/>
                  <String HEIGHT="74" WIDTH="130" VPOS="686" HPOS="911" CONTENT="&amp;"/>
                  <SP HEIGHT="74" WIDTH="26" VPOS="686" HPOS="1041"/>
                  <String HEIGHT="74"
                          WIDTH="337"
                          VPOS="686"
                          HPOS="963"
                          CONTENT="latrones,"/>
                  <SP HEIGHT="74" WIDTH="26" VPOS="686" HPOS="1300"/>
                  <String HEIGHT="74"
                          WIDTH="233"
                          VPOS="686"
                          HPOS="1222"
                          CONTENT="ouium"/>
                  <SP HEIGHT="74" WIDTH="26" VPOS="686" HPOS="1456"/>
                  <String HEIGHT="74"
                          WIDTH="337"
                          VPOS="686"
                          HPOS="1378"
                          CONTENT="vocabulum"/>
                  <SP HEIGHT="74" WIDTH="26" VPOS="686" HPOS="1715"/>
                  <String HEIGHT="74"
                          WIDTH="311"
                          VPOS="686"
                          HPOS="1637"
                          CONTENT="perdunt;"/>
                  <SP HEIGHT="74" WIDTH="26" VPOS="686" HPOS="1948"/>
                  <String HEIGHT="74" WIDTH="130" VPOS="686" HPOS="1870" CONTENT="&amp;"/>
                  <SP HEIGHT="74" WIDTH="26" VPOS="686" HPOS="2000"/>
                  <String HEIGHT="74"
                          WIDTH="130"
                          VPOS="686"
                          HPOS="1896"
                          CONTENT="non"/>
               </TextLine>
               <TextLine ID="r1l18"
                         BASELINE="546,788 619,789 692,791 765,792 839,794 912,794 985,795 1059,795 1132,795 1205,796 1279,797 1352,797 1425,797 1498,797 1572,797 1645,798 1718,798 1792,800 1865,801 1938,803 2012,804"
                         HEIGHT="76"
                         WIDTH="1487"
                         VPOS="762"
                         HPOS="536">
                  <String HEIGHT="76"
                          WIDTH="231"
                          VPOS="762"
                          HPOS="510"
                          CONTENT="quasi"/>
                  <SP HEIGHT="76" WIDTH="26" VPOS="762" HPOS="741"/>
                  <String HEIGHT="76"
                          WIDTH="231"
                          VPOS="762"
                          HPOS="664"
                          CONTENT="oues,"/>
                  <SP HEIGHT="76" WIDTH="26" VPOS="762" HPOS="895"/>
                  <String HEIGHT="76" WIDTH="179" VPOS="762" HPOS="818" CONTENT="sed"/>
                  <SP HEIGHT="76" WIDTH="26" VPOS="762" HPOS="997"/>
                  <String HEIGHT="76"
                          WIDTH="231"
                          VPOS="762"
                          HPOS="921"
                          CONTENT="quasi"/>
                  <SP HEIGHT="76" WIDTH="26" VPOS="762" HPOS="1151"/>
                  <String HEIGHT="76"
                          WIDTH="308"
                          VPOS="762"
                          HPOS="1074"
                          CONTENT="peruersi"/>
                  <SP HEIGHT="76" WIDTH="26" VPOS="762" HPOS="1382"/>
                  <String HEIGHT="76" WIDTH="128" VPOS="762" HPOS="1305" CONTENT="&amp;"/>
                  <SP HEIGHT="76" WIDTH="26" VPOS="762" HPOS="1433"/>
                  <String HEIGHT="76"
                          WIDTH="385"
                          VPOS="762"
                          HPOS="1356"
                          CONTENT="simulatores"/>
                  <SP HEIGHT="76" WIDTH="26" VPOS="762" HPOS="1741"/>
                  <String HEIGHT="76"
                          WIDTH="308"
                          VPOS="762"
                          HPOS="1664"
                          CONTENT="pereunt."/>
                  <SP HEIGHT="76" WIDTH="26" VPOS="762" HPOS="1972"/>
                  <String HEIGHT="76"
                          WIDTH="154"
                          VPOS="762"
                          HPOS="1869"
                          CONTENT="Vnde"/>
               </TextLine>
               <TextLine ID="r1l19"
                         BASELINE="546,854 618,855 691,858 764,860 837,860 910,861 983,861 1055,863 1128,863 1201,863 1274,863 1347,863 1420,863 1493,863 1565,864 1638,864 1711,864 1784,866 1857,867 1930,868 2003,870"
                         HEIGHT="82"
                         WIDTH="1477"
                         VPOS="809"
                         HPOS="536">
                  <String HEIGHT="82"
                          WIDTH="201"
                          VPOS="809"
                          HPOS="514"
                          CONTENT="super"/>
                  <SP HEIGHT="82" WIDTH="22" VPOS="809" HPOS="715"/>
                  <String HEIGHT="82"
                          WIDTH="201"
                          VPOS="809"
                          HPOS="648"
                          CONTENT="illud"/>
                  <SP HEIGHT="82" WIDTH="22" VPOS="809" HPOS="849"/>
                  <String HEIGHT="82"
                          WIDTH="224"
                          VPOS="809"
                          HPOS="782"
                          CONTENT="Exech."/>
                  <SP HEIGHT="82" WIDTH="22" VPOS="809" HPOS="1006"/>
                  <String HEIGHT="82" WIDTH="134" VPOS="809" HPOS="939" CONTENT="2."/>
                  <SP HEIGHT="82" WIDTH="22" VPOS="809" HPOS="1073"/>
                  <String HEIGHT="82"
                          WIDTH="179"
                          VPOS="809"
                          HPOS="1006"
                          CONTENT="Tili"/>
                  <SP HEIGHT="82" WIDTH="22" VPOS="809" HPOS="1185"/>
                  <String HEIGHT="82"
                          WIDTH="246"
                          VPOS="809"
                          HPOS="1118"
                          CONTENT="hominis"/>
                  <SP HEIGHT="82" WIDTH="22" VPOS="809" HPOS="1364"/>
                  <String HEIGHT="82"
                          WIDTH="157"
                          VPOS="809"
                          HPOS="1297"
                          CONTENT="cum"/>
                  <SP HEIGHT="82" WIDTH="22" VPOS="809" HPOS="1454"/>
                  <String HEIGHT="82"
                          WIDTH="358"
                          VPOS="809"
                          HPOS="1386"
                          CONTENT="Scorpionibus"/>
                  <SP HEIGHT="82" WIDTH="22" VPOS="809" HPOS="1744"/>
                  <String HEIGHT="82"
                          WIDTH="269"
                          VPOS="809"
                          HPOS="1677"
                          CONTENT="habitas,"/>
                  <SP HEIGHT="82" WIDTH="22" VPOS="809" HPOS="1946"/>
                  <String HEIGHT="82"
                          WIDTH="157"
                          VPOS="809"
                          HPOS="1856"
                          CONTENT="dicit"/>
               </TextLine>
               <TextLine ID="r1l20"
                         BASELINE="551,921 624,923 697,924 770,926 843,927 916,927 989,928 1062,929 1135,929 1208,929 1281,929 1354,930 1427,930 1500,930 1573,930 1646,930 1719,930 1792,931 1865,932 1938,932 2012,933"
                         HEIGHT="91"
                         WIDTH="1481"
                         VPOS="873"
                         HPOS="541">
                  <String HEIGHT="91"
                          WIDTH="208"
                          VPOS="873"
                          HPOS="518"
                          CONTENT="Glos."/>
                  <SP HEIGHT="91" WIDTH="23" VPOS="873" HPOS="726"/>
                  <String HEIGHT="91" WIDTH="139" VPOS="873" HPOS="657" CONTENT="In"/>
                  <SP HEIGHT="91" WIDTH="23" VPOS="873" HPOS="796"/>
                  <String HEIGHT="91"
                          WIDTH="301"
                          VPOS="873"
                          HPOS="726"
                          CONTENT="Evangelio"/>
                  <SP HEIGHT="91" WIDTH="23" VPOS="873" HPOS="1027"/>
                  <String HEIGHT="91"
                          WIDTH="278"
                          VPOS="873"
                          HPOS="958"
                          CONTENT="dicitur,"/>
                  <SP HEIGHT="91" WIDTH="23" VPOS="873" HPOS="1235"/>
                  <String HEIGHT="91"
                          WIDTH="162"
                          VPOS="873"
                          HPOS="1166"
                          CONTENT="non"/>
                  <SP HEIGHT="91" WIDTH="23" VPOS="873" HPOS="1328"/>
                  <String HEIGHT="91"
                          WIDTH="301"
                          VPOS="873"
                          HPOS="1258"
                          CONTENT="audierunt"/>
                  <SP HEIGHT="91" WIDTH="23" VPOS="873" HPOS="1559"/>
                  <String HEIGHT="91"
                          WIDTH="162"
                          VPOS="873"
                          HPOS="1490"
                          CONTENT="eos"/>
                  <SP HEIGHT="91" WIDTH="23" VPOS="873" HPOS="1652"/>
                  <String HEIGHT="91"
                          WIDTH="208"
                          VPOS="873"
                          HPOS="1582"
                          CONTENT="oues."/>
                  <SP HEIGHT="91" WIDTH="23" VPOS="873" HPOS="1791"/>
                  <String HEIGHT="91"
                          WIDTH="162"
                          VPOS="873"
                          HPOS="1721"
                          CONTENT="Qui"/>
                  <SP HEIGHT="91" WIDTH="23" VPOS="873" HPOS="1883"/>
                  <String HEIGHT="91"
                          WIDTH="185"
                          VPOS="873"
                          HPOS="1814"
                          CONTENT="ergo"/>
                  <SP HEIGHT="91" WIDTH="23" VPOS="873" HPOS="1999"/>
                  <String HEIGHT="91"
                          WIDTH="116"
                          VPOS="873"
                          HPOS="1906"
                          CONTENT="fu¬"
                          SUBS_TYPE="HypPart1"
                          SUBS_CONTENT="fures"/>
                  <HYP CONTENT="-"/>
               </TextLine>
               <TextLine ID="r1l21"
                         BASELINE="543,986 616,987 689,989 762,990 835,992 908,992 981,993 1055,993 1128,993 1201,993 1274,993 1347,993 1420,993 1493,995 1567,995 1640,995 1713,995 1786,995 1859,996 1932,996 2006,998"
                         HEIGHT="56"
                         WIDTH="1483"
                         VPOS="947"
                         HPOS="533">
                  <String HEIGHT="56"
                          WIDTH="153"
                          VPOS="947"
                          HPOS="511"
                          CONTENT="res"
                          SUBS_TYPE="HypPart2"
                          SUBS_CONTENT="fures"/>
                  <SP HEIGHT="56" WIDTH="22" VPOS="947" HPOS="664"/>
                  <String HEIGHT="56" WIDTH="109" VPOS="947" HPOS="598" CONTENT="&amp;"/>
                  <SP HEIGHT="56" WIDTH="22" VPOS="947" HPOS="707"/>
                  <String HEIGHT="56"
                          WIDTH="262"
                          VPOS="947"
                          HPOS="642"
                          CONTENT="latrones"/>
                  <SP HEIGHT="56" WIDTH="22" VPOS="947" HPOS="904"/>
                  <String HEIGHT="56"
                          WIDTH="305"
                          VPOS="947"
                          HPOS="838"
                          CONTENT="audierunt,"/>
                  <SP HEIGHT="56" WIDTH="22" VPOS="947" HPOS="1144"/>
                  <String HEIGHT="56"
                          WIDTH="153"
                          VPOS="947"
                          HPOS="1078"
                          CONTENT="non"/>
                  <SP HEIGHT="56" WIDTH="22" VPOS="947" HPOS="1231"/>
                  <String HEIGHT="56"
                          WIDTH="196"
                          VPOS="947"
                          HPOS="1165"
                          CONTENT="quasi"/>
                  <SP HEIGHT="56" WIDTH="22" VPOS="947" HPOS="1362"/>
                  <String HEIGHT="56"
                          WIDTH="174"
                          VPOS="947"
                          HPOS="1296"
                          CONTENT="Ques"/>
                  <SP HEIGHT="56" WIDTH="22" VPOS="947" HPOS="1471"/>
                  <String HEIGHT="56"
                          WIDTH="305"
                          VPOS="947"
                          HPOS="1405"
                          CONTENT="perierunt,"/>
                  <SP HEIGHT="56" WIDTH="22" VPOS="947" HPOS="1711"/>
                  <String HEIGHT="56"
                          WIDTH="153"
                          VPOS="947"
                          HPOS="1645"
                          CONTENT="sed"/>
                  <SP HEIGHT="56" WIDTH="22" VPOS="947" HPOS="1798"/>
                  <String HEIGHT="56"
                          WIDTH="218"
                          VPOS="947"
                          HPOS="1732"
                          CONTENT="quasi."/>
                  <SP HEIGHT="56" WIDTH="22" VPOS="947" HPOS="1951"/>
                  <String HEIGHT="56"
                          WIDTH="153"
                          VPOS="947"
                          HPOS="1863"
                          CONTENT="Vipe¬"
                          SUBS_TYPE="HypPart1"
                          SUBS_CONTENT="Viperae"/>
                  <HYP CONTENT="-"/>
               </TextLine>
               <TextLine ID="r1l23"
                         BASELINE="546,1049 619,1052 692,1053 766,1055 839,1056 913,1056 986,1057 1060,1058 1133,1058 1207,1058 1280,1058 1353,1058 1427,1058 1500,1059 1574,1059 1647,1059 1721,1061 1794,1062 1868,1062 1941,1065 2015,1067"
                         HEIGHT="79"
                         WIDTH="1489"
                         VPOS="1012"
                         HPOS="536">
                  <String HEIGHT="79"
                          WIDTH="180"
                          VPOS="1012"
                          HPOS="510"
                          CONTENT="rae"
                          SUBS_TYPE="HypPart2"
                          SUBS_CONTENT="Viperae"/>
                  <SP HEIGHT="79" WIDTH="26" VPOS="1012" HPOS="690"/>
                  <String HEIGHT="79"
                          WIDTH="282"
                          VPOS="1012"
                          HPOS="613"
                          CONTENT="Vulpes,"/>
                  <SP HEIGHT="79" WIDTH="26" VPOS="1012" HPOS="895"/>
                  <String HEIGHT="79" WIDTH="128" VPOS="1012" HPOS="818" CONTENT="&amp;"/>
                  <SP HEIGHT="79" WIDTH="26" VPOS="1012" HPOS="947"/>
                  <String HEIGHT="79"
                          WIDTH="385"
                          VPOS="1012"
                          HPOS="870"
                          CONTENT="Scorpiones."/>
                  <SP HEIGHT="79" WIDTH="26" VPOS="1012" HPOS="1255"/>
                  <String HEIGHT="79"
                          WIDTH="231"
                          VPOS="1012"
                          HPOS="1178"
                          CONTENT="Error"/>
                  <SP HEIGHT="79" WIDTH="26" VPOS="1012" HPOS="1409"/>
                  <String HEIGHT="79"
                          WIDTH="205"
                          VPOS="1012"
                          HPOS="1332"
                          CONTENT="enim"/>
                  <SP HEIGHT="79" WIDTH="26" VPOS="1012" HPOS="1537"/>
                  <String HEIGHT="79" WIDTH="128" VPOS="1012" HPOS="1460" CONTENT="&amp;"/>
                  <SP HEIGHT="79" WIDTH="26" VPOS="1012" HPOS="1589"/>
                  <String HEIGHT="79"
                          WIDTH="359"
                          VPOS="1012"
                          HPOS="1512"
                          CONTENT="ignorantia"/>
                  <SP HEIGHT="79" WIDTH="26" VPOS="1012" HPOS="1871"/>
                  <String HEIGHT="79"
                          WIDTH="257"
                          VPOS="1012"
                          HPOS="1794"
                          CONTENT="infide"/>
                  <SP HEIGHT="79" WIDTH="26" VPOS="1012" HPOS="2051"/>
                  <String HEIGHT="79" WIDTH="77" VPOS="1012" HPOS="1948" CONTENT="&amp;"/>
               </TextLine>
               <TextLine ID="r1l24"
                         BASELINE="537,1118 610,1119 683,1121 756,1122 829,1122 902,1124 975,1124 1049,1124 1122,1124 1195,1125 1268,1125 1341,1125 1414,1125 1487,1125 1561,1125 1634,1127 1707,1127 1780,1128 1853,1128 1926,1130 2000,1131"
                         HEIGHT="81"
                         WIDTH="1483"
                         VPOS="1077"
                         HPOS="528">
                  <String HEIGHT="81"
                          WIDTH="287"
                          VPOS="1077"
                          HPOS="504"
                          CONTENT="moribus,"/>
                  <SP HEIGHT="81" WIDTH="24" VPOS="1077" HPOS="791"/>
                  <String HEIGHT="81"
                          WIDTH="167"
                          VPOS="1077"
                          HPOS="719"
                          CONTENT="non"/>
                  <SP HEIGHT="81" WIDTH="24" VPOS="1077" HPOS="887"/>
                  <String HEIGHT="81"
                          WIDTH="263"
                          VPOS="1077"
                          HPOS="815"
                          CONTENT="exculat"/>
                  <SP HEIGHT="81" WIDTH="24" VPOS="1077" HPOS="1078"/>
                  <String HEIGHT="81"
                          WIDTH="239"
                          VPOS="1077"
                          HPOS="1006"
                          CONTENT="illos,"/>
                  <SP HEIGHT="81" WIDTH="24" VPOS="1077" HPOS="1246"/>
                  <String HEIGHT="81"
                          WIDTH="167"
                          VPOS="1077"
                          HPOS="1174"
                          CONTENT="qui"/>
                  <SP HEIGHT="81" WIDTH="24" VPOS="1077" HPOS="1341"/>
                  <String HEIGHT="81"
                          WIDTH="263"
                          VPOS="1077"
                          HPOS="1270"
                          CONTENT="possent"/>
                  <SP HEIGHT="81" WIDTH="24" VPOS="1077" HPOS="1533"/>
                  <String HEIGHT="81"
                          WIDTH="239"
                          VPOS="1077"
                          HPOS="1461"
                          CONTENT="scire,"/>
                  <SP HEIGHT="81" WIDTH="24" VPOS="1077" HPOS="1700"/>
                  <String HEIGHT="81"
                          WIDTH="144"
                          VPOS="1077"
                          HPOS="1628"
                          CONTENT="si"/>
                  <SP HEIGHT="81" WIDTH="24" VPOS="1077" HPOS="1772"/>
                  <String HEIGHT="81"
                          WIDTH="263"
                          VPOS="1077"
                          HPOS="1700"
                          CONTENT="vellent"/>
                  <SP HEIGHT="81" WIDTH="24" VPOS="1077" HPOS="1963"/>
                  <String HEIGHT="81"
                          WIDTH="144"
                          VPOS="1077"
                          HPOS="1867"
                          CONTENT="stu¬"
                          SUBS_TYPE="HypPart1"
                          SUBS_CONTENT="studium"/>
                  <HYP CONTENT="-"/>
               </TextLine>
               <TextLine ID="r1l25"
                         BASELINE="543,1185 617,1187 691,1188 766,1188 840,1190 915,1190 989,1190 1063,1190 1138,1191 1212,1191 1287,1191 1361,1191 1435,1191 1510,1191 1584,1193 1659,1193 1733,1194 1807,1196 1882,1197 1956,1200 2031,1202"
                         HEIGHT="92"
                         WIDTH="1508"
                         VPOS="1135"
                         HPOS="533">
                  <String HEIGHT="92"
                          WIDTH="212"
                          VPOS="1135"
                          HPOS="507"
                          CONTENT="dium"
                          SUBS_TYPE="HypPart2"
                          SUBS_CONTENT="studium"/>
                  <SP HEIGHT="92" WIDTH="26" VPOS="1135" HPOS="718"/>
                  <String HEIGHT="92"
                          WIDTH="344"
                          VPOS="1135"
                          HPOS="639"
                          CONTENT="adhibere."/>
                  <SP HEIGHT="92" WIDTH="26" VPOS="1135" HPOS="983"/>
                  <String HEIGHT="92"
                          WIDTH="212"
                          VPOS="1135"
                          HPOS="903"
                          CONTENT="Vnde"/>
                  <SP HEIGHT="92" WIDTH="26" VPOS="1135" HPOS="1115"/>
                  <String HEIGHT="92"
                          WIDTH="370"
                          VPOS="1135"
                          HPOS="1036"
                          CONTENT="Augustinus"/>
                  <SP HEIGHT="92" WIDTH="26" VPOS="1135" HPOS="1406"/>
                  <String HEIGHT="92"
                          WIDTH="159"
                          VPOS="1135"
                          HPOS="1327"
                          CONTENT="in"/>
                  <SP HEIGHT="92" WIDTH="26" VPOS="1135" HPOS="1485"/>
                  <String HEIGHT="92"
                          WIDTH="212"
                          VPOS="1135"
                          HPOS="1406"
                          CONTENT="lib."/>
                  <SP HEIGHT="92" WIDTH="26" VPOS="1135" HPOS="1618"/>
                  <String HEIGHT="92"
                          WIDTH="423"
                          VPOS="1135"
                          HPOS="1538"
                          CONTENT="Quaestionum,"/>
                  <SP HEIGHT="92" WIDTH="26" VPOS="1135" HPOS="1962"/>
                  <String HEIGHT="92"
                          WIDTH="212"
                          VPOS="1135"
                          HPOS="1882"
                          CONTENT="Non,"/>
                  <SP HEIGHT="92" WIDTH="26" VPOS="1135" HPOS="2094"/>
                  <String HEIGHT="92" WIDTH="53" VPOS="1135" HPOS="1988" CONTENT=""/>
               </TextLine>
               <TextLine ID="r1l26"
                         BASELINE="540,1251 613,1252 686,1253 759,1254 833,1254 906,1256 979,1256 1053,1256 1126,1256 1199,1257 1273,1257 1346,1257 1419,1257 1492,1259 1566,1259 1639,1259 1712,1260 1786,1260 1859,1262 1932,1263 2006,1265"
                         HEIGHT="60"
                         WIDTH="1486"
                         VPOS="1211"
                         HPOS="530">
                  <String HEIGHT="60"
                          WIDTH="206"
                          VPOS="1211"
                          HPOS="507"
                          CONTENT="omnis"/>
                  <SP HEIGHT="60" WIDTH="23" VPOS="1211" HPOS="713"/>
                  <String HEIGHT="60"
                          WIDTH="274"
                          VPOS="1211"
                          HPOS="644"
                          CONTENT="ignorans"/>
                  <SP HEIGHT="60" WIDTH="23" VPOS="1211" HPOS="919"/>
                  <String HEIGHT="60"
                          WIDTH="251"
                          VPOS="1211"
                          HPOS="850"
                          CONTENT="immunis"/>
                  <SP HEIGHT="60" WIDTH="23" VPOS="1211" HPOS="1102"/>
                  <String HEIGHT="60"
                          WIDTH="160"
                          VPOS="1211"
                          HPOS="1033"
                          CONTENT="est"/>
                  <SP HEIGHT="60" WIDTH="23" VPOS="1211" HPOS="1193"/>
                  <String HEIGHT="60" WIDTH="114" VPOS="1211" HPOS="1124" CONTENT="a"/>
                  <SP HEIGHT="60" WIDTH="23" VPOS="1211" HPOS="1239"/>
                  <String HEIGHT="60"
                          WIDTH="229"
                          VPOS="1211"
                          HPOS="1170"
                          CONTENT="poena."/>
                  <SP HEIGHT="60" WIDTH="23" VPOS="1211" HPOS="1399"/>
                  <String HEIGHT="60"
                          WIDTH="183"
                          VPOS="1211"
                          HPOS="1330"
                          CONTENT="Ille"/>
                  <SP HEIGHT="60" WIDTH="23" VPOS="1211" HPOS="1513"/>
                  <String HEIGHT="60"
                          WIDTH="183"
                          VPOS="1211"
                          HPOS="1444"
                          CONTENT="enim"/>
                  <SP HEIGHT="60" WIDTH="23" VPOS="1211" HPOS="1627"/>
                  <String HEIGHT="60"
                          WIDTH="274"
                          VPOS="1211"
                          HPOS="1559"
                          CONTENT="ignorans"/>
                  <SP HEIGHT="60" WIDTH="23" VPOS="1211" HPOS="1833"/>
                  <String HEIGHT="60"
                          WIDTH="229"
                          VPOS="1211"
                          HPOS="1765"
                          CONTENT="potest"/>
                  <SP HEIGHT="60" WIDTH="23" VPOS="1211" HPOS="1993"/>
                  <String HEIGHT="60"
                          WIDTH="114"
                          VPOS="1211"
                          HPOS="1902"
                          CONTENT="ex¬"
                          SUBS_TYPE="HypPart1"
                          SUBS_CONTENT="excusari"/>
                  <HYP CONTENT="-"/>
               </TextLine>
               <TextLine ID="r1l27"
                         BASELINE="552,1319 625,1319 698,1319 772,1320 845,1320 919,1320 992,1322 1066,1322 1139,1322 1213,1323 1286,1323 1359,1323 1433,1325 1506,1325 1580,1325 1653,1326 1727,1326 1800,1328 1874,1328 1947,1329 2021,1329"
                         HEIGHT="82"
                         WIDTH="1489"
                         VPOS="1281"
                         HPOS="542">
                  <String HEIGHT="82"
                          WIDTH="207"
                          VPOS="1281"
                          HPOS="521"
                          CONTENT="cusari"
                          SUBS_TYPE="HypPart2"
                          SUBS_CONTENT="excusari"/>
                  <SP HEIGHT="82" WIDTH="21" VPOS="1281" HPOS="728"/>
                  <String HEIGHT="82" WIDTH="103" VPOS="1281" HPOS="666" CONTENT="a"/>
                  <SP HEIGHT="82" WIDTH="21" VPOS="1281" HPOS="769"/>
                  <String HEIGHT="82"
                          WIDTH="207"
                          VPOS="1281"
                          HPOS="707"
                          CONTENT="poena,"/>
                  <SP HEIGHT="82" WIDTH="21" VPOS="1281" HPOS="914"/>
                  <String HEIGHT="82"
                          WIDTH="145"
                          VPOS="1281"
                          HPOS="852"
                          CONTENT="qui"/>
                  <SP HEIGHT="82" WIDTH="21" VPOS="1281" HPOS="997"/>
                  <String HEIGHT="82" WIDTH="103" VPOS="1281" HPOS="935" CONTENT="a"/>
                  <SP HEIGHT="82" WIDTH="21" VPOS="1281" HPOS="1038"/>
                  <String HEIGHT="82"
                          WIDTH="145"
                          VPOS="1281"
                          HPOS="976"
                          CONTENT="quo"/>
                  <SP HEIGHT="82" WIDTH="21" VPOS="1281" HPOS="1121"/>
                  <String HEIGHT="82"
                          WIDTH="269"
                          VPOS="1281"
                          HPOS="1059"
                          CONTENT="disceret,"/>
                  <SP HEIGHT="82" WIDTH="21" VPOS="1281" HPOS="1328"/>
                  <String HEIGHT="82"
                          WIDTH="145"
                          VPOS="1281"
                          HPOS="1266"
                          CONTENT="non"/>
                  <SP HEIGHT="82" WIDTH="21" VPOS="1281" HPOS="1411"/>
                  <String HEIGHT="82"
                          WIDTH="248"
                          VPOS="1281"
                          HPOS="1349"
                          CONTENT="inuenit;"/>
                  <SP HEIGHT="82" WIDTH="21" VPOS="1281" HPOS="1597"/>
                  <String HEIGHT="82"
                          WIDTH="186"
                          VPOS="1281"
                          HPOS="1535"
                          CONTENT="illis"/>
                  <SP HEIGHT="82" WIDTH="21" VPOS="1281" HPOS="1721"/>
                  <String HEIGHT="82"
                          WIDTH="186"
                          VPOS="1281"
                          HPOS="1659"
                          CONTENT="autem"/>
                  <SP HEIGHT="82" WIDTH="21" VPOS="1281" HPOS="1845"/>
                  <String HEIGHT="82"
                          WIDTH="145"
                          VPOS="1281"
                          HPOS="1783"
                          CONTENT="hoc"/>
                  <SP HEIGHT="82" WIDTH="21" VPOS="1281" HPOS="1928"/>
                  <String HEIGHT="82"
                          WIDTH="186"
                          VPOS="1281"
                          HPOS="1845"
                          CONTENT="ignosci"/>
               </TextLine>
               <TextLine ID="r1l28"
                         BASELINE="540,1382 613,1383 687,1385 761,1386 835,1386 908,1388 982,1388 1056,1388 1130,1388 1203,1389 1277,1389 1351,1389 1425,1389 1498,1389 1572,1389 1646,1391 1720,1391 1793,1392 1867,1392 1941,1394 2015,1395"
                         HEIGHT="73"
                         WIDTH="1494"
                         VPOS="1338"
                         HPOS="530">
                  <String HEIGHT="73"
                          WIDTH="161"
                          VPOS="1338"
                          HPOS="507"
                          CONTENT="non"/>
                  <SP HEIGHT="73" WIDTH="23" VPOS="1338" HPOS="668"/>
                  <String HEIGHT="73"
                          WIDTH="276"
                          VPOS="1338"
                          HPOS="599"
                          CONTENT="poterit,"/>
                  <SP HEIGHT="73" WIDTH="23" VPOS="1338" HPOS="875"/>
                  <String HEIGHT="73"
                          WIDTH="161"
                          VPOS="1338"
                          HPOS="806"
                          CONTENT="qui"/>
                  <SP HEIGHT="73" WIDTH="23" VPOS="1338" HPOS="967"/>
                  <String HEIGHT="73"
                          WIDTH="276"
                          VPOS="1338"
                          HPOS="898"
                          CONTENT="habentes"/>
                  <SP HEIGHT="73" WIDTH="23" VPOS="1338" HPOS="1174"/>
                  <String HEIGHT="73" WIDTH="115" VPOS="1338" HPOS="1105" CONTENT="a"/>
                  <SP HEIGHT="73" WIDTH="23" VPOS="1338" HPOS="1220"/>
                  <String HEIGHT="73"
                          WIDTH="161"
                          VPOS="1338"
                          HPOS="1151"
                          CONTENT="quo"/>
                  <SP HEIGHT="73" WIDTH="23" VPOS="1338" HPOS="1311"/>
                  <String HEIGHT="73"
                          WIDTH="322"
                          VPOS="1338"
                          HPOS="1243"
                          CONTENT="discerent,"/>
                  <SP HEIGHT="73" WIDTH="23" VPOS="1338" HPOS="1564"/>
                  <String HEIGHT="73"
                          WIDTH="230"
                          VPOS="1338"
                          HPOS="1495"
                          CONTENT="operam"/>
                  <SP HEIGHT="73" WIDTH="23" VPOS="1338" HPOS="1725"/>
                  <String HEIGHT="73"
                          WIDTH="161"
                          VPOS="1338"
                          HPOS="1656"
                          CONTENT="non"/>
                  <SP HEIGHT="73" WIDTH="23" VPOS="1338" HPOS="1817"/>
                  <String HEIGHT="73"
                          WIDTH="299"
                          VPOS="1338"
                          HPOS="1748"
                          CONTENT="dederunt;"/>
                  <SP HEIGHT="73" WIDTH="23" VPOS="1338" HPOS="2047"/>
                  <String HEIGHT="73" WIDTH="69" VPOS="1338" HPOS="1955" CONTENT="&amp;"/>
               </TextLine>
               <TextLine ID="r1l29"
                         BASELINE="543,1449 616,1451 690,1451 763,1452 837,1452 911,1452 984,1452 1058,1452 1131,1454 1205,1454 1279,1454 1352,1454 1426,1454 1499,1454 1573,1455 1647,1455 1720,1457 1794,1458 1867,1460 1941,1461 2015,1464"
                         HEIGHT="92"
                         WIDTH="1491"
                         VPOS="1401"
                         HPOS="534">
                  <String HEIGHT="92"
                          WIDTH="283"
                          VPOS="1401"
                          HPOS="508"
                          CONTENT="habetur"/>
                  <SP HEIGHT="92" WIDTH="26" VPOS="1401" HPOS="791"/>
                  <String HEIGHT="92"
                          WIDTH="231"
                          VPOS="1401"
                          HPOS="714"
                          CONTENT="dist."/>
                  <SP HEIGHT="92" WIDTH="26" VPOS="1401" HPOS="945"/>
                  <String HEIGHT="92"
                          WIDTH="180"
                          VPOS="1401"
                          HPOS="868"
                          CONTENT="39."/>
                  <SP HEIGHT="92" WIDTH="26" VPOS="1401" HPOS="1048"/>
                  <String HEIGHT="92"
                          WIDTH="206"
                          VPOS="1401"
                          HPOS="971"
                          CONTENT="ean."/>
                  <SP HEIGHT="92" WIDTH="26" VPOS="1401" HPOS="1177"/>
                  <String HEIGHT="92"
                          WIDTH="180"
                          VPOS="1401"
                          HPOS="1100"
                          CONTENT="Non"/>
                  <SP HEIGHT="92" WIDTH="26" VPOS="1401" HPOS="1280"/>
                  <String HEIGHT="92"
                          WIDTH="231"
                          VPOS="1401"
                          HPOS="1202"
                          CONTENT="omnis"/>
                  <SP HEIGHT="92" WIDTH="26" VPOS="1401" HPOS="1434"/>
                  <String HEIGHT="92"
                          WIDTH="360"
                          VPOS="1401"
                          HPOS="1357"
                          CONTENT="ignoraniss"/>
                  <SP HEIGHT="92" WIDTH="26" VPOS="1401" HPOS="1717"/>
                  <String HEIGHT="92"
                          WIDTH="231"
                          VPOS="1401"
                          HPOS="1639"
                          CONTENT="Tales"/>
                  <SP HEIGHT="92" WIDTH="26" VPOS="1401" HPOS="1871"/>
                  <String HEIGHT="92"
                          WIDTH="206"
                          VPOS="1401"
                          HPOS="1794"
                          CONTENT="enim"/>
                  <SP HEIGHT="92" WIDTH="26" VPOS="1401" HPOS="1999"/>
                  <String HEIGHT="92"
                          WIDTH="129"
                          VPOS="1401"
                          HPOS="1896"
                          CONTENT="non"/>
               </TextLine>
               <TextLine ID="r1l30"
                         BASELINE="536,1517 609,1518 682,1518 756,1520 829,1520 902,1520 976,1520 1049,1520 1122,1520 1196,1520 1269,1520 1342,1521 1416,1521 1489,1521 1562,1521 1636,1523 1709,1523 1782,1524 1856,1526 1929,1529 2003,1530"
                         HEIGHT="82"
                         WIDTH="1486"
                         VPOS="1464"
                         HPOS="526">
                  <String HEIGHT="82"
                          WIDTH="365"
                          VPOS="1464"
                          HPOS="502"
                          CONTENT="nescientes,"/>
                  <SP HEIGHT="82" WIDTH="24" VPOS="1464" HPOS="867"/>
                  <String HEIGHT="82"
                          WIDTH="171"
                          VPOS="1464"
                          HPOS="794"
                          CONTENT="sed"/>
                  <SP HEIGHT="82" WIDTH="24" VPOS="1464" HPOS="964"/>
                  <String HEIGHT="82"
                          WIDTH="390"
                          VPOS="1464"
                          HPOS="891"
                          CONTENT="contemptores"/>
                  <SP HEIGHT="82" WIDTH="24" VPOS="1464" HPOS="1281"/>
                  <String HEIGHT="82"
                          WIDTH="365"
                          VPOS="1464"
                          HPOS="1208"
                          CONTENT="iudicantur;"/>
                  <SP HEIGHT="82" WIDTH="24" VPOS="1464" HPOS="1574"/>
                  <String HEIGHT="82"
                          WIDTH="146"
                          VPOS="1464"
                          HPOS="1500"
                          CONTENT="vt"/>
                  <SP HEIGHT="82" WIDTH="24" VPOS="1464" HPOS="1647"/>
                  <String HEIGHT="82"
                          WIDTH="219"
                          VPOS="1464"
                          HPOS="1574"
                          CONTENT="dicit"/>
                  <SP HEIGHT="82" WIDTH="24" VPOS="1464" HPOS="1793"/>
                  <String HEIGHT="82"
                          WIDTH="219"
                          VPOS="1464"
                          HPOS="1720"
                          CONTENT="Glos."/>
                  <SP HEIGHT="82" WIDTH="24" VPOS="1464" HPOS="1939"/>
                  <String HEIGHT="82"
                          WIDTH="171"
                          VPOS="1464"
                          HPOS="1841"
                          CONTENT="super"/>
               </TextLine>
               <TextLine ID="r1l32"
                         BASELINE="534,1583 607,1584 681,1584 755,1586 829,1586 903,1586 977,1586 1051,1586 1125,1586 1199,1586 1273,1587 1346,1587 1420,1587 1494,1587 1568,1589 1642,1589 1716,1590 1790,1591 1864,1592 1938,1593 2012,1596"
                         HEIGHT="83"
                         WIDTH="1496"
                         VPOS="1538"
                         HPOS="525">
                  <String HEIGHT="83"
                          WIDTH="210"
                          VPOS="1538"
                          HPOS="502"
                          CONTENT="illud"/>
                  <SP HEIGHT="83" WIDTH="23" VPOS="1538" HPOS="712"/>
                  <String HEIGHT="83"
                          WIDTH="187"
                          VPOS="1538"
                          HPOS="642"
                          CONTENT="Luc?"/>
                  <SP HEIGHT="83" WIDTH="23" VPOS="1538" HPOS="829"/>
                  <String HEIGHT="83"
                          WIDTH="164"
                          VPOS="1538"
                          HPOS="759"
                          CONTENT="12."/>
                  <SP HEIGHT="83" WIDTH="23" VPOS="1538" HPOS="922"/>
                  <String HEIGHT="83"
                          WIDTH="257"
                          VPOS="1538"
                          HPOS="852"
                          CONTENT="Seruus,"/>
                  <SP HEIGHT="83" WIDTH="23" VPOS="1538" HPOS="1109"/>
                  <String HEIGHT="83"
                          WIDTH="164"
                          VPOS="1538"
                          HPOS="1039"
                          CONTENT="qui"/>
                  <SP HEIGHT="83" WIDTH="23" VPOS="1538" HPOS="1203"/>
                  <String HEIGHT="83"
                          WIDTH="281"
                          VPOS="1538"
                          HPOS="1133"
                          CONTENT="cognouit"/>
                  <SP HEIGHT="83" WIDTH="23" VPOS="1538" HPOS="1413"/>
                  <String HEIGHT="83"
                          WIDTH="327"
                          VPOS="1538"
                          HPOS="1343"
                          CONTENT="voluntatem"/>
                  <SP HEIGHT="83" WIDTH="23" VPOS="1538" HPOS="1670"/>
                  <String HEIGHT="83"
                          WIDTH="234"
                          VPOS="1538"
                          HPOS="1600"
                          CONTENT="Domini"/>
                  <SP HEIGHT="83" WIDTH="23" VPOS="1538" HPOS="1834"/>
                  <String HEIGHT="83"
                          WIDTH="187"
                          VPOS="1538"
                          HPOS="1764"
                          CONTENT="sui,"/>
                  <SP HEIGHT="83" WIDTH="23" VPOS="1538" HPOS="1951"/>
                  <String HEIGHT="83" WIDTH="117" VPOS="1538" HPOS="1881" CONTENT="&amp;"/>
                  <SP HEIGHT="83" WIDTH="23" VPOS="1538" HPOS="1998"/>
                  <String HEIGHT="83"
                          WIDTH="117"
                          VPOS="1538"
                          HPOS="1904"
                          CONTENT="non"/>
               </TextLine>
               <TextLine ID="r1l34"
                         BASELINE="539,1647 612,1649 686,1650 759,1650 833,1652 907,1652 980,1652 1054,1652 1128,1652 1201,1652 1275,1653 1349,1653 1422,1653 1496,1653 1570,1653 1643,1653 1717,1655 1791,1655 1864,1656 1938,1658 2012,1659"
                         HEIGHT="66"
                         WIDTH="1492"
                         VPOS="1604"
                         HPOS="530">
                  <String HEIGHT="66"
                          WIDTH="226"
                          VPOS="1604"
                          HPOS="507"
                          CONTENT="fecit,"/>
                  <SP HEIGHT="66" WIDTH="23" VPOS="1604" HPOS="733"/>
                  <String HEIGHT="66"
                          WIDTH="226"
                          VPOS="1604"
                          HPOS="666"
                          CONTENT="plagis"/>
                  <SP HEIGHT="66" WIDTH="23" VPOS="1604" HPOS="892"/>
                  <String HEIGHT="66"
                          WIDTH="294"
                          VPOS="1604"
                          HPOS="824"
                          CONTENT="vapulabit"/>
                  <SP HEIGHT="66" WIDTH="23" VPOS="1604" HPOS="1118"/>
                  <String HEIGHT="66"
                          WIDTH="249"
                          VPOS="1604"
                          HPOS="1050"
                          CONTENT="multis."/>
                  <SP HEIGHT="66" WIDTH="23" VPOS="1604" HPOS="1299"/>
                  <String HEIGHT="66"
                          WIDTH="203"
                          VPOS="1604"
                          HPOS="1231"
                          CONTENT="Talis"/>
                  <SP HEIGHT="66" WIDTH="23" VPOS="1604" HPOS="1434"/>
                  <String HEIGHT="66"
                          WIDTH="181"
                          VPOS="1604"
                          HPOS="1366"
                          CONTENT="ergo"/>
                  <SP HEIGHT="66" WIDTH="23" VPOS="1604" HPOS="1547"/>
                  <String HEIGHT="66"
                          WIDTH="316"
                          VPOS="1604"
                          HPOS="1479"
                          CONTENT="ignorantia"/>
                  <SP HEIGHT="66" WIDTH="23" VPOS="1604" HPOS="1796"/>
                  <String HEIGHT="66"
                          WIDTH="181"
                          VPOS="1604"
                          HPOS="1728"
                          CONTENT="snon"/>
                  <SP HEIGHT="66" WIDTH="23" VPOS="1604" HPOS="1909"/>
                  <String HEIGHT="66"
                          WIDTH="203"
                          VPOS="1604"
                          HPOS="1819"
                          CONTENT="excris;"/>
               </TextLine>
               <TextLine ID="r1l35"
                         BASELINE="539,1716 613,1716 688,1716 763,1716 838,1718 913,1718 988,1718 1062,1718 1137,1718 1212,1718 1287,1718 1362,1718 1437,1718 1512,1718 1586,1719 1661,1719 1736,1721 1811,1721 1886,1722 1961,1724 2036,1727"
                         HEIGHT="64"
                         WIDTH="1516"
                         VPOS="1673"
                         HPOS="529">
                  <String HEIGHT="64"
                          WIDTH="183"
                          VPOS="1673"
                          HPOS="503"
                          CONTENT="sat"/>
                  <SP HEIGHT="64" WIDTH="26" VPOS="1673" HPOS="686"/>
                  <String HEIGHT="64" WIDTH="131" VPOS="1673" HPOS="607" CONTENT="a"/>
                  <SP HEIGHT="64" WIDTH="26" VPOS="1673" HPOS="738"/>
                  <String HEIGHT="64"
                          WIDTH="314"
                          VPOS="1673"
                          HPOS="660"
                          CONTENT="peccato;"/>
                  <SP HEIGHT="64" WIDTH="26" VPOS="1673" HPOS="973"/>
                  <String HEIGHT="64"
                          WIDTH="209"
                          VPOS="1673"
                          HPOS="895"
                          CONTENT="nam,"/>
                  <SP HEIGHT="64" WIDTH="26" VPOS="1673" HPOS="1104"/>
                  <String HEIGHT="64"
                          WIDTH="157"
                          VPOS="1673"
                          HPOS="1026"
                          CONTENT="vt"/>
                  <SP HEIGHT="64" WIDTH="26" VPOS="1673" HPOS="1182"/>
                  <String HEIGHT="64"
                          WIDTH="235"
                          VPOS="1673"
                          HPOS="1104"
                          CONTENT="dicit"/>
                  <SP HEIGHT="64" WIDTH="26" VPOS="1673" HPOS="1339"/>
                  <String HEIGHT="64"
                          WIDTH="366"
                          VPOS="1673"
                          HPOS="1261"
                          CONTENT="Augustinus"/>
                  <SP HEIGHT="64" WIDTH="26" VPOS="1673" HPOS="1627"/>
                  <String HEIGHT="64"
                          WIDTH="157"
                          VPOS="1673"
                          HPOS="1548"
                          CONTENT="ad"/>
                  <SP HEIGHT="64" WIDTH="26" VPOS="1673" HPOS="1705"/>
                  <String HEIGHT="64"
                          WIDTH="392"
                          VPOS="1673"
                          HPOS="1627"
                          CONTENT="Publicolam,"/>
                  <SP HEIGHT="64" WIDTH="26" VPOS="1673" HPOS="2019"/>
                  <String HEIGHT="64"
                          WIDTH="131"
                          VPOS="1673"
                          HPOS="1914"
                          CONTENT="si¬"
                          SUBS_TYPE="HypPart1"
                          SUBS_CONTENT="siquis"/>
                  <HYP CONTENT="-"/>
               </TextLine>
               <TextLine ID="r1l36"
                         BASELINE="533,1781 607,1781 681,1782 756,1782 830,1782 905,1782 979,1782 1053,1782 1128,1782 1202,1782 1277,1784 1351,1784 1425,1784 1500,1784 1574,1784 1649,1785 1723,1785 1797,1787 1872,1788 1946,1790 2021,1791"
                         HEIGHT="80"
                         WIDTH="1508"
                         VPOS="1731"
                         HPOS="523">
                  <String HEIGHT="80"
                          WIDTH="183"
                          VPOS="1731"
                          HPOS="500"
                          CONTENT="quis"
                          SUBS_TYPE="HypPart2"
                          SUBS_CONTENT="siquis"/>
                  <SP HEIGHT="80" WIDTH="23" VPOS="1731" HPOS="683"/>
                  <String HEIGHT="80"
                          WIDTH="206"
                          VPOS="1731"
                          HPOS="614"
                          CONTENT="bonum"/>
                  <SP HEIGHT="80" WIDTH="23" VPOS="1731" HPOS="820"/>
                  <String HEIGHT="80"
                          WIDTH="297"
                          VPOS="1731"
                          HPOS="751"
                          CONTENT="putauerit"/>
                  <SP HEIGHT="80" WIDTH="23" VPOS="1731" HPOS="1049"/>
                  <String HEIGHT="80"
                          WIDTH="206"
                          VPOS="1731"
                          HPOS="980"
                          CONTENT="esse,"/>
                  <SP HEIGHT="80" WIDTH="23" VPOS="1731" HPOS="1186"/>
                  <String HEIGHT="80"
                          WIDTH="183"
                          VPOS="1731"
                          HPOS="1117"
                          CONTENT="quod"/>
                  <SP HEIGHT="80" WIDTH="23" VPOS="1731" HPOS="1300"/>
                  <String HEIGHT="80"
                          WIDTH="206"
                          VPOS="1731"
                          HPOS="1231"
                          CONTENT="malum"/>
                  <SP HEIGHT="80" WIDTH="23" VPOS="1731" HPOS="1437"/>
                  <String HEIGHT="80"
                          WIDTH="183"
                          VPOS="1731"
                          HPOS="1368"
                          CONTENT="est,"/>
                  <SP HEIGHT="80" WIDTH="23" VPOS="1731" HPOS="1551"/>
                  <String HEIGHT="80" WIDTH="114" VPOS="1731" HPOS="1483" CONTENT="&amp;"/>
                  <SP HEIGHT="80" WIDTH="23" VPOS="1731" HPOS="1597"/>
                  <String HEIGHT="80"
                          WIDTH="251"
                          VPOS="1731"
                          HPOS="1528"
                          CONTENT="fecerit"/>
                  <SP HEIGHT="80" WIDTH="23" VPOS="1731" HPOS="1780"/>
                  <String HEIGHT="80"
                          WIDTH="160"
                          VPOS="1731"
                          HPOS="1711"
                          CONTENT="hoc"/>
                  <SP HEIGHT="80" WIDTH="23" VPOS="1731" HPOS="1871"/>
                  <String HEIGHT="80"
                          WIDTH="274"
                          VPOS="1731"
                          HPOS="1803"
                          CONTENT="putando,"/>
                  <SP HEIGHT="80" WIDTH="23" VPOS="1731" HPOS="2077"/>
                  <String HEIGHT="80" WIDTH="46" VPOS="1731" HPOS="1985" CONTENT=""/>
               </TextLine>
               <TextLine ID="r1l37"
                         BASELINE="546,1847 619,1847 693,1847 767,1848 841,1848 914,1848 988,1848 1062,1848 1136,1848 1209,1848 1283,1848 1357,1848 1431,1848 1504,1848 1578,1848 1652,1850 1726,1850 1799,1851 1873,1853 1947,1854 2021,1856"
                         HEIGHT="98"
                         WIDTH="1494"
                         VPOS="1788"
                         HPOS="537">
                  <String HEIGHT="98"
                          WIDTH="233"
                          VPOS="1788"
                          HPOS="514"
                          CONTENT="vtique"/>
                  <SP HEIGHT="98" WIDTH="23" VPOS="1788" HPOS="747"/>
                  <String HEIGHT="98"
                          WIDTH="257"
                          VPOS="1788"
                          HPOS="677"
                          CONTENT="peccat;"/>
                  <SP HEIGHT="98" WIDTH="23" VPOS="1788" HPOS="934"/>
                  <String HEIGHT="98" WIDTH="117" VPOS="1788" HPOS="864" CONTENT="&amp;"/>
                  <SP HEIGHT="98" WIDTH="23" VPOS="1788" HPOS="981"/>
                  <String HEIGHT="98" WIDTH="140" VPOS="1788" HPOS="911" CONTENT="ea"/>
                  <SP HEIGHT="98" WIDTH="23" VPOS="1788" HPOS="1051"/>
                  <String HEIGHT="98"
                          WIDTH="187"
                          VPOS="1788"
                          HPOS="981"
                          CONTENT="sunt"/>
                  <SP HEIGHT="98" WIDTH="23" VPOS="1788" HPOS="1167"/>
                  <String HEIGHT="98"
                          WIDTH="210"
                          VPOS="1788"
                          HPOS="1097"
                          CONTENT="omnia"/>
                  <SP HEIGHT="98" WIDTH="23" VPOS="1788" HPOS="1307"/>
                  <String HEIGHT="98"
                          WIDTH="257"
                          VPOS="1788"
                          HPOS="1237"
                          CONTENT="peccata"/>
                  <SP HEIGHT="98" WIDTH="23" VPOS="1788" HPOS="1494"/>
                  <String HEIGHT="98"
                          WIDTH="374"
                          VPOS="1788"
                          HPOS="1424"
                          CONTENT="ignorantiae,"/>
                  <SP HEIGHT="98" WIDTH="23" VPOS="1788" HPOS="1798"/>
                  <String HEIGHT="98"
                          WIDTH="233"
                          VPOS="1788"
                          HPOS="1728"
                          CONTENT="quando"/>
                  <SP HEIGHT="98" WIDTH="23" VPOS="1788" HPOS="1961"/>
                  <String HEIGHT="98"
                          WIDTH="163"
                          VPOS="1788"
                          HPOS="1868"
                          CONTENT="quis¬"
                          SUBS_TYPE="HypPart1"
                          SUBS_CONTENT="quisque"/>
                  <HYP CONTENT="-"/>
               </TextLine>
               <TextLine ID="r1l38"
                         BASELINE="533,1913 608,1914 683,1914 758,1914 834,1914 909,1914 984,1914 1060,1914 1135,1914 1210,1914 1286,1914 1361,1914 1436,1914 1511,1914 1587,1914 1662,1916 1737,1916 1813,1916 1888,1917 1963,1917 2039,1919"
                         HEIGHT="85"
                         WIDTH="1526"
                         VPOS="1862"
                         HPOS="523">
                  <String HEIGHT="85"
                          WIDTH="155"
                          VPOS="1862"
                          HPOS="501"
                          CONTENT="que"
                          SUBS_TYPE="HypPart2"
                          SUBS_CONTENT="quisque"/>
                  <SP HEIGHT="85" WIDTH="22" VPOS="1862" HPOS="656"/>
                  <String HEIGHT="85"
                          WIDTH="177"
                          VPOS="1862"
                          HPOS="589"
                          CONTENT="bene"/>
                  <SP HEIGHT="85" WIDTH="22" VPOS="1862" HPOS="766"/>
                  <String HEIGHT="85"
                          WIDTH="199"
                          VPOS="1862"
                          HPOS="700"
                          CONTENT="fieri"/>
                  <SP HEIGHT="85" WIDTH="22" VPOS="1862" HPOS="899"/>
                  <String HEIGHT="85"
                          WIDTH="221"
                          VPOS="1862"
                          HPOS="833"
                          CONTENT="putat,"/>
                  <SP HEIGHT="85" WIDTH="22" VPOS="1862" HPOS="1054"/>
                  <String HEIGHT="85"
                          WIDTH="177"
                          VPOS="1862"
                          HPOS="987"
                          CONTENT="quod"/>
                  <SP HEIGHT="85" WIDTH="22" VPOS="1862" HPOS="1164"/>
                  <String HEIGHT="85"
                          WIDTH="177"
                          VPOS="1862"
                          HPOS="1098"
                          CONTENT="male"/>
                  <SP HEIGHT="85" WIDTH="22" VPOS="1862" HPOS="1275"/>
                  <String HEIGHT="85"
                          WIDTH="177"
                          VPOS="1862"
                          HPOS="1209"
                          CONTENT="fit."/>
                  <SP HEIGHT="85" WIDTH="22" VPOS="1862" HPOS="1386"/>
                  <String HEIGHT="85"
                          WIDTH="199"
                          VPOS="1862"
                          HPOS="1319"
                          CONTENT="Talis"/>
                  <SP HEIGHT="85" WIDTH="22" VPOS="1862" HPOS="1518"/>
                  <String HEIGHT="85"
                          WIDTH="221"
                          VPOS="1862"
                          HPOS="1452"
                          CONTENT="igitur"/>
                  <SP HEIGHT="85" WIDTH="22" VPOS="1862" HPOS="1673"/>
                  <String HEIGHT="85"
                          WIDTH="310"
                          VPOS="1862"
                          HPOS="1607"
                          CONTENT="ignorantia"/>
                  <SP HEIGHT="85" WIDTH="22" VPOS="1862" HPOS="1916"/>
                  <String HEIGHT="85"
                          WIDTH="155"
                          VPOS="1862"
                          HPOS="1850"
                          CONTENT="non"/>
                  <SP HEIGHT="85" WIDTH="22" VPOS="1862" HPOS="2005"/>
                  <String HEIGHT="85"
                          WIDTH="133"
                          VPOS="1862"
                          HPOS="1916"
                          CONTENT="exe¬"
                          SUBS_TYPE="HypPart1"
                          SUBS_CONTENT="execusat"/>
                  <HYP CONTENT="-"/>
               </TextLine>
               <TextLine ID="r1l39"
                         BASELINE="539,1980 612,1980 686,1980 760,1980 834,1980 908,1980 981,1980 1055,1980 1129,1980 1203,1980 1277,1979 1350,1980 1424,1980 1498,1980 1572,1980 1646,1982 1719,1982 1793,1983 1867,1985 1941,1988 2015,1989"
                         HEIGHT="53"
                         WIDTH="1496"
                         VPOS="1952"
                         HPOS="529">
                  <String HEIGHT="53"
                          WIDTH="210"
                          VPOS="1952"
                          HPOS="506"
                          CONTENT="cusat"
                          SUBS_TYPE="HypPart2"
                          SUBS_CONTENT="execusat"/>
                  <SP HEIGHT="53" WIDTH="23" VPOS="1952" HPOS="716"/>
                  <String HEIGHT="53"
                          WIDTH="281"
                          VPOS="1952"
                          HPOS="646"
                          CONTENT="seductos"/>
                  <SP HEIGHT="53" WIDTH="23" VPOS="1952" HPOS="926"/>
                  <String HEIGHT="53" WIDTH="117" VPOS="1952" HPOS="856" CONTENT="a"/>
                  <SP HEIGHT="53" WIDTH="23" VPOS="1952" HPOS="973"/>
                  <String HEIGHT="53"
                          WIDTH="281"
                          VPOS="1952"
                          HPOS="903"
                          CONTENT="periculo"/>
                  <SP HEIGHT="53" WIDTH="23" VPOS="1952" HPOS="1184"/>
                  <String HEIGHT="53"
                          WIDTH="257"
                          VPOS="1952"
                          HPOS="1113"
                          CONTENT="extremi"/>
                  <SP HEIGHT="53" WIDTH="23" VPOS="1952" HPOS="1371"/>
                  <String HEIGHT="53"
                          WIDTH="281"
                          VPOS="1952"
                          HPOS="1300"
                          CONTENT="iudicii;"/>
                  <SP HEIGHT="53" WIDTH="23" VPOS="1952" HPOS="1581"/>
                  <String HEIGHT="53"
                          WIDTH="187"
                          VPOS="1952"
                          HPOS="1511"
                          CONTENT="vnde"/>
                  <SP HEIGHT="53" WIDTH="23" VPOS="1952" HPOS="1698"/>
                  <String HEIGHT="53"
                          WIDTH="140"
                          VPOS="1952"
                          HPOS="1628"
                          CONTENT="2."/>
                  <SP HEIGHT="53" WIDTH="23" VPOS="1952" HPOS="1768"/>
                  <String HEIGHT="53"
                          WIDTH="234"
                          VPOS="1952"
                          HPOS="1698"
                          CONTENT="Thess."/>
                  <SP HEIGHT="53" WIDTH="23" VPOS="1952" HPOS="1932"/>
                  <String HEIGHT="53"
                          WIDTH="140"
                          VPOS="1952"
                          HPOS="1861"
                          CONTENT="2."/>
                  <SP HEIGHT="53" WIDTH="23" VPOS="1952" HPOS="2002"/>
                  <String HEIGHT="53"
                          WIDTH="117"
                          VPOS="1952"
                          HPOS="1908"
                          CONTENT="su¬"
                          SUBS_TYPE="HypPart1"
                          SUBS_CONTENT="super"/>
                  <HYP CONTENT="-"/>
               </TextLine>
               <TextLine ID="r1l40"
                         BASELINE="548,2046 621,2046 694,2048 767,2048 840,2048 914,2048 987,2048 1060,2046 1133,2046 1206,2046 1280,2046 1353,2046 1426,2046 1499,2046 1572,2046 1646,2048 1719,2048 1792,2049 1865,2051 1938,2054 2012,2057"
                         HEIGHT="81"
                         WIDTH="1483"
                         VPOS="1995"
                         HPOS="538">
                  <String HEIGHT="81"
                          WIDTH="160"
                          VPOS="1995"
                          HPOS="515"
                          CONTENT="per"
                          SUBS_TYPE="HypPart2"
                          SUBS_CONTENT="super"/>
                  <SP HEIGHT="81" WIDTH="23" VPOS="1995" HPOS="675"/>
                  <String HEIGHT="81"
                          WIDTH="228"
                          VPOS="1995"
                          HPOS="606"
                          CONTENT="illud,"/>
                  <SP HEIGHT="81" WIDTH="23" VPOS="1995" HPOS="835"/>
                  <String HEIGHT="81" WIDTH="137" VPOS="1995" HPOS="766" CONTENT="vt"/>
                  <SP HEIGHT="81" WIDTH="23" VPOS="1995" HPOS="903"/>
                  <String HEIGHT="81"
                          WIDTH="319"
                          VPOS="1995"
                          HPOS="835"
                          CONTENT="iudicentur"/>
                  <SP HEIGHT="81" WIDTH="23" VPOS="1995" HPOS="1154"/>
                  <String HEIGHT="81"
                          WIDTH="228"
                          VPOS="1995"
                          HPOS="1086"
                          CONTENT="omnes,"/>
                  <SP HEIGHT="81" WIDTH="23" VPOS="1995" HPOS="1314"/>
                  <String HEIGHT="81"
                          WIDTH="160"
                          VPOS="1995"
                          HPOS="1245"
                          CONTENT="qui"/>
                  <SP HEIGHT="81" WIDTH="23" VPOS="1995" HPOS="1405"/>
                  <String HEIGHT="81"
                          WIDTH="160"
                          VPOS="1995"
                          HPOS="1337"
                          CONTENT="non"/>
                  <SP HEIGHT="81" WIDTH="23" VPOS="1995" HPOS="1496"/>
                  <String HEIGHT="81"
                          WIDTH="251"
                          VPOS="1995"
                          HPOS="1428"
                          CONTENT="credunt"/>
                  <SP HEIGHT="81" WIDTH="23" VPOS="1995" HPOS="1679"/>
                  <String HEIGHT="81"
                          WIDTH="297"
                          VPOS="1995"
                          HPOS="1610"
                          CONTENT="veritati,"/>
                  <SP HEIGHT="81" WIDTH="23" VPOS="1995" HPOS="1907"/>
                  <String HEIGHT="81"
                          WIDTH="228"
                          VPOS="1995"
                          HPOS="1838"
                          CONTENT="dicit."/>
                  <SP HEIGHT="81" WIDTH="23" VPOS="1995" HPOS="2067"/>
                  <String HEIGHT="81" WIDTH="46" VPOS="1995" HPOS="1975" CONTENT=""/>
               </TextLine>
               <TextLine ID="r1l41"
                         BASELINE="545,2112 618,2112 692,2112 766,2112 840,2112 914,2112 987,2112 1061,2112 1135,2112 1209,2112 1283,2112 1356,2114 1430,2114 1504,2114 1578,2114 1652,2115 1725,2115 1799,2115 1873,2117 1947,2117 2021,2118"
                         HEIGHT="81"
                         WIDTH="1494"
                         VPOS="2057"
                         HPOS="536">
                  <String HEIGHT="81"
                          WIDTH="207"
                          VPOS="2057"
                          HPOS="513"
                          CONTENT="Glos."/>
                  <SP HEIGHT="81" WIDTH="23" VPOS="2057" HPOS="720"/>
                  <String HEIGHT="81"
                          WIDTH="253"
                          VPOS="2057"
                          HPOS="651"
                          CONTENT="Seducti"/>
                  <SP HEIGHT="81" WIDTH="23" VPOS="2057" HPOS="904"/>
                  <String HEIGHT="81"
                          WIDTH="368"
                          VPOS="2057"
                          HPOS="835"
                          CONTENT="iudicabuntur"/>
                  <SP HEIGHT="81" WIDTH="23" VPOS="2057" HPOS="1203"/>
                  <String HEIGHT="81"
                          WIDTH="299"
                          VPOS="2057"
                          HPOS="1134"
                          CONTENT="nouissimo"/>
                  <SP HEIGHT="81" WIDTH="23" VPOS="2057" HPOS="1432"/>
                  <String HEIGHT="81"
                          WIDTH="276"
                          VPOS="2057"
                          HPOS="1363"
                          CONTENT="rectoque"/>
                  <SP HEIGHT="81" WIDTH="23" VPOS="2057" HPOS="1639"/>
                  <String HEIGHT="81"
                          WIDTH="276"
                          VPOS="2057"
                          HPOS="1570"
                          CONTENT="iudicio,"/>
                  <SP HEIGHT="81" WIDTH="23" VPOS="2057" HPOS="1846"/>
                  <String HEIGHT="81"
                          WIDTH="161"
                          VPOS="2057"
                          HPOS="1777"
                          CONTENT="per"/>
                  <SP HEIGHT="81" WIDTH="23" VPOS="2057" HPOS="1938"/>
                  <String HEIGHT="81"
                          WIDTH="184"
                          VPOS="2057"
                          HPOS="1846"
                          CONTENT="Chri¬¬"
                          SUBS_TYPE="HypPart1"
                          SUBS_CONTENT="Chri¬stum"/>
                  <HYP CONTENT="-"/>
               </TextLine>
               <TextLine ID="r1l42"
                         BASELINE="546,2180 600,2180 654,2180 709,2180 763,2180 818,2180 872,2180 927,2180 981,2180 1036,2180 1090,2178 1144,2178 1199,2178 1253,2178 1308,2178 1362,2178 1417,2178 1471,2178 1526,2178 1580,2178 1635,2178"
                         HEIGHT="73"
                         WIDTH="1108"
                         VPOS="2123"
                         HPOS="537">
                  <String HEIGHT="73"
                          WIDTH="170"
                          VPOS="2123"
                          HPOS="516"
                          CONTENT="stum"
                          SUBS_TYPE="HypPart2"
                          SUBS_CONTENT="Chri¬stum"/>
                  <SP HEIGHT="73" WIDTH="21" VPOS="2123" HPOS="686"/>
                  <String HEIGHT="73"
                          WIDTH="298"
                          VPOS="2123"
                          HPOS="622"
                          CONTENT="iustissime"/>
                  <SP HEIGHT="73" WIDTH="21" VPOS="2123" HPOS="921"/>
                  <String HEIGHT="73"
                          WIDTH="320"
                          VPOS="2123"
                          HPOS="857"
                          CONTENT="iudicaturum"/>
                  <SP HEIGHT="73" WIDTH="21" VPOS="2123" HPOS="1176"/>
                  <String HEIGHT="73"
                          WIDTH="341"
                          VPOS="2123"
                          HPOS="1112"
                          CONTENT="iniustissime"/>
                  <SP HEIGHT="73" WIDTH="21" VPOS="2123" HPOS="1453"/>
                  <String HEIGHT="73"
                          WIDTH="298"
                          VPOS="2123"
                          HPOS="1389"
                          CONTENT="iudicatum."/>
                  <SP HEIGHT="73" WIDTH="21" VPOS="2123" HPOS="1688"/>
                  <String HEIGHT="73" WIDTH="43" VPOS="2123" HPOS="1602" CONTENT=""/>
               </TextLine>
               <TextLine ID="r1l43"
                         BASELINE="606,2244 680,2244 755,2244 830,2244 904,2244 979,2244 1054,2244 1128,2246 1203,2246 1278,2246 1352,2246 1427,2246 1502,2246 1576,2246 1651,2246 1726,2246 1800,2246 1875,2246 1950,2246 2025,2246"
                         HEIGHT="121"
                         WIDTH="1437"
                         VPOS="2149"
                         HPOS="597">
                  <String HEIGHT="121"
                          WIDTH="154"
                          VPOS="2149"
                          HPOS="571"
                          CONTENT="§."/>
                  <SP HEIGHT="121" WIDTH="26" VPOS="2149" HPOS="725"/>
                  <String HEIGHT="121"
                          WIDTH="180"
                          VPOS="2149"
                          HPOS="648"
                          CONTENT="Non"/>
                  <SP HEIGHT="121" WIDTH="26" VPOS="2149" HPOS="828"/>
                  <String HEIGHT="121"
                          WIDTH="231"
                          VPOS="2149"
                          HPOS="751"
                          CONTENT="solum"/>
                  <SP HEIGHT="121" WIDTH="26" VPOS="2149" HPOS="982"/>
                  <String HEIGHT="121"
                          WIDTH="231"
                          VPOS="2149"
                          HPOS="905"
                          CONTENT="autem"/>
                  <SP HEIGHT="121" WIDTH="26" VPOS="2149" HPOS="1136"/>
                  <String HEIGHT="121"
                          WIDTH="359"
                          VPOS="2149"
                          HPOS="1059"
                          CONTENT="praedictis"/>
                  <SP HEIGHT="121" WIDTH="26" VPOS="2149" HPOS="1418"/>
                  <String HEIGHT="121"
                          WIDTH="231"
                          VPOS="2149"
                          HPOS="1341"
                          CONTENT="modis"/>
                  <SP HEIGHT="121" WIDTH="26" VPOS="2149" HPOS="1572"/>
                  <String HEIGHT="121"
                          WIDTH="359"
                          VPOS="2149"
                          HPOS="1495"
                          CONTENT="periculosi"/>
                  <SP HEIGHT="121" WIDTH="26" VPOS="2149" HPOS="1854"/>
                  <String HEIGHT="121"
                          WIDTH="205"
                          VPOS="2149"
                          HPOS="1777"
                          CONTENT="sunt"/>
                  <SP HEIGHT="121" WIDTH="26" VPOS="2149" HPOS="1983"/>
                  <String HEIGHT="121"
                          WIDTH="154"
                          VPOS="2149"
                          HPOS="1880"
                          CONTENT="Se¬¬"
                          SUBS_TYPE="HypPart1"
                          SUBS_CONTENT="Se¬ductores"/>
                  <HYP CONTENT="-"/>
               </TextLine>
               <TextLine ID="r1l44"
                         BASELINE="548,2312 624,2312 701,2312 778,2312 855,2312 931,2312 1008,2312 1085,2312 1162,2312 1239,2312 1315,2312 1392,2313 1469,2313 1546,2313 1623,2313 1699,2313 1776,2313 1853,2315 1930,2315 2007,2315"
                         HEIGHT="66"
                         WIDTH="1479"
                         VPOS="2260"
                         HPOS="538">
                  <String HEIGHT="66"
                          WIDTH="296"
                          VPOS="2260"
                          HPOS="513"
                          CONTENT="ductores"
                          SUBS_TYPE="HypPart2"
                          SUBS_CONTENT="Se¬ductores"/>
                  <SP HEIGHT="66" WIDTH="25" VPOS="2260" HPOS="809"/>
                  <String HEIGHT="66"
                          WIDTH="345"
                          VPOS="2260"
                          HPOS="735"
                          CONTENT="praedicti,"/>
                  <SP HEIGHT="66" WIDTH="25" VPOS="2260" HPOS="1080"/>
                  <String HEIGHT="66"
                          WIDTH="173"
                          VPOS="2260"
                          HPOS="1006"
                          CONTENT="sed"/>
                  <SP HEIGHT="66" WIDTH="25" VPOS="2260" HPOS="1179"/>
                  <String HEIGHT="66"
                          WIDTH="222"
                          VPOS="2260"
                          HPOS="1105"
                          CONTENT="etiam"/>
                  <SP HEIGHT="66" WIDTH="25" VPOS="2260" HPOS="1327"/>
                  <String HEIGHT="66"
                          WIDTH="173"
                          VPOS="2260"
                          HPOS="1253"
                          CONTENT="hoc"/>
                  <SP HEIGHT="66" WIDTH="25" VPOS="2260" HPOS="1425"/>
                  <String HEIGHT="66"
                          WIDTH="222"
                          VPOS="2260"
                          HPOS="1351"
                          CONTENT="modo;"/>
                  <SP HEIGHT="66" WIDTH="25" VPOS="2260" HPOS="1573"/>
                  <String HEIGHT="66"
                          WIDTH="345"
                          VPOS="2260"
                          HPOS="1499"
                          CONTENT="videlicet,"/>
                  <SP HEIGHT="66" WIDTH="25" VPOS="2260" HPOS="1844"/>
                  <String HEIGHT="66"
                          WIDTH="197"
                          VPOS="2260"
                          HPOS="1771"
                          CONTENT="quod"/>
                  <SP HEIGHT="66" WIDTH="25" VPOS="2260" HPOS="1968"/>
                  <String HEIGHT="66"
                          WIDTH="148"
                          VPOS="2260"
                          HPOS="1869"
                          CONTENT="tan¬"
                          SUBS_TYPE="HypPart1"
                          SUBS_CONTENT="tandem,"/>
                  <HYP CONTENT="-"/>
               </TextLine>
               <TextLine ID="r1l45"
                         BASELINE="542,2379 615,2379 689,2379 762,2379 836,2379 910,2379 983,2379 1057,2378 1131,2378 1204,2378 1278,2378 1352,2379 1425,2379 1499,2379 1573,2379 1646,2379 1720,2381 1794,2381 1867,2382 1941,2384 2015,2385"
                         HEIGHT="58"
                         WIDTH="1492"
                         VPOS="2330"
                         HPOS="532">
                  <String HEIGHT="58"
                          WIDTH="213"
                          VPOS="2330"
                          HPOS="505"
                          CONTENT="dem,"
                          SUBS_TYPE="HypPart2"
                          SUBS_CONTENT="tandem,"/>
                  <SP HEIGHT="58" WIDTH="27" VPOS="2330" HPOS="719"/>
                  <String HEIGHT="58"
                          WIDTH="266"
                          VPOS="2330"
                          HPOS="639"
                          CONTENT="fauore"/>
                  <SP HEIGHT="58" WIDTH="27" VPOS="2330" HPOS="905"/>
                  <String HEIGHT="58"
                          WIDTH="346"
                          VPOS="2330"
                          HPOS="825"
                          CONTENT="Principum"/>
                  <SP HEIGHT="58" WIDTH="27" VPOS="2330" HPOS="1171"/>
                  <String HEIGHT="58" WIDTH="133" VPOS="2330" HPOS="1092" CONTENT="&amp;"/>
                  <SP HEIGHT="58" WIDTH="27" VPOS="2330" HPOS="1225"/>
                  <String HEIGHT="58"
                          WIDTH="293"
                          VPOS="2330"
                          HPOS="1145"
                          CONTENT="Maiorum"/>
                  <SP HEIGHT="58" WIDTH="27" VPOS="2330" HPOS="1438"/>
                  <String HEIGHT="58"
                          WIDTH="293"
                          VPOS="2330"
                          HPOS="1358"
                          CONTENT="adepto,"/>
                  <SP HEIGHT="58" WIDTH="27" VPOS="2330" HPOS="1651"/>
                  <String HEIGHT="58"
                          WIDTH="400"
                          VPOS="2330"
                          HPOS="1571"
                          CONTENT="resistentes"/>
                  <SP HEIGHT="58" WIDTH="27" VPOS="2330" HPOS="1971"/>
                  <String HEIGHT="58"
                          WIDTH="160"
                          VPOS="2330"
                          HPOS="1864"
                          CONTENT="sibi"/>
               </TextLine>
               <TextLine ID="r1l46"
                         BASELINE="542,2444 614,2445 687,2445 760,2446 833,2447 905,2447 978,2447 1051,2447 1124,2447 1196,2447 1269,2447 1342,2447 1415,2447 1487,2447 1560,2447 1633,2448 1706,2448 1778,2448 1851,2448 1924,2450 1997,2451"
                         HEIGHT="85"
                         WIDTH="1475"
                         VPOS="2390"
                         HPOS="532">
                  <String HEIGHT="85"
                          WIDTH="169"
                          VPOS="2390"
                          HPOS="508"
                          CONTENT="per"/>
                  <SP HEIGHT="85" WIDTH="24" VPOS="2390" HPOS="677"/>
                  <String HEIGHT="85"
                          WIDTH="266"
                          VPOS="2390"
                          HPOS="605"
                          CONTENT="illorum"/>
                  <SP HEIGHT="85" WIDTH="24" VPOS="2390" HPOS="871"/>
                  <String HEIGHT="85"
                          WIDTH="314"
                          VPOS="2390"
                          HPOS="798"
                          CONTENT="potentiam"/>
                  <SP HEIGHT="85" WIDTH="24" VPOS="2390" HPOS="1112"/>
                  <String HEIGHT="85"
                          WIDTH="411"
                          VPOS="2390"
                          HPOS="1040"
                          CONTENT="persequuntur,"/>
                  <SP HEIGHT="85" WIDTH="24" VPOS="2390" HPOS="1451"/>
                  <String HEIGHT="85"
                          WIDTH="145"
                          VPOS="2390"
                          HPOS="1378"
                          CONTENT="ad"/>
                  <SP HEIGHT="85" WIDTH="24" VPOS="2390" HPOS="1523"/>
                  <String HEIGHT="85"
                          WIDTH="242"
                          VPOS="2390"
                          HPOS="1451"
                          CONTENT="instar"/>
                  <SP HEIGHT="85" WIDTH="24" VPOS="2390" HPOS="1693"/>
                  <String HEIGHT="85"
                          WIDTH="363"
                          VPOS="2390"
                          HPOS="1620"
                          CONTENT="Antichiisti"/>
                  <SP HEIGHT="85" WIDTH="24" VPOS="2390" HPOS="1983"/>
                  <String HEIGHT="85"
                          WIDTH="121"
                          VPOS="2390"
                          HPOS="1886"
                          CONTENT="ca¬"
                          SUBS_TYPE="HypPart1"
                          SUBS_CONTENT="capitis"/>
                  <HYP CONTENT="-"/>
               </TextLine>
               <TextLine ID="r1l47"
                         BASELINE="542,2511 615,2511 688,2513 761,2513 834,2514 908,2514 981,2514 1054,2514 1127,2514 1200,2514 1274,2514 1347,2514 1420,2514 1493,2514 1566,2514 1640,2514 1713,2514 1786,2516 1859,2516 1932,2517 2006,2519"
                         HEIGHT="83"
                         WIDTH="1484"
                         VPOS="2464"
                         HPOS="532">
                  <String HEIGHT="83"
                          WIDTH="212"
                          VPOS="2464"
                          HPOS="508"
                          CONTENT="pitis"
                          SUBS_TYPE="HypPart2"
                          SUBS_CONTENT="capitis"/>
                  <SP HEIGHT="83" WIDTH="24" VPOS="2464" HPOS="720"/>
                  <String HEIGHT="83"
                          WIDTH="236"
                          VPOS="2464"
                          HPOS="650"
                          CONTENT="eorum,"/>
                  <SP HEIGHT="83" WIDTH="24" VPOS="2464" HPOS="885"/>
                  <String HEIGHT="83" WIDTH="141" VPOS="2464" HPOS="815" CONTENT="vt"/>
                  <SP HEIGHT="83" WIDTH="24" VPOS="2464" HPOS="956"/>
                  <String HEIGHT="83"
                          WIDTH="283"
                          VPOS="2464"
                          HPOS="885"
                          CONTENT="ostensum"/>
                  <SP HEIGHT="83" WIDTH="24" VPOS="2464" HPOS="1168"/>
                  <String HEIGHT="83"
                          WIDTH="165"
                          VPOS="2464"
                          HPOS="1097"
                          CONTENT="est"/>
                  <SP HEIGHT="83" WIDTH="24" VPOS="2464" HPOS="1262"/>
                  <String HEIGHT="83"
                          WIDTH="212"
                          VPOS="2464"
                          HPOS="1192"
                          CONTENT="supra"/>
                  <SP HEIGHT="83" WIDTH="24" VPOS="2464" HPOS="1404"/>
                  <String HEIGHT="83"
                          WIDTH="188"
                          VPOS="2464"
                          HPOS="1333"
                          CONTENT="ead."/>
                  <SP HEIGHT="83" WIDTH="24" VPOS="2464" HPOS="1521"/>
                  <String HEIGHT="83"
                          WIDTH="212"
                          VPOS="2464"
                          HPOS="1451"
                          CONTENT="dist."/>
                  <SP HEIGHT="83" WIDTH="24" VPOS="2464" HPOS="1663"/>
                  <String HEIGHT="83"
                          WIDTH="141"
                          VPOS="2464"
                          HPOS="1592"
                          CONTENT="in"/>
                  <SP HEIGHT="83" WIDTH="24" VPOS="2464" HPOS="1733"/>
                  <String HEIGHT="83"
                          WIDTH="377"
                          VPOS="2464"
                          HPOS="1639"
                          CONTENT="principioQQuod"/>
               </TextLine>
               <TextLine ID="r1l48"
                         BASELINE="539,2579 611,2579 684,2580 757,2580 830,2580 902,2580 975,2580 1048,2582 1121,2582 1193,2582 1266,2582 1339,2582 1412,2582 1484,2582 1557,2582 1630,2583 1703,2583 1775,2583 1848,2583 1921,2583 1994,2583"
                         HEIGHT="61"
                         WIDTH="1475"
                         VPOS="2529"
                         HPOS="529">
                  <String HEIGHT="61"
                          WIDTH="221"
                          VPOS="2529"
                          HPOS="504"
                          CONTENT="autem"/>
                  <SP HEIGHT="61" WIDTH="25" VPOS="2529" HPOS="726"/>
                  <String HEIGHT="61"
                          WIDTH="320"
                          VPOS="2529"
                          HPOS="652"
                          CONTENT="Principes"/>
                  <SP HEIGHT="61" WIDTH="25" VPOS="2529" HPOS="971"/>
                  <String HEIGHT="61" WIDTH="123" VPOS="2529" HPOS="898" CONTENT="&amp;"/>
                  <SP HEIGHT="61" WIDTH="25" VPOS="2529" HPOS="1021"/>
                  <String HEIGHT="61"
                          WIDTH="295"
                          VPOS="2529"
                          HPOS="947"
                          CONTENT="Potentes"/>
                  <SP HEIGHT="61" WIDTH="25" VPOS="2529" HPOS="1242"/>
                  <String HEIGHT="61"
                          WIDTH="172"
                          VPOS="2529"
                          HPOS="1168"
                          CONTENT="ita"/>
                  <SP HEIGHT="61" WIDTH="25" VPOS="2529" HPOS="1340"/>
                  <String HEIGHT="61"
                          WIDTH="270"
                          VPOS="2529"
                          HPOS="1267"
                          CONTENT="seducti"/>
                  <SP HEIGHT="61" WIDTH="25" VPOS="2529" HPOS="1537"/>
                  <String HEIGHT="61"
                          WIDTH="221"
                          VPOS="2529"
                          HPOS="1463"
                          CONTENT="sint,"/>
                  <SP HEIGHT="61" WIDTH="25" VPOS="2529" HPOS="1684"/>
                  <String HEIGHT="61"
                          WIDTH="295"
                          VPOS="2529"
                          HPOS="1611"
                          CONTENT="quodleos"/>
                  <SP HEIGHT="61" WIDTH="25" VPOS="2529" HPOS="1906"/>
                  <String HEIGHT="61"
                          WIDTH="148"
                          VPOS="2529"
                          HPOS="1832"
                          CONTENT="ad"/>
                  <SP HEIGHT="61" WIDTH="25" VPOS="2529" HPOS="1979"/>
                  <String HEIGHT="61"
                          WIDTH="123"
                          VPOS="2529"
                          HPOS="1881"
                          CONTENT="vo¬"
                          SUBS_TYPE="HypPart1"
                          SUBS_CONTENT="voluntatem"/>
                  <HYP CONTENT="-"/>
               </TextLine>
               <TextLine ID="r1l49"
                         BASELINE="543,2646 620,2646 698,2647 776,2648 854,2648 932,2648 1010,2648 1087,2649 1165,2649 1243,2649 1321,2649 1399,2649 1477,2651 1554,2651 1632,2651 1710,2651 1788,2651 1866,2651 1944,2651 2022,2651"
                         HEIGHT="66"
                         WIDTH="1498"
                         VPOS="2594"
                         HPOS="533">
                  <String HEIGHT="66"
                          WIDTH="310"
                          VPOS="2594"
                          HPOS="507"
                          CONTENT="luntatem"
                          SUBS_TYPE="HypPart2"
                          SUBS_CONTENT="voluntatem"/>
                  <SP HEIGHT="66" WIDTH="26" VPOS="2594" HPOS="817"/>
                  <String HEIGHT="66"
                          WIDTH="207"
                          VPOS="2594"
                          HPOS="740"
                          CONTENT="suam"/>
                  <SP HEIGHT="66" WIDTH="26" VPOS="2594" HPOS="946"/>
                  <String HEIGHT="66"
                          WIDTH="310"
                          VPOS="2594"
                          HPOS="869"
                          CONTENT="promptos"/>
                  <SP HEIGHT="66" WIDTH="26" VPOS="2594" HPOS="1179"/>
                  <String HEIGHT="66" WIDTH="129" VPOS="2594" HPOS="1101" CONTENT="&amp;"/>
                  <SP HEIGHT="66" WIDTH="26" VPOS="2594" HPOS="1230"/>
                  <String HEIGHT="66"
                          WIDTH="284"
                          VPOS="2594"
                          HPOS="1153"
                          CONTENT="paratos"/>
                  <SP HEIGHT="66" WIDTH="26" VPOS="2594" HPOS="1437"/>
                  <String HEIGHT="66"
                          WIDTH="310"
                          VPOS="2594"
                          HPOS="1359"
                          CONTENT="habeant,"/>
                  <SP HEIGHT="66" WIDTH="26" VPOS="2594" HPOS="1669"/>
                  <String HEIGHT="66"
                          WIDTH="232"
                          VPOS="2594"
                          HPOS="1592"
                          CONTENT="patet"/>
                  <SP HEIGHT="66" WIDTH="26" VPOS="2594" HPOS="1824"/>
                  <String HEIGHT="66"
                          WIDTH="181"
                          VPOS="2594"
                          HPOS="1747"
                          CONTENT="per"/>
                  <SP HEIGHT="66" WIDTH="26" VPOS="2594" HPOS="1928"/>
                  <String HEIGHT="66"
                          WIDTH="207"
                          VPOS="2594"
                          HPOS="1824"
                          CONTENT="illud;"/>
               </TextLine>
               <TextLine ID="r1l50"
                         BASELINE="542,2712 616,2714 691,2715 766,2717 840,2717 915,2718 990,2720 1064,2720 1139,2720 1214,2720 1289,2721 1363,2721 1438,2721 1513,2721 1587,2721 1662,2721 1737,2720 1811,2720 1886,2720 1961,2720 2036,2720"
                         HEIGHT="59"
                         WIDTH="1514"
                         VPOS="2671"
                         HPOS="532">
                  <String HEIGHT="59"
                          WIDTH="220"
                          VPOS="2671"
                          HPOS="508"
                          CONTENT="Apoc."/>
                  <SP HEIGHT="59" WIDTH="24" VPOS="2671" HPOS="727"/>
                  <String HEIGHT="59"
                          WIDTH="171"
                          VPOS="2671"
                          HPOS="654"
                          CONTENT="13."/>
                  <SP HEIGHT="59" WIDTH="24" VPOS="2671" HPOS="825"/>
                  <String HEIGHT="59"
                          WIDTH="195"
                          VPOS="2671"
                          HPOS="752"
                          CONTENT="Vide"/>
                  <SP HEIGHT="59" WIDTH="24" VPOS="2671" HPOS="947"/>
                  <String HEIGHT="59" WIDTH="147" VPOS="2671" HPOS="874" CONTENT="de"/>
                  <SP HEIGHT="59" WIDTH="24" VPOS="2671" HPOS="1020"/>
                  <String HEIGHT="59"
                          WIDTH="220"
                          VPOS="2671"
                          HPOS="947"
                          CONTENT="mari,"/>
                  <SP HEIGHT="59" WIDTH="24" VPOS="2671" HPOS="1167"/>
                  <String HEIGHT="59"
                          WIDTH="220"
                          VPOS="2671"
                          HPOS="1094"
                          CONTENT="Glos."/>
                  <SP HEIGHT="59" WIDTH="24" VPOS="2671" HPOS="1313"/>
                  <String HEIGHT="59"
                          WIDTH="147"
                          VPOS="2671"
                          HPOS="1240"
                          CONTENT="id"/>
                  <SP HEIGHT="59" WIDTH="24" VPOS="2671" HPOS="1387"/>
                  <String HEIGHT="59"
                          WIDTH="171"
                          VPOS="2671"
                          HPOS="1313"
                          CONTENT="est"/>
                  <SP HEIGHT="59" WIDTH="24" VPOS="2671" HPOS="1484"/>
                  <String HEIGHT="59"
                          WIDTH="147"
                          VPOS="2671"
                          HPOS="1411"
                          CONTENT="de"/>
                  <SP HEIGHT="59" WIDTH="24" VPOS="2671" HPOS="1558"/>
                  <String HEIGHT="59"
                          WIDTH="366"
                          VPOS="2671"
                          HPOS="1484"
                          CONTENT="collectiono"/>
                  <SP HEIGHT="59" WIDTH="24" VPOS="2671" HPOS="1851"/>
                  <String HEIGHT="59"
                          WIDTH="317"
                          VPOS="2671"
                          HPOS="1777"
                          CONTENT="malorum,¬"/>
                  <SP HEIGHT="59" WIDTH="24" VPOS="2671" HPOS="2095"/>
                  <String HEIGHT="59" WIDTH="49" VPOS="2671" HPOS="1997" CONTENT=""/>
               </TextLine>
            </TextBlock>
         </PrintSpace>
      </Page>
   </Layout>
</alto>
