2592 3508
500 142 308 94 poralium,
738 142 190 94 quae
856 142 119 94 a
904 142 261 94 Christi
1093 142 308 94 fidelibus
1331 142 261 94 subtili
1520 142 285 94 ingenio,
1734 142 166 94 sub
1805 142 190 94 specie

498 219 296 81 pietatis
720 219 370 81 extorquent,
1016 219 296 81 appellet
1237 219 172 81 eos
1336 219 246 81 ibidem
1508 219 222 81 lupos
1656 219 271 81 rapaces
1829 219 172 81 ouina

493 282 205 74 pelle
630 282 296 74 vestitos,
858 282 137 74 vt
926 282 274 74 ostensum
1132 282 160 74 est
1223 282 205 74 supra
1360 282 182 74 ead.
1474 282 205 74 dist.
1610 282 137 74 §.
1679 282 205 74 Inter
1816 282 228 74 istos;

487 352 207 77 item
617 352 285 77 propter
824 352 466 77 fraudulentiam,
1212 352 129 77 &
1263 352 311 77 subtilem
1496 352 414 77 vsurpationem
1807 352 181 77 regi¬-

494 411 207 64 minis
632 411 138 64 in
701 411 276 64 subditis
908 411 276 64 alienis,
1115 411 276 64 appellet
1321 411 161 64 eos
1413 411 207 64 tures
1551 411 115 64 &
1597 411 299 64 Latrones.
1827 411 207 64 Ioan.

499 482 164 74 1o,
592 482 140 74 vt
662 482 281 74 ostensum
873 482 164 74 est
967 482 211 74 supra
1107 482 187 74 ead.
1224 482 211 74 dist.
1365 482 140 74 5.
1435 482 258 74 Pastori
1622 482 234 74 autem;
1786 482 258 74 Restat,

499 545 179 59 quod
611 545 179 59 illi
722 545 157 59 non
812 545 201 59 solum
946 545 201 59 aliis
1080 545 313 59 periculosi
1327 545 201 59 sunt,
1461 545 157 59 sed
1550 545 201 59 etiam
1685 545 179 59 ipsi
1797 545 134 59 in
1841 545 157 59 peri¬-

492 610 240 65 culis
652 610 267 65 maxime
839 610 400 65 damnandorum
1159 610 347 65 existunt.
1425 610 187 65 Qui
1532 610 240 65 autem
1665 610 320 65 praedictis

499 675 372 96 periculis,
791 675 186 96 tam
898 675 398 96 Seductorum,
1216 675 212 96 quam
1349 675 425 96 Seducentium,
1694 675 186 96 non
1774 675 212 96 terrem

503 738 192 58 tur,
623 738 216 58 durum
767 738 168 58 cor
863 738 240 58 habere
1031 738 312 58 videntur;
1271 738 168 58 Cum
1367 738 216 58 durum
1511 738 168 58 sit
1607 738 192 58 cor,
1727 738 192 58 quod
1823 738 168 58 impa¬-

486 812 204 64 uidum
622 812 159 64 est
713 812 136 64 ad
781 812 295 64 pericula,
1008 812 136 64 vt
1076 812 204 64 dicit
1212 812 295 64 Bernardus
1438 812 136 64 De
1506 812 408 64 consideratione
1846 812 181 64 lib.

492 872 140 65 I.
562 872 209 65 cirea
701 872 349 65 principium.
980 872 140 65 Et
1050 872 186 65 ideo
1167 872 279 65 timendum
1376 872 163 65 est
1469 872 209 65 illis
1609 872 209 65 illud
1748 872 279 65 Prouerb.

494 939 168 63 2§.
590 939 241 63 Beatus
759 939 217 63 homo,
903 939 168 63 qui
999 939 241 63 semter
1168 939 168 63 est
1264 939 289 63 pauidus;
1481 939 168 63 qui
1577 939 217 63 autem
1721 939 241 63 mentis
1866 939 120 63 est

1079 982 68 47 s¬e¬-

490 996 209 89 durae
629 996 256 89 corruet
815 996 139 89 in
885 996 232 89 malum.
1047 996 279 89 Timendum
1257 996 163 89 est
1350 996 209 89 etiam
1489 996 186 89 eis,
1605 996 139 89 ne
1675 996 139 89 in
1745 996 209 89 illis
1861 996 116 89 pe¬-

487 1057 288 74 riculis
696 1057 341 74 finaliter
958 1057 341 74 pereuntes
1220 1057 157 74 in
1299 1057 341 74 nouissimo
1561 1057 314 74 aeternam
1770 1057 210 74 damna¬-

487 1134 238 71 tionem
654 1134 334 71 incurrant,
916 1134 214 71 iuxta
1059 1134 214 71 illud
1202 1134 238 71 Eccles
1369 1134 143 71 3.
1440 1134 167 71 Cor
1535 1134 214 71 durum
1678 1134 191 71 male
1774 1134 214 71 habebit

485 1208 150 68 in
560 1208 349 68 nouissimo.
834 1208 150 68 De
909 1208 249 68 Pseudo
1084 1208 274 68 igitur,
1283 1208 125 68 &
1333 1208 424 68 Penetrantibus
1683 1208 249 68 domos,
1832 1208 150 68 haec

492 1250 125 83 ad
555 1250 251 83 praesens
743 1250 313 83 sufficiant.

901 1323 303 81 Explicit
1128 1323 228 81 prima
1255 1323 303 81 distinctia
