2592 3508
494 110 193 101 post
615 110 314 101 tractatum
856 110 145 101 De
929 110 652 101 Pseudo-Praedicatoribus,
1508 110 121 101 &
1556 110 411 101 Penetrantibus
1870 110 121 101 do¬-

499 219 210 63 mos,
630 219 419 63 consequenter
970 219 157 63 De
1049 219 288 63 otiosis
1259 219 131 63 &
1311 219 341 63 curiosis,
1573 219 131 63 &
1625 219 367 63 Gyrouagis,
1887 219 105 63 ad

495 267 424 82 instructionem
844 267 249 82 eorum,
1018 267 174 82 qui
1118 267 349 82 Scripturas
1392 267 324 82 ignorant,
1641 267 224 82 iuxta
1766 267 224 82 doctri¬-

494 338 176 65 nam
594 338 477 65 Apostolialiquid
996 338 176 65 est
1096 338 326 65 dicendum.

553 410 138 65 §.
622 410 184 65 Sunt
737 410 230 65 igitur
898 410 253 65 otiosi,
1082 410 161 65 qui
1174 410 161 65 cum
1266 410 253 65 egeant,
1451 410 115 65 &
1497 410 253 65 operari
1681 410 253 65 possint
1842 410 138 65 cor¬-

502 483 319 74 poraliter
748 483 196 74 vnde
870 483 270 74 viuant,
1067 483 123 74 &
1116 483 147 74 ab
1189 483 294 74 operando
1410 483 392 74 corporaliter
1704 483 270 74 legitimam

497 531 409 65 excusationem
830 531 179 65 non
932 531 307 65 habeant,
1162 531 307 65 volentes
1391 531 230 65 tamen
1545 531 204 65 sine
1672 531 255 65 labore
1826 531 153 65 cor¬-

507 611 211 74 poris
647 611 258 74 suauius
835 611 258 74 viuere,
1023 611 117 74 &
1070 611 211 74 otium
1211 611 258 74 fouere,
1399 611 258 74 operari
1587 611 376 74 corporaliter
1869 611 117 74 no¬-

506 672 212 70 lunt;
648 672 165 70 sed
742 672 141 70 ad
812 672 188 70 suas
930 672 400 70 necessitates,
1260 672 165 70 vel
1354 672 212 70 etiam
1495 672 353 70 voluptates,
1777 672 235 70 semper
1918 672 71 70 &

507 746 292 57 continue
726 746 170 57 res
823 746 268 57 alienas
1018 746 365 57 desiderant;
1310 746 122 57 &
1359 746 195 57 quod
1481 746 219 57 peius
1627 746 195 57 est,
1724 746 268 57 importune

503 811 244 63 petunt
673 811 122 63 &
722 811 268 63 rogant,
917 811 244 63 contra
1087 811 341 63 praeceptum
1355 811 292 63 Apostoli
1574 811 146 63 I.
1647 811 244 63 Thess.
1818 811 146 63 4.
1866 811 122 63 di¬-

496 875 252 74 centis.
680 875 252 74 Rogamus
863 875 184 74 vos,
978 875 252 74 fratres
1162 875 138 74 vt
1231 875 298 74 operemini
1460 875 252 74 manibus
1644 875 275 74 vestris,
1827 875 161 74 sicut

496 938 337 74 praecipimus
765 938 225 74 vobis,
923 938 135 74 vt
990 938 247 74 honeste
1170 938 292 74 ambuletis
1395 938 135 74 ad
1462 938 180 74 eos,
1574 938 157 74 qui
1664 938 202 74 foris
1799 938 202 74 sunt,
1912 938 67 74 &

496 1003 234 57 nullius
666 1003 234 57 aliquid
835 1003 340 57 desideretis.
1111 1003 191 57 Glos.
1239 1003 191 57 Quasi
1366 1003 255 57 diceret.
1557 1003 170 57 Ideo
1664 1003 170 57 opus
1770 1003 149 57 est
1833 1003 149 57 agen¬-

494 1069 177 87 dum,
605 1069 155 87 non
693 1069 288 87 otiandum;
914 1069 177 87 quia
1025 1069 111 87 &
1069 1069 266 87 honestum
1269 1069 177 87 est,
1379 1069 111 87 &
1424 1069 199 87 quasi
1556 1069 155 87 lux
1645 1069 133 87 ad
1711 1069 310 87 infideles;

489 1145 115 75 &
535 1145 161 75 non
627 1145 390 75 desiderabitis
948 1145 161 75 rem
1040 1145 299 75 alterius,
1270 1145 207 75 nedum
1408 1145 253 75 rogetis
1592 1145 161 75 vel
1683 1145 276 75 tollatis
1867 1145 138 75 alie

478 1202 222 73 quid.
626 1202 198 73 Nota
750 1202 198 73 quod
874 1202 222 73 dicit
1022 1202 222 73 Glos.
1170 1202 222 73 Nedum
1318 1202 296 73 rogetis,
1540 1202 173 73 vel
1639 1202 296 73 tollatis
1837 1202 148 73 ali¬-

483 1279 222 68 quid;
631 1279 173 68 per
730 1279 173 68 hoc
829 1279 197 68 enim
952 1279 197 68 quod
1075 1279 247 68 dicit,
1248 1279 247 68 nedum,
1421 1279 271 68 innuit,
1618 1279 197 68 quod
1741 1279 222 68 peius
1865 1279 123 68 est

479 1340 261 72 rogare,
669 1340 166 72 vel
764 1340 261 72 tollere
954 1340 166 72 rem
1049 1340 308 72 alterius,
1286 1340 190 72 quam
1405 1340 356 72 desiderare.
1689 1340 142 72 Si
1760 1340 190 72 ergo
1855 1340 119 72 se¬-

481 1408 283 59 cundum
679 1408 397 59 praeceptum
991 1408 340 59 Apostoli
1246 1408 368 59 operandum
1529 1408 198 59 est
1642 1408 340 59 manibus,
1869 1408 113 59 vt

478 1474 269 66 nullius
673 1474 171 66 res
771 1474 392 66 desideretur;
1090 1474 220 66 multo
1237 1474 220 66 magis
1383 1474 318 66 operandum
1628 1474 171 66 est
1726 1474 294 66 manibus,

484 1538 147 48 vt
557 1538 269 48 nullius
752 1538 171 48 res
850 1538 293 48 rogetur,
1070 1538 171 48 vel
1167 1538 171 48 per
1265 1538 464 48 importunitatem,
1656 1538 171 48 aut
1753 1538 171 48 per
1827 1538 147 48 vio¬-

479 1587 281 89 lentiam
684 1587 332 89 tollatur.
939 1587 204 89 Item
1067 1587 153 89 2.
1144 1587 255 89 Thess.
1322 1587 153 89 3.
1399 1587 230 89 dicit
1552 1587 204 89 idem
1654 1587 307 89 Apostolus.

482 1665 157 59 Qui
571 1665 157 59 non
661 1665 179 59 vult
773 1665 269 59 operari,
975 1665 157 59 non
1064 1665 291 59 manducet.
1289 1665 202 59 Glos.
1423 1665 224 59 Quidam
1580 1665 224 59 dicunt
1737 1665 134 59 de
1782 1665 179 59 operi¬-

479 1723 145 64 bus
562 1723 351 64 Spiritualibus
851 1723 145 64 hoc
934 1723 269 64 Apostolum
1141 1723 331 64 praecepisse;
1409 1723 269 64 alioquin,
1616 1723 124 64 si
1678 1723 124 64 de
1740 1723 186 64 opere
1843 1723 124 64 cor¬-

473 1794 226 74 porali,
638 1794 123 74 in
700 1794 144 74 quo
782 1794 288 74 Agricolae,
1008 1794 144 74 vel
1090 1794 247 74 Opifices
1275 1794 247 74 laborant
1460 1794 144 74 hoc
1542 1794 288 74 diceretur,
1748 1794 226 74 videretur

482 1855 250 69 sentire
664 1855 227 69 contra
823 1855 273 69 Dominum,
1028 1855 159 69 qui
1118 1855 136 69 in
1187 1855 295 69 Evangelio
1414 1855 227 69 dicit,
1573 1855 227 69 NOLITE
1732 1855 273 69 SOLLICI¬

476 1930 271 76 TIESSE,
673 1930 467 76 AuIDMANDVCETIS,
1067 1930 172 76 &c.
1165 1930 172 76 Sed
1264 1930 320 76 superflue
1510 1930 320 76 conantur,
1756 1930 123 76 &
1805 1930 221 76 sibi,

473 1994 107 58 &
515 1994 236 58 cateris
687 1994 279 58 caliginem
902 1994 279 58 obducere,
1116 1994 129 58 vt
1180 1994 172 58 quod
1288 1994 257 58 vtiliter
1481 1994 172 58 illa
1588 1994 257 58 charitas
1760 1994 214 58 Apostoli

471 2031 205 86 monet
608 2031 160 86 non
699 2031 205 86 solum
836 2031 228 86 facere
996 2031 251 86 nolint,
1178 2031 160 86 sed
1270 2031 160 86 nec
1361 2031 365 86 intelligere;
1658 2031 160 86 cum
1749 2031 137 86 in
1794 2031 183 86 multis

472 2126 192 77 aliis
600 2126 192 77 Iocis
728 2126 320 77 epistolarum
984 2126 235 77 suarum,
1154 2126 171 77 quid
1261 2126 149 77 hic
1346 2126 235 77 sentiat
1517 2126 299 77 Apostolus,
1730 2126 235 77 manifeste

463 2186 251 65 doceat;
646 2186 183 65 vult
760 2186 183 65 enim
874 2186 228 65 seruos
1034 2186 160 65 Dei
1126 2186 366 65 corporaliter
1423 2186 251 65 operari
1605 2186 183 65 vnde
1720 2186 251 65 viuant,
1880 2186 91 65 vt

468 2250 162 64 non
560 2250 370 64 compellantur
861 2250 278 64 egestate
1069 2250 324 64 necessaria
1324 2250 254 64 petere;
1509 2250 185 64 quod
1624 2250 162 64 est
1694 2250 278 64 vulgariter

463 2315 352 66 mendicare;
740 2315 176 66 nam
840 2315 302 66 secundum
1067 2315 302 66 Isidorum
1293 2315 151 66 in
1369 2315 201 66 lib.
1495 2315 176 66 10.
1595 2315 327 66 Etymolog.
1822 2315 151 66 Men¬-

471 2386 207 57 dicus
609 2386 230 57 dictus
770 2386 184 57 est,
885 2386 207 57 quasi
1023 2386 207 57 minus
1161 2386 253 57 habens,
1344 2386 184 57 vnde
1459 2386 207 57 vitam
1597 2386 230 57 degat;
1758 2386 161 57 vel
1827 2386 138 57 qua¬-

471 2432 138 90 si
540 2432 185 90 manu
655 2432 231 90 dicens
817 2432 185 90 suam
932 2432 392 90 necessitatem;
1255 2432 185 90 quia
1370 2432 161 90 mos
1463 2432 185 90 erat
1578 2432 185 90 apud
1693 2432 277 90 antiquos
1878 2432 92 90 os

466 2518 314 61 claudere
702 2518 288 61 egenum,
911 2518 131 61 &
964 2518 236 61 manum
1121 2518 367 61 extendere,
1409 2518 236 61 quasi
1566 2518 210 61 manu
1671 2518 288 61 egestatem

452 2586 194 74 suam
573 2586 267 74 dicere;
767 2586 194 74 vnde
888 2586 291 74 mendicus
1107 2586 146 74 is
1180 2586 194 74 est,
1301 2586 170 74 qui
1398 2586 194 74 manu
1519 2586 218 74 quasi
1665 2586 194 74 voce
1762 2586 194 74 victum

460 2651 296 73 quaerit.
682 2651 296 73 Secundum
904 2651 173 73 hoc
1003 2651 247 73 igitur
1176 2651 321 73 mendicare
1422 2651 222 73 nihil
1570 2651 222 73 aliud
1718 2651 197 73 est,
1817 2651 148 73 quam
