2592 3508
508 174 162 115 eo
589 174 216 115 quod
724 174 189 115 non
833 174 271 115 habeat
1022 174 216 115 quis
1157 174 216 115 vnde
1293 174 243 115 vitam
1455 174 271 115 degat,
1644 174 216 115 masu
1780 174 189 115 vel
1861 174 162 115 voce

524 259 322 110 egestatem
772 259 198 110 suam
895 259 272 110 dicere,
1093 259 272 110 petendo
1291 259 297 110 scilicet
1514 259 173 110 tem
1613 259 272 110 alienam
1811 259 148 110 ad
1861 259 148 110 supi

510 332 273 94 plendum
708 332 322 94 egestatem
956 332 223 94 suam;
1105 332 198 94 vnde
1229 332 248 94 Papias
1402 332 322 94 Mendicare
1650 332 248 94 ditunt
1824 332 248 94 egere;

525 396 116 89 &
571 396 139 89 ab
641 396 209 89 aliis
780 396 324 89 necessaria
1035 396 301 89 quaerere.
1266 396 232 89 Igitur
1429 396 278 89 secundum
1637 396 255 89 Glossam
1799 396 209 89 praedi¬-

521 439 243 134 ctam,
683 439 379 134 praeceptum
981 439 325 134 Apostoli
1224 439 406 134 supradictum
1549 439 298 134 neminem
1738 439 298 134 compellit

506 524 263 89 operari
698 524 383 89 corporaliter
1009 524 191 89 vnde
1128 524 239 89 viuat,
1296 524 191 89 nisi
1416 524 215 89 illum
1559 524 168 89 qui
1655 524 287 89 egestate
1846 524 168 89 cogi¬-

506 592 165 95 tur
601 592 165 95 res
695 592 260 95 alienas
884 592 142 95 ad
955 592 189 95 suam
1073 592 378 95 necessitatem
1380 592 354 95 desiderare,
1663 592 165 95 vel
1734 592 283 95 necessaria

502 661 274 86 petere,
701 661 199 86 quod
825 661 224 86 nihil
975 661 224 86 aliud
1124 661 199 86 est,
1248 661 199 86 quam
1372 661 348 86 mendicare.
1646 661 174 86 Cum
1745 661 249 86 igitur
1895 661 124 86 se¬-

520 718 246 107 cundum
692 718 319 107 doctrinam
938 718 295 107 Apostoli
1159 718 172 107 non
1257 718 246 107 liceat
1429 718 221 107 illi,
1576 718 172 107 qui
1674 718 246 107 potest
1822 718 196 107 corpo¬-

522 785 257 106 raliter
709 785 281 106 operari,
919 785 281 106 egestate
1130 785 304 106 compulsum
1364 785 328 106 necessaria
1621 785 257 106 petere,
1808 785 140 106 vt
1855 785 164 106 dicit

517 840 213 140 Glos.
659 840 331 140 praedicta,
919 840 189 140 nisi
1038 840 284 140 legitime
1250 840 331 140 excusetur;
1510 840 331 140 consequens
1771 840 189 140 est,
1865 840 142 140 quod

520 907 139 112 ei
589 907 162 112 non
682 907 231 112 liceat
844 907 324 112 mendicare,
1098 907 185 112 nisi
1214 907 278 112 legitime
1422 907 324 112 excusetur.

578 975 140 90 §.
648 975 164 90 Sed
741 975 211 90 forte
882 975 211 90 dicet
1022 975 351 90 Otiositatis
1303 975 304 90 Defensor,
1537 975 187 90 quod
1654 975 211 90 illi,
1794 975 164 90 qui
1865 975 140 90 pro¬-

521 1050 210 120 pter
652 1050 315 120 Christum
888 1050 236 120 omnia
1045 1050 419 120 reliquerunt,
1386 1050 236 120 licet
1543 1050 262 120 egeant
1700 1050 315 120 quandoques

512 1115 173 97 non
611 1115 223 97 tamen
760 1115 297 97 egestate
983 1115 297 97 coguntur
1205 1115 347 97 necessaria
1478 1115 272 97 petere,
1676 1115 198 97 sesi
1775 1115 248 97 mendica¬-

498 1186 176 107 re,
599 1186 176 107 sed
699 1186 353 107 voluntarie
976 1186 277 107 petunt,
1178 1186 201 107 quia
1304 1186 201 107 sunt
1430 1186 302 107 pauperes
1656 1186 378 107 voluntarii,
1933 1186 76 107 &

504 1245 312 110 mendicare
744 1245 240 110 placet
912 1245 168 110 eis
1008 1245 216 110 causa
1152 1245 384 110 humilitatis;
1463 1245 240 110 maxime
1631 1245 216 110 illi,
1775 1245 168 110 qui
1847 1245 168 110 vitam

510 1298 414 115 Praedicatorum
850 1298 292 115 eligunt,
1070 1298 146 115 vt
1143 1298 170 115 sic
1240 1298 146 115 se
1313 1298 365 115 humiliando,
1605 1298 219 115 magis
1727 1298 292 115 proficiant

482 1367 368 77 praedicando.

571 1433 141 122 §.
642 1433 141 122 Ad
713 1433 189 122 quod
831 1433 283 122 dicendum
1043 1433 189 122 est,
1161 1433 189 122 quod
1278 1433 212 122 licet
1420 1433 189 122 illi
1538 1433 306 122 pauperes,
1773 1433 165 122 qui
1844 1433 165 122 reli¬-

496 1516 283 123 querunt
702 1516 232 123 omnia
857 1516 309 123 propter.
1089 1516 335 123 Christum,
1346 1516 206 123 sint
1475 1516 309 123 pauperes
1681 1516 335 123 voluntariis

502 1575 221 122 tamen
650 1575 295 122 postquam
871 1575 295 122 pauperes
1091 1575 221 122 facti
1239 1575 221 122 sunt,
1386 1575 196 122 adeo
1509 1575 368 122 naturaliter
1779 1575 196 122 pariun

510 1641 173 114 tur
609 1641 222 114 famem
757 1641 123 114 &
806 1641 271 114 frigus,
1004 1641 123 114 &
1053 1641 296 114 penuriam
1275 1641 247 114 habent
1448 1641 197 114 cibi
1571 1641 123 114 &
1621 1641 345 114 tegumenti,
1868 1641 123 114 si¬-

489 1719 175 88 cut
589 1719 299 88 pauperes
813 1719 424 88 inuoluntarii,
1162 1719 150 88 vt
1237 1719 224 88 patet
1387 1719 150 88 in
1461 1719 224 88 Paulo
1611 1719 274 88 dicente
1811 1719 150 88 a.
1860 1719 150 88 Gure

488 1784 154 85 I.
565 1784 154 85 In
643 1784 206 85 same
771 1784 129 85 &
823 1784 232 85 siti,
977 1784 154 85 in
1054 1784 283 85 frigore
1260 1784 129 85 &
1311 1784 334 85 nuditate,
1569 1784 283 85 supple;
1774 1784 206 85 sepe
1877 1784 129 85 sue

505 1822 212 115 Vnde,
647 1822 212 115 licet
788 1822 188 115 sint
905 1822 282 115 pauperes
1117 1822 353 115 voluntarii,
1399 1822 212 115 tamen
1541 1822 141 115 si
1611 1822 165 115 non
1705 1822 235 115 habent
1846 1822 165 115 ali¬;

506 1905 167 115 ter
602 1905 191 115 vnde
721 1905 263 115 viuant,
912 1905 287 115 egestate
1127 1905 287 115 coguntur
1342 1905 334 115 necessaria
1605 1905 263 115 perere,
1772 1905 215 115 seumen¬-

487 1976 263 110 dicare
671 1976 132 110 ;
724 1976 316 110 alioquin
960 1976 368 110 mendicando
1250 1976 316 110 mendaces
1487 1976 289 110 essent,
1697 1976 132 110 &
1750 1976 158 110 de
1802 1976 211 110 menda¬-

484 2042 173 109 cio
583 2042 321 109 viuerent;
830 2042 173 109 cum
929 2042 321 109 mendicare
1176 2042 173 109 sit
1275 2042 321 109 egestatem
1523 2042 198 109 suam
1646 2042 247 109 nifinu
1819 2042 173 109 vel
1893 2042 124 109 vee

492 2106 145 105 ce
564 2106 265 105 dicere,
757 2106 145 105 vt
830 2106 290 105 ostensum
1047 2106 169 105 est
1143 2106 217 105 paulo
1288 2106 217 105 ante;
1433 2106 193 105 ille
1554 2106 241 105 autem,
1722 2106 169 105 qui
1795 2106 217 105 egesta¬-

481 2170 178 98 tem
582 2170 178 98 non
684 2170 254 98 habet,
862 2170 153 98 si
938 2170 203 98 manu
1065 2170 178 98 vel
1167 2170 203 98 voce
1294 2170 153 98 se
1370 2170 229 98 dicat
1523 2170 254 98 egere,
1701 2170 331 98 mentitur;
1930 2170 76 98 &

480 2233 154 104 si
557 2233 154 104 de
635 2233 180 104 hoc
738 2233 257 104 viuit,
918 2233 154 104 de
995 2233 309 104 mendacio
1226 2233 257 104 viuit.
1406 2233 257 104 Restat
1586 2233 232 104 ergo,
1741 2233 206 104 quod
1844 2233 154 104 qui¬-

483 2297 257 130 cumque
663 2297 206 130 sine
792 2297 309 130 mendacio
1024 2297 335 130 mendicat;
1281 2297 309 130 egestate
1513 2297 283 130 coactus
1719 2297 335 130 mendicat.

481 2356 154 120 Si
558 2356 205 120 ergo
686 2356 231 120 illi,
840 2356 179 120 qui
943 2356 282 120 propter
1148 2356 308 120 Christum
1379 2356 231 120 omnia
1533 2356 410 120 reliquerunt,
1840 2356 154 120 fine

490 2438 299 111 mendacio
714 2438 349 111 mendicant;
988 2438 274 111 restat,
1188 2438 199 111 quod
1312 2438 299 111 egestate
1537 2438 249 111 coacti
1686 2438 299 111 mendicant;

480 2490 241 116 igitur
649 2490 145 116 si
721 2490 265 116 possunt
914 2490 265 116 operari
1107 2490 386 116 corporaliter
1421 2490 193 116 vnde
1542 2490 265 116 viuant,
1735 2490 169 116 nec
1807 2490 193 116 opera¬-

488 2521 226 95 rii
617 2521 290 95 ee¬3.
810 2521 451 95 Aporaliter
1165 2521 258 95 vnde
1326 2521 322 95 viuant
1552 2521 161 95 ,
1616 2521 258 95 lnas
1745 2521 258 95 Auera¬-

484 2569 155 126 ri
562 2569 285 126 voiunt,
769 2569 181 126 sed
873 2569 259 126 potius
1054 2569 363 126 mendicant;
1339 2569 181 126 nec
1442 2569 155 126 ab
1520 2569 311 126 operando
1727 2569 259 126 legitime

481 2636 397 115 exculentur;
798 2636 291 115 restat,
1010 2636 212 115 quod
1143 2636 265 115 contra
1328 2636 344 115 doctrinam
1593 2636 344 115 Apostoli;
1831 2636 159 115 immo

478 2707 257 121 contra
658 2707 360 121 praeceptum
941 2707 206 121 eius
1070 2707 360 121 mendicant;
1353 2707 180 121 cum
1456 2707 206 121 ipse
1584 2707 334 121 Apostolus
1816 2707 180 121 prae¬
