2592 3508
514 139 265 97 ceperit
707 139 241 97 seruis
876 139 169 97 Dei
972 139 338 97 egentibus,
1237 139 121 97 &
1286 139 265 97 operari
1478 139 338 97 potentibus
1720 139 289 97 corporali¬-

517 210 176 105 ter
618 210 302 105 operari,
844 210 151 105 vt
920 210 176 105 non
1021 210 302 105 cogantur
1248 210 302 105 egestate
1475 210 529 105 necessariapetere,
1903 210 101 105 vt

522 291 276 81 ostensum
729 291 161 81 est
821 291 207 81 paulo
958 291 207 81 ante.

581 298 165 129 §.
663 298 219 129 Item
800 298 192 129 per
910 298 384 129 diuisionem
1211 298 274 129 potest
1404 298 247 129 argui
1568 298 192 129 hoc
1678 298 247 129 modo.
1815 298 192 129 Omnes

512 410 398 83 mendicantes,
835 410 174 83 aut
935 410 323 83 mendicant
1183 410 249 83 coacti
1358 410 298 83 egestate
1581 410 174 83 aut
1681 410 174 83 non
1755 410 249 83 egestate

512 465 267 93 coacti;
706 465 146 93 si
779 465 316 93 mendicant
1022 465 292 93 egestate
1241 465 267 93 coacti,
1435 465 170 93 dum
1532 465 219 93 tamen
1654 465 340 93 corporaliter

519 535 283 95 operari
725 535 308 95 valeant,
956 535 129 95 &
1008 535 154 95 ab
1085 535 308 95 operando
1316 535 334 95 legitimam
1573 535 411 95 excusationem
1881 535 129 95 non

503 601 300 91 habeant,
728 601 250 91 contra
903 601 350 91 praeceptum
1178 601 300 91 Apostoli
1403 601 350 91 mendicant,
1678 601 150 91 vt
1728 601 275 91 ostendsum

512 688 171 67 est
609 688 244 67 infra;
780 688 147 67 si
854 688 195 67 vero
976 688 171 67 non
1074 688 244 67 coacti
1245 688 293 67 egestate
1464 688 342 67 mendicant,
1709 688 293 67 mendaciter

518 756 357 72 mendicant,
798 756 178 72 cum
900 756 331 72 egestatem
1154 756 178 72 non
1256 756 306 72 habeant,
1486 756 153 72 vt
1562 756 306 72 ostensum
1791 756 178 72 est
1868 756 127 72 su¬-

509 802 189 106 pra;
627 802 118 106 &
674 802 165 106 sic
769 802 259 106 vtroque
957 802 189 106 modo
1075 802 283 106 peccant;
1288 802 212 106 patet
1429 802 259 106 igitur,
1618 802 189 106 quod
1736 802 212 106 nulli
1854 802 141 106 cor¬-

520 865 297 109 poraliter
748 865 251 109 operari
931 865 251 109 potenti
1114 865 251 109 licitum
1296 865 160 109 est
1388 865 320 109 mendicare,
1639 865 183 109 nisi
1753 865 114 109 a
1776 865 228 109 praecae¬-

521 930 170 113 pto
618 930 291 113 Apostoli
836 930 146 113 de
909 930 291 113 operando
1127 930 388 113 corporaliter
1443 930 267 113 propter
1637 930 243 113 victum
1783 930 218 113 legiti¬-

518 1019 140 74 me
588 1019 326 74 excusetur.

612 1057 147 107 §.
685 1057 147 107 Ad
758 1057 220 107 illud
905 1057 220 107 autem
1052 1057 196 107 quod
1175 1057 269 107 dicunt,
1370 1057 196 107 quod
1493 1057 318 107 mendicare
1738 1057 245 107 placet
1885 1057 122 107 eis

508 1131 223 90 causa
657 1131 396 90 humilitatis,
979 1131 297 90 dicendum
1202 1131 198 90 est;
1326 1131 198 90 quod
1450 1131 322 90 mendicare
1698 1131 273 90 nusquam
1871 1131 124 90 le¬-

519 1194 204 114 gitur
655 1194 182 114 esse
769 1194 182 114 opus
882 1194 363 114 humilitatis,
1177 1194 159 114 nec
1268 1194 204 114 etiam
1404 1194 182 114 opus
1518 1194 295 114 virtutis,
1744 1194 182 114 nisi
1835 1194 159 114 forte

520 1254 271 117 propter
717 1254 271 117 aliquid
914 1254 295 117 annexum,
1136 1254 148 117 vt
1209 1254 345 117 ostendetur
1480 1254 221 117 infra
1628 1254 197 117 ead.
1751 1254 221 117 dist.
1899 1254 148 117 §.

511 1330 204 90 Item,
647 1330 181 90 quod
760 1330 317 90 mendicare;
1010 1330 159 90 sed
1100 1330 226 90 illis,
1259 1330 226 90 quibus
1417 1330 249 90 licitum
1598 1330 159 90 est
1689 1330 317 90 mendicare,
1915 1330 91 90 si

510 1411 320 75 mendicent
756 1411 271 75 propter
953 1411 394 75 necessitatem
1273 1411 271 75 victus,
1470 1411 172 75 est
1568 1411 197 75 opus
1667 1411 344 75 prouidentiae

519 1464 324 93 naturalis,
773 1464 162 93 per
866 1464 185 93 quam
982 1464 347 93 vnusquisque
1259 1464 278 93 prouidet
1468 1464 208 93 sibi,
1607 1464 255 93 quantum
1792 1464 255 93 potest,

509 1526 311 93 necessaria
753 1526 200 93 vitae
887 1526 200 93 suae;
1020 1526 178 93 Homo
1131 1526 178 93 enim
1242 1526 111 93 a
1287 1526 222 93 natura
1442 1526 133 93 ad
1509 1526 311 93 charitatem
1754 1526 156 93 sui
1820 1526 178 93 compo¬-

521 1594 193 98 situs
649 1594 172 98 est,
757 1594 172 98 vnde
864 1594 172 98 illi
971 1594 193 98 summa
1100 1594 236 98 curaest
1272 1594 258 98 nocitura
1465 1594 258 98 vitandi,
1658 1594 279 98 profutura
1852 1594 150 98 appe¬-

504 1657 226 93 tendi,
663 1657 136 93 vt
731 1657 204 93 dicit
866 1657 226 93 Seneca
1025 1657 136 93 De
1093 1657 249 93 officio
1274 1657 181 93 lib.
1387 1657 136 93 5.
1455 1657 158 93 Non
1545 1657 158 93 est
1636 1657 226 93 igitur
1772 1657 226 93 mendica¬-

512 1722 140 98 re
582 1722 187 98 opus
698 1722 303 98 virtutis,
931 1722 163 98 sed
1025 1722 187 98 opus
1141 1722 373 98 prouidentiae
1444 1722 303 98 naturalis
1678 1722 210 98 etiam
1817 1722 233 98 illis,

519 1794 232 106 quibus
681 1794 255 106 licitum
867 1794 162 106 est
959 1794 325 106 mendicare;
1215 1794 209 106 sicut
1354 1794 116 106 &
1400 1794 255 106 operari
1586 1794 371 106 corporaliter
1864 1794 139 106 pro¬-

515 1848 170 112 pter
621 1848 213 112 victum
770 1848 298 112 quaerendum
1004 1848 149 112 est
1089 1848 170 112 opus
1195 1848 340 112 prouidentiae
1471 1848 128 112 vt
1535 1848 191 112 dicit
1663 1848 191 112 Glos.
1790 1848 191 112 super
1897 1848 106 112 il¬-

507 1921 156 96 lud
596 1921 178 96 Euc.
707 1921 156 96 12.
796 1921 201 96 Tlite
930 1921 290 96 solliciti
1153 1921 201 96 esse,
1287 1921 178 96 quid
1398 1921 334 96 manducetis.
1666 1921 201 96 Aliis
1799 1921 178 96 vero
1889 1921 111 96 est

512 1986 318 98 mendicare
756 1986 196 98 opus
879 1986 294 98 peccati,
1099 1986 147 98 vt
1172 1986 294 98 ostensum
1392 1986 171 98 est
1490 1986 220 98 paulo
1637 1986 220 98 ante,
1784 1986 122 98 &
1808 1986 196 98 osten¬-

512 2065 209 84 detur
651 2065 255 84 plenius
836 2065 209 84 infra
976 2065 186 84 ead.
1092 2065 209 84 dist.
1231 2065 139 84 §.
1300 2065 139 84 Si
1370 2065 186 84 vero
1486 2065 325 84 quaeratur.
1741 2065 162 84 Sed
1810 2065 209 84 manibus

517 2115 270 105 operari
713 2115 270 105 propter
909 2115 245 105 victum
1080 2115 196 105 opus
1203 2115 172 105 est
1301 2115 392 105 humilitatis;
1619 2115 245 105 maxime
1766 2115 245 105 Praedica

519 2193 195 91 tori
640 2193 365 91 Apostolico,
932 2193 146 91 id
1005 2193 170 91 est
1102 2193 292 91 canonice
1321 2193 243 91 misso,
1491 2193 170 91 qui
1589 2193 146 91 ad
1662 2193 170 91 hoc
1759 2193 170 91 non
1832 2193 170 91 tene¬-

523 2266 218 82 tur.
659 2266 218 82 Vnde
796 2266 382 82 Apostolus,
1096 2266 164 82 eo
1178 2266 218 82 quod
1314 2266 382 82 praedicans
1615 2266 273 82 victum
1778 2266 246 82 manibus

511 2321 303 98 operando
738 2321 353 98 quaerebat,
1016 2321 227 98 dicit
1167 2321 151 98 2.
1243 2321 202 98 Cor.
1369 2321 177 98 II.
1470 2321 278 98 Numquid
1672 2321 303 98 peccatum
1874 2321 151 98 seci

507 2393 298 99 meipsum
724 2393 380 99 humilians?
1022 2393 244 99 Glos.
1185 2393 325 99 operando
1429 2393 298 99 manibus
1645 2393 244 99 meis;
1781 2393 244 99 quoniam

512 2452 258 108 gratis,
699 2452 140 108 id
769 2452 164 108 est
863 2452 187 108 sine
980 2452 258 108 sumptu,
1167 2452 375 108 Evangeliaaui
1472 2452 211 108 vobis
1612 2452 328 108 Evangelium
1870 2452 187 108 Dei.

518 2535 199 87 Ecce
642 2535 199 87 quod
767 2535 274 87 operari
966 2535 274 87 manibus
1165 2535 274 87 propter
1364 2535 249 87 victum
1538 2535 174 87 est
1637 2535 199 87 opus
1736 2535 274 87 humilita¬-

512 2586 189 101 tis;
630 2586 236 101 maxime
795 2586 212 101 illi,
937 2586 165 101 qui
1031 2586 141 101 ad
1102 2586 165 101 hoc
1196 2586 165 101 non
1290 2586 283 101 tenetur,
1502 2586 141 101 vt
1573 2586 377 101 Praedicatori
1856 2586 165 101 eano¬-

507 2657 196 131 nice
629 2657 244 131 misso,
800 2657 171 131 qui
898 2657 244 131 potest
1069 2657 244 131 viuere
1240 2657 147 131 de
1313 2657 318 131 Euangelio
1558 2657 196 131 sine
1680 2657 318 131 corporali
1900 2657 122 131 la¬
