2592 3508
551 182 213 98 bore,
693 182 142 98 vt
764 182 283 98 ostensum
977 182 165 98 est
1071 182 213 98 supra
1213 182 189 98 ead.
1331 182 213 98 dist.
1473 182 142 98 3.
1543 182 236 98 Iteni,
1709 182 331 98 neostendis
1945 182 118 98 Au¬-

530 267 320 87 gustinus.
777 267 320 87 Mendicare
1023 267 246 87 igitur
1196 267 172 87 cim
1294 267 197 87 otio
1417 267 394 87 corporalicis
1738 267 172 87 qui
1836 267 246 87 potest
1984 267 74 87 &

543 332 235 80 debet
700 332 261 80 victum
882 332 339 80 acquirere
1143 332 287 80 manibus
1352 332 339 80 operando,
1613 332 183 80 nor
1718 332 261 80 potest
1874 332 183 80 esse¬-

556 393 199 98 opus
681 393 399 98 humilitatis.
1005 393 199 98 Item
1129 393 349 98 Augustinus
1403 393 149 98 in
1478 393 199 98 lib.
1603 393 149 98 De
1677 393 224 98 opere
1802 393 249 98 Ponachi¬-

550 456 182 92 cap.
664 456 159 92 24.
755 456 227 92 Sienim
914 456 136 92 ad
982 456 182 92 hanc
1096 456 227 92 vitam,
1255 456 273 92 scilicet
1459 456 341 92 voluntatiae
1732 456 364 92 paupertatis,

551 523 135 94 ex
618 523 225 94 diuite
775 523 270 94 quisquam
977 523 359 94 conuertatur,
1269 523 112 94 &
1314 523 202 94 nulla
1449 523 337 94 infirmitate
1719 523 270 94 corporis
1898 523 135 94 impe

553 584 224 97 ditur,
709 584 201 97 itanc
843 584 291 97 desipimus
1067 584 112 97 a
1112 584 224 97 sapore
1268 584 268 97 Christi,
1470 584 134 97 vt
1537 584 157 97 non
1626 584 380 97 intelligamus,
1917 584 134 97 quan

554 653 147 73 tus
638 653 231 73 prioris
806 653 273 73 superbiae
1015 653 189 73 tumor
1141 653 252 73 sanetur,
1330 653 377 73 cumcircumcisis
1645 653 315 73 superfluis,
1875 653 168 73 quibus

543 717 205 96 antea
680 717 228 96 animus
839 717 387 96 exitiabiliter
1158 717 410 96 inflammabatur,
1500 717 137 96 ad
1568 717 250 96 modieas
1750 717 182 96 quae
1841 717 205 96 restant

548 766 168 107 huic
653 766 188 107 vitae
778 766 314 107 naturaliter
1030 766 314 107 necessaria,
1281 766 251 107 opificis
1470 766 293 107 humilitas,
1700 766 126 107 id
1763 766 147 107 est
1846 766 168 107 opus
1930 766 84 107 ma

550 847 223 68 nuum,
699 847 248 68 minime
872 847 347 68 recusatur.
1144 847 198 68 Nota
1268 847 198 68 quod
1392 847 223 68 dicit
1541 847 297 68 Opificis
1739 847 272 68 humilitas

536 899 151 87 Ex
611 899 177 87 hoc
712 899 202 87 enim
839 899 252 87 patet,
1015 899 202 87 quod
1141 899 278 87 operari
1343 899 278 87 manibus
1545 899 177 87 est
1646 899 202 87 opus
1747 899 303 87 humistatis

545 982 172 86 ei,
643 982 172 86 qui
741 982 147 86 ex
814 982 245 86 diuite
986 982 270 86 propter
1182 982 196 86 Deum
1304 982 368 86 paupertatem
1598 982 270 86 elegit.
1794 982 196 86 Ecce
1892 982 147 86 quod

553 1048 288 80 manibus
762 1048 288 80 operari
972 1048 288 80 propter
1182 1048 262 80 victum
1365 1048 341 80 appellant
1627 1048 341 80 Apostolus
1889 1048 131 80 &
1915 1048 131 80 Au¬-

540 1114 297 72 gustinus
763 1114 198 72 opus
887 1114 396 72 humilitatis,
1208 1114 198 72 siue
1332 1114 445 72 humiliationem.
1703 1114 173 72 Sed
1778 1114 247 72 mendica¬-

546 1177 163 76 re,
639 1177 140 76 vt
709 1177 233 76 dictum
872 1177 186 76 est,
988 1177 256 76 nusquam
1174 1177 326 76 appellatur
1430 1177 140 76 in
1500 1177 303 76 Scriptura
1732 1177 186 76 opus
1826 1177 209 76 humili¬-

543 1243 226 90 tatis,
701 1243 203 90 licet
837 1243 158 90 cum
927 1243 316 90 humilitate
1175 1243 181 90 esse
1288 1243 248 90 possit;
1469 1243 135 90 vt
1536 1243 135 90 si
1604 1243 248 90 petatur
1785 1243 158 90 non
1875 1243 135 90 ex
1920 1243 113 90 de¬-

548 1292 268 115 siderio
742 1292 365 115 libidinoso,
1035 1292 170 115 sed
1132 1292 146 115 ex
1205 1292 390 115 necessitate.
1522 1292 195 115 Vnde
1643 1292 219 115 super
1790 1292 219 115 illud
1911 1292 122 115 Iob

538 1376 156 85 3I.
627 1376 133 85 Si
693 1376 245 85 negaui,
871 1376 178 85 quod
983 1376 289 85 volebant,
1205 1376 334 85 pauperibus,
1472 1376 200 85 dicit
1605 1376 200 85 Greg.
1739 1376 178 85 lib.
1850 1376 156 85 81.
1917 1376 111 85 Mo¬-

535 1442 174 86 ral.
644 1442 218 86 Procul
797 1442 196 86 dubio
927 1442 261 86 oportet,
1124 1442 174 86 quod
1233 1442 349 86 incunctanter
1516 1442 218 86 detur,
1668 1442 261 86 quidquid
1864 1442 153 86 cum
1930 1442 87 86 ve

549 1513 122 87 ra
610 1513 284 87 humilitate
833 1513 244 87 petitur;
1015 1513 122 87 Id
1076 1513 162 87 est,
1178 1513 162 87 quod
1279 1513 142 87 non
1360 1513 122 87 ex
1421 1513 284 87 desiderio,
1644 1513 142 87 sed
1726 1513 122 87 ex
1766 1513 264 87 necessitate

536 1570 352 93 postulatur.
817 1570 164 93 Sed
911 1570 164 93 qui
1005 1570 235 93 petit,
1169 1570 164 93 cum
1263 1570 235 93 possit
1428 1570 258 93 operari
1615 1570 376 93 corporaliter
1897 1570 141 93 vnde

539 1632 261 77 viuat,
722 1632 235 77 nullo
879 1632 314 77 legitimo
1114 1632 392 77 impedimento
1428 1632 340 77 detentus,
1689 1632 209 77 vere
1794 1632 235 77 humilis

513 1710 184 64 non
618 1710 210 64 est,
749 1710 210 64 quia
880 1710 262 64 petit,
1064 1710 262 64 quando
1247 1710 262 64 petere
1431 1710 184 64 non
1536 1710 315 64 oporteti
1772 1710 184 64 nam
1850 1710 184 64 sicut

532 1766 216 84 dicit
676 1766 312 84 Gregorius
916 1766 240 84 ibidem
1084 1766 216 84 paulo
1228 1766 192 84 post
1348 1766 312 84 Veraciter
1588 1766 264 84 quisque
1780 1766 288 84 humilis;

543 1838 177 80 quod
653 1838 155 80 non
742 1838 221 80 potuit
897 1838 288 80 oportere,
1118 1838 155 80 nec
1207 1838 243 80 voluit.
1383 1838 288 80 Mendicare
1605 1838 177 80 ergo
1715 1838 199 80 illi;
1848 1838 155 80 qui
1914 1838 111 80 po¬-

515 1903 197 100 test
638 1903 270 100 commode
835 1903 270 100 operari
1031 1903 393 100 corporaliter
1351 1903 197 100 vnde
1474 1903 246 100 viuat,
1646 1903 197 100 nisi
1769 1903 147 100 ab
1818 1903 221 100 operan¬-

526 1966 142 86 do
597 1966 378 86 corporaliter
905 1966 284 86 legitime
1117 1966 331 86 excusetur,
1377 1966 165 86 non
1472 1966 165 86 est
1566 1966 213 86 opuss
1708 1966 378 86 humilitatis,

522 2033 174 77 nec
622 2033 249 77 potest
796 2033 199 77 esse
921 2033 174 77 cum
1020 2033 199 77 vera
1145 2033 374 77 humilitate;
1444 2033 174 77 sed
1544 2033 249 77 potius
1718 2033 274 77 videtur
1893 2033 150 77 esse

528 2099 191 87 opus
648 2099 334 87 superbiae,
910 2099 191 87 quia
1030 2099 191 87 tunc
1149 2099 263 87 petitur
1340 2099 215 87 extra
1484 2099 215 87 metas
1627 2099 287 87 inopiae;
1842 2099 191 87 nam,
1937 2099 96 87 vt

531 2158 194 95 dicit
661 2158 280 95 Gregorius
876 2158 237 95 ibidem,
1048 2158 194 95 Valde
1177 2158 280 95 superbire
1393 2158 172 95 est,
1500 2158 194 95 extra
1629 2158 194 95 mitas
1759 2158 237 95 inopiae
1909 2158 108 95 po¬-

527 2218 289 93 stulare.
744 2218 265 93 Videtur
937 2218 217 93 autem
1082 2218 217 93 extra
1226 2218 217 93 metas
1371 2218 265 93 inopiae
1564 2218 338 93 postulare,
1829 2218 169 93 qui
1901 2218 121 93 cum

520 2288 244 105 licite
690 2288 122 105 &
739 2288 269 105 commode
935 2288 244 105 possit
1105 2288 244 105 viuere
1276 2288 146 105 de
1350 2288 171 105 suo
1447 2288 317 105 corporali
1691 2288 269 105 lapore;
1862 2288 171 105 magis

519 2364 236 76 tamen
676 2364 262 76 eligit
860 2364 157 76 in
938 2364 210 76 otio
1070 2364 341 76 corporali
1332 2364 315 76 continue
1568 2364 367 76 menditare;
1830 2364 210 76 amerae

519 2433 244 88 namque
690 2433 269 88 inopiae
885 2433 293 88 videntur
1105 2433 195 88 esse
1227 2433 244 88 causae
1398 2433 244 88 illius
1569 2433 342 88 Iegitimae,
1813 2433 220 88 propter

523 2500 195 97 quas
644 2500 267 97 licitum
839 2500 170 97 est
936 2500 340 97 postulare,
1204 2500 170 97 seu
1301 2500 340 97 mendicare;
1568 2500 316 97 videlicet
1787 2500 219 97 impaten

522 2564 163 94 tia
615 2564 349 94 corporalis,
894 2564 116 94 &
940 2564 349 94 distringens
1219 2564 302 94 occupatio
1452 2564 279 94 militiae
1661 2564 372 94 Christianae;
1963 2564 139 94 &¬

515 2634 259 85 quaedam
704 2634 236 85 aliae,
869 2634 142 85 de
940 2634 236 85 quibus
1105 2634 259 85 dicetur
1294 2634 212 85 infra
1435 2634 189 85 ead.
1553 2634 212 85 dist.
1695 2634 142 85 §.
1766 2634 189 85 Sunt
1860 2634 165 85 autem

516 2706 255 102 quidam
694 2706 255 102 casus,
872 2706 178 102 cum
974 2706 255 102 septem
1152 2706 382 102 Paragraphis
1458 2706 408 102 sequentibus.
1764 2706 229 102 Mentiun
