2592 3508
455 162 165 74 bus
550 162 260 74 regnum.
739 162 165 74 Dei
833 162 260 74 apponit
1022 162 189 74 Deus
1140 162 354 74 necessaria,
1424 162 142 74 si
1495 162 236 74 desunt
1660 162 236 74 illis,
1802 162 165 74 sicut

450 234 195 88 ipse
572 234 317 88 promittit
816 234 244 88 Matth.
986 234 122 88 5
1035 234 268 88 dicens,
1230 234 244 88 Primum
1401 234 293 88 quaerite
1620 234 244 88 regnum
1791 234 195 88 Dei,
1889 234 73 88 &

453 304 297 60 iustitiam
682 304 206 60 esus,
819 304 114 60 &
865 304 183 60 haec
979 304 206 60 omnia
1116 304 343 60 adiicientur
1390 304 229 60 vobis.
1550 304 274 60 Apponit,
1756 304 251 60 inquam,

462 361 151 67 de
537 361 226 67 opere
688 361 251 67 manuum
864 361 276 67 suarum,
1064 361 201 67 nisi
1190 361 377 67 infirmitate
1491 361 276 67 fuerint
1692 361 326 67 impediti,

460 449 165 60 aut
555 449 141 60 in
625 449 259 60 militia
814 449 330 60 Christiana
1073 449 259 60 penitus
1262 449 306 60 occupati,
1498 449 165 60 aut
1592 449 141 60 ex
1663 449 212 60 aliis
1780 449 189 60 causis

464 505 334 82 praedictis
727 505 119 82 a
774 505 334 82 supradicto
1037 505 310 82 praecepto
1275 505 286 82 Apostoli
1490 505 286 82 legitime
1705 505 310 82 exculati,

458 579 140 64 vt
528 579 280 64 ostensum
738 579 163 64 est
831 579 210 64 paulo
971 579 187 64 ante
1088 579 140 64 ab
1158 579 187 64 illo
1275 579 140 64 §.
1345 579 187 64 Sunt
1461 579 210 64 autem
1602 579 233 64 quidam
1765 579 233 64 casus,
1905 579 70 64 &

468 633 371 59 Paragraphis
765 633 396 59 sequentibus,
1087 633 223 59 vsque
1235 633 148 59 ad
1309 633 223 59 locum
1458 633 247 59 istum.
1631 633 173 59 Qui
1730 633 223 59 ergo,
1853 633 124 59 nec

471 699 162 65 sic
563 699 300 65 impediti,
794 699 162 65 nec
886 699 162 65 sic
979 699 300 65 occupati,
1209 699 162 65 nec
1302 699 162 65 sic
1394 699 115 65 a
1440 699 300 65 praecepto
1671 699 277 65 Apostoli
1856 699 115 65 ex¬-

463 778 273 65 cusati,
662 778 174 65 cum
761 778 174 65 non
861 778 273 65 habeant
1059 778 199 65 vnde
1183 778 273 65 viuant,
1382 778 149 65 vo
1457 778 174 65 unt
1556 778 124 65 a
1606 778 174 65 Deo
1705 778 224 65 pasci
1829 778 149 65 sine

468 843 233 73 opere
623 843 363 73 corporali,
908 843 181 73 non
1012 843 311 73 videntur
1245 843 207 73 esse
1374 843 155 73 de
1452 843 414 73 quaerentibus
1763 843 207 73 regnum

474 897 176 67 Dei.

541 934 151 100 §.
616 934 202 100 Item
742 934 227 100 omnes
894 934 252 100 regnum
1070 934 176 100 Dei
1171 934 378 100 quaerentes,
1473 934 126 100 &
1523 934 227 100 vitae
1649 934 328 100 necessarisi

468 1024 338 68 indigentes
733 1024 241 68 pascit
902 1024 217 68 Deus,
1047 1024 169 68 aut
1143 1024 217 68 sicur
1288 1024 289 68 homines,
1505 1024 169 68 aut
1601 1024 217 68 sicut
1746 1024 217 68 aues.
1866 1024 121 68 Il¬-

469 1101 174 71 los
569 1101 224 71 enim,
718 1101 174 71 qui
817 1101 323 71 operantur
1065 1101 273 71 manibus
1264 1101 199 71 vnde
1388 1101 273 71 viuant,
1587 1101 248 71 pascit
1761 1101 199 71 Deus
1860 1101 124 71 si¬-

476 1171 176 63 cut
576 1171 301 63 homines;
802 1171 201 63 quia
928 1171 226 63 dedit
1079 1171 176 63 eis
1179 1171 201 63 Deus
1305 1171 352 63 potestatem
1581 1171 327 63 operandi.
1807 1171 176 63 Illos

473 1226 215 66 vero,
617 1226 168 66 qui
712 1226 263 66 propter
904 1226 287 66 corporis
1119 1226 455 66 imbecillitates,
1502 1226 168 66 vel
1598 1226 359 66 supradictas
1861 1226 120 66 oc¬-

471 1306 344 58 cupationes
741 1306 270 58 operari
938 1306 172 58 non
1036 1306 294 58 possunt,
1257 1306 245 58 pascit
1429 1306 221 58 Deus,
1576 1306 221 58 sicut
1723 1306 221 58 aues,
1846 1306 147 58 quae

480 1373 270 62 operari
677 1373 172 62 non
775 1373 294 62 possunt,
995 1373 123 62 &
1044 1373 196 62 quae
1167 1373 172 62 non
1265 1373 294 62 seminant
1486 1373 221 62 neque
1633 1373 270 62 metunt;
1804 1373 172 62 vide¬-

475 1419 224 72 licet
624 1419 149 72 de
699 1419 423 72 oblationibus,
1047 1419 174 72 seu
1147 1419 149 72 de
1221 1419 373 72 eleemosynis
1520 1419 274 72 bonorum
1718 1419 323 72 fidelium,

480 1482 205 73 siue
608 1482 154 73 de
685 1482 358 73 communibus
967 1482 230 73 bonis
1120 1482 358 73 Ecclesiae.
1402 1482 205 73 Vnde
1529 1482 358 73 Augustinus
1785 1482 205 73 osten¬-

472 1563 204 72 dere
599 1563 280 72 volens,
802 1563 254 72 quando
980 1563 254 72 debeat
1158 1563 305 72 indigens
1387 1563 407 72 corporaliter
1718 1563 305 72 operari,
1922 1563 76 72 &

481 1639 253 69 quando
658 1639 303 69 legitime
885 1639 354 69 excusetur,
1163 1639 152 69 in
1238 1639 227 69 oodem
1390 1639 202 69 lib.
1516 1639 202 69 cap.
1642 1639 177 69 29.
1743 1639 152 69 in
1794 1639 202 69 perso¬-

477 1683 142 81 na
548 1683 284 81 pauperum
761 1683 260 81 Christi
951 1683 284 81 fidelium
1164 1683 166 81 ita
1258 1683 237 81 dicit.
1424 1683 142 81 Si
1495 1683 166 81 nos
1590 1683 166 81 per
1684 1683 284 81 aliquam,
1874 1683 118 81 vel

476 1761 387 81 infirmitatem,
795 1761 159 81 vel
886 1761 387 81 occupationem,
1205 1761 159 81 non
1296 1761 273 81 possumus
1501 1761 273 81 operari,
1706 1761 159 81 sic
1797 1761 182 81 ille
1888 1761 114 81 nos

473 1837 235 65 pascet
638 1837 118 65 &
685 1837 282 65 vestiet,
897 1837 353 65 quemadmodum
1179 1837 188 65 aues
1297 1837 118 65 &
1344 1837 235 65 lilia,
1508 1837 188 65 quae
1626 1837 212 65 nihil
1743 1837 259 65 operantur

478 1890 344 66 huiusmodi;
749 1890 172 66 cum
847 1890 221 66 autem
995 1890 320 66 possumus,
1241 1890 172 66 non
1340 1890 271 66 debemus
1536 1890 271 66 tentare
1733 1890 221 66 Deum;
1856 1890 148 66 quia

488 1947 119 77 &
536 1947 166 77 hoc
631 1947 190 77 quod
749 1947 308 77 possumus,
987 1947 190 77 eius
1105 1947 237 77 munere
1271 1947 308 77 possumus;
1508 1947 119 77 &
1556 1947 166 77 cum
1651 1947 190 77 hinc
1746 1947 237 77 viuimus.

480 2017 174 68 illo
589 2017 282 68 largiente
806 2017 260 68 viuimus,
1001 2017 152 68 qui
1088 2017 260 68 largitus
1283 2017 152 68 est
1370 2017 130 68 vt
1435 2017 282 68 possimus;
1652 2017 108 68 &
1695 2017 174 68 ideo
1804 2017 130 68 de
1847 2017 152 68 istis

472 2100 325 73 necessariis
732 2100 282 73 solliciti
949 2100 152 73 non
1035 2100 217 73 sumus,
1187 2100 173 73 quia
1295 2100 152 73 cum
1382 2100 152 73 hoc
1469 2100 260 73 possumus
1663 2100 217 73 agere,
1815 2100 173 73 ille
1902 2100 108 73 nos

473 2146 242 86 pascit
642 2146 121 86 &
691 2146 266 86 vestit,
884 2146 194 86 aquo
1005 2146 315 86 pascuntur
1248 2146 266 86 homines
1441 2146 121 86 &
1490 2146 363 86 vestiuntur;
1780 2146 169 86 cum
1853 2146 145 86 vero

472 2232 166 77 hoc
567 2232 166 77 non
662 2232 284 77 possumus
875 2232 213 77 agere
1016 2232 189 77 idem
1135 2232 189 77 ipse
1253 2232 166 77 nos
1348 2232 237 77 pascit
1513 2232 118 77 &
1561 2232 260 77 vestit,
1750 2232 118 77 a
1797 2232 166 77 quo
1868 2232 142 77 aues

482 2282 338 83 pascuntur,
748 2282 121 83 &
796 2282 217 83 lilia
941 2282 362 83 vestiuntur,
1231 2282 266 83 quoniam
1424 2282 169 83 nos
1521 2282 242 83 pluris
1690 2282 217 83 sumus
1811 2282 193 83 illis.

491 2355 179 73 Cum
594 2355 255 73 igitur
772 2355 230 73 omnes
926 2355 357 73 quaerentes
1206 2355 255 73 regnum
1385 2355 204 73 Dei,
1513 2355 153 73 si
1589 2355 255 73 egeant
1743 2355 255 73 necessa¬-

480 2417 183 68 riis
595 2417 229 68 vitae,
755 2417 229 68 pascur
915 2417 206 68 Deus;
1052 2417 160 68 aut
1144 2417 206 68 sicut
1281 2417 275 68 homines,
1487 2417 160 68 aut
1579 2417 206 68 sicut
1716 2417 206 68 aues;
1831 2417 160 68 illos

483 2488 226 89 autem
634 2488 277 89 egentes
835 2488 226 89 solos
986 2488 252 89 pascat
1162 2488 201 89 Deus
1288 2488 226 89 sicut
1439 2488 226 89 aues,
1590 2488 176 89 qui
1690 2488 176 89 non
1766 2488 226 89 possunt

475 2567 394 61 corporaliter
795 2567 295 61 operari,
1017 2567 172 61 vel
1115 2567 172 61 qui
1214 2567 295 61 legitime
1435 2567 271 61 possunt
1632 2567 123 61 a
1681 2567 320 61 praecepto
1903 2567 98 61 A¬-

483 2637 266 70 postoli
676 2637 315 70 excusari;
919 2637 266 70 Restat,
1112 2637 194 70 quod
1233 2637 194 70 illi
1354 2637 266 70 egentes
1548 2637 169 70 qui
1645 2637 266 70 possunt
1814 2637 194 70 corpo¬-

476 2681 260 74 raliter
665 2681 283 74 operari,
878 2681 165 74 nec
972 2681 142 74 ab
1043 2681 189 74 illo
1161 2681 307 74 praecepto
1397 2681 283 74 legitime
1609 2681 307 74 excusari,
1845 2681 142 74 si
1892 2681 118 74 ve¬
