2592 3508
542 153 214 75 dist.
685 153 143 75 §.
756 153 143 75 Ad
827 153 214 75 illud
970 153 238 75 autem.

583 187 144 144 §.
655 187 144 144 Si
727 187 216 144 autem
872 187 241 144 aliqui
1040 187 289 144 delicate
1256 187 289 144 nutriti,
1473 187 289 144 postquam
1689 187 192 144 bona
1810 187 168 144 sua
1882 187 144 144 pau¬-

539 308 254 91 peribus
723 308 346 91 diuiferunt,
1000 308 231 91 velint
1162 308 138 91 in
1231 308 254 91 saeculo
1415 308 300 91 remanere;
1646 308 115 91 &
1692 308 277 91 dicentes
1877 308 161 91 sela¬-

548 368 240 107 borare
716 368 168 107 non
812 368 240 107 posse,
980 368 240 107 velint
1148 368 144 107 de
1220 368 384 107 mendicatione
1532 368 264 107 viuere;
1724 368 168 107 non
1820 368 216 107 sunt,
1940 368 96 107 vt

541 432 320 85 credimus,
787 432 369 85 prohibendi,
1082 432 148 85 si
1156 432 172 85 non
1255 432 271 85 habeant
1451 432 197 85 vnde
1574 432 271 85 viuant;
1771 432 172 85 cum
1845 432 172 85 prae¬-

534 483 278 98 sumatur
736 483 177 98 eos
837 483 278 98 laborem
1039 483 253 98 operum
1216 483 404 98 corporalium,
1545 483 152 98 vt
1621 483 253 98 dictum
1798 483 202 98 est)
1899 483 126 98 su¬-

542 545 261 106 stinere
732 545 166 106 non
827 545 238 106 posse;
994 545 119 106 &
1041 545 190 106 ideo
1160 545 190 106 dici
1279 545 166 106 non
1374 545 261 106 possunt
1564 545 333 106 praecaepti
1801 545 214 106 Aposto¬-

528 616 199 101 lici
653 616 423 101 contemptores.
1001 616 174 101 Sic
1101 616 199 101 ergo
1225 616 299 101 habemus,
1449 616 274 101 quomodo
1649 616 349 101 Infirmitas
1898 616 124 101 Na¬-

534 697 278 91 turalis,
743 697 116 91 &
789 697 441 91 consuetudinalis
1160 697 278 91 excusant
1369 697 116 91 a
1416 697 302 91 praecepto
1648 697 278 91 Apostoli
1833 697 186 91 supra¬-

532 745 214 67 dicto¬

599 818 135 89 §.
666 818 202 89 Item,
801 818 135 89 vt
868 818 314 89 praetactum
1115 818 180 89 est,
1227 818 292 89 occupatio
1452 818 404 89 Ecclesiastica,
1788 818 157 89 seu
1856 818 157 89 mili¬-

523 890 207 74 tiae
652 890 413 74 Christianae,
988 890 284 74 excusat
1195 890 284 74 hominem
1402 890 362 74 indigentem
1686 890 129 74 a
1712 890 310 74 praecaepto

529 955 308 92 Apostoli
760 955 154 92 de
838 955 308 92 operando
1069 955 411 92 corporaliter
1403 955 283 92 propter
1608 955 283 92 victum,
1814 955 180 92 dum
1891 955 128 92 ta¬-

527 1022 165 70 men
622 1022 165 70 ita
716 1022 331 70 distringat
976 1022 189 70 quod
1094 1022 236 70 aliusi
1260 1022 165 70 agi
1354 1022 165 70 non
1449 1022 260 70 possit.
1638 1022 165 70 Est
1732 1022 213 70 autem
1851 1022 165 70 occu¬-

522 1089 225 66 patio
672 1089 425 66 Ecclesiastica
1022 1089 275 66 duplex.
1222 1089 175 66 Vna
1322 1089 325 66 scilicet,
1572 1089 200 66 quam
1697 1089 250 66 habent
1847 1089 175 66 Prae¬-

534 1133 328 96 dicatores
786 1133 303 96 canonice
1013 1133 252 96 missi,
1190 1133 177 96 vel
1291 1133 252 96 aliter
1467 1133 303 96 animarum
1694 1133 303 96 regimini
1896 1133 126 96 de¬-

522 1220 251 91 putati,
705 1220 137 91 vt
773 1220 182 91 sunt
887 1220 342 91 Ecclesiarum
1161 1220 296 91 Praelati,
1388 1220 160 91 vel
1480 1220 137 91 ab
1548 1220 160 91 eis
1639 1220 274 91 canonise
1822 1220 182 91 desti¬-

519 1290 224 81 naci,
669 1290 175 81 qui
768 1290 199 81 sine
893 1290 224 81 opere
1043 1290 249 81 manuum
1217 1290 249 81 viuere
1392 1290 274 81 possunt
1591 1290 150 81 de
1666 1290 349 81 Euangelio,
1915 1290 100 81 vt

530 1351 280 101 ostensum
740 1351 163 101 est
833 1351 210 101 supra
973 1351 210 101 dist.
1113 1351 140 101 1.
1183 1351 140 101 §.
1253 1351 210 101 Item,
1393 1351 140 101 vt
1463 1351 280 101 ostendit
1673 1351 350 101 Augustinusi
1930 1351 93 101 Et

514 1402 171 106 hoc
611 1402 171 106 vel
709 1402 122 106 a
758 1402 391 106 mittentibus,
1076 1402 171 106 vel
1173 1402 147 106 ab
1247 1402 195 106 eis,
1369 1402 147 106 ad
1442 1402 195 106 quos
1564 1402 342 106 mittuntur,
1809 1402 195 106 secun¬-

515 1478 169 94 dum
611 1478 580 94 distinctionempositam
1119 1478 217 94 supra
1263 1478 217 94 dist.
1408 1478 145 94 I.
1481 1478 145 94 §.
1553 1478 362 94 Verumtamen.
1843 1478 145 94 Et
1891 1478 121 94 hoc

515 1554 206 74 modo
644 1554 258 74 sumere
824 1554 283 74 sumptus
1031 1554 180 74 non
1134 1554 258 74 potest
1314 1554 206 74 esse
1443 1554 387 74 mendicitas,
1752 1554 180 74 sed
1830 1554 180 74 pote¬-

522 1607 193 101 stas,
650 1607 129 101 vt
714 1607 257 101 ostensum
907 1607 150 101 est
993 1607 193 101 supra
1122 1607 193 101 dist.
1250 1607 129 101 1.
1315 1607 129 101 §.
1379 1607 150 101 Sed
1465 1607 214 101 contra
1615 1607 150 101 hoc
1679 1607 193 101 forte¬.

576 1682 148 90 §.
650 1682 172 90 Est
749 1682 123 90 &
798 1682 197 90 alia
921 1682 320 90 occupatio
1167 1682 295 90 militiae
1389 1682 394 90 Christianae,
1709 1682 197 90 quam
1807 1682 197 90 habent

513 1737 266 95 Clerici,
713 1737 111 95 &
757 1737 289 95 Regulares
979 1737 200 95 viri,
1112 1737 133 95 in
1179 1737 311 95 Ecclesiis,
1423 1737 155 95 vel
1512 1737 355 95 Monasteriis,
1800 1737 133 95 ad
1845 1737 155 95 cele¬-

506 1802 284 90 brandum
713 1802 284 90 diuinum
920 1802 310 90 officium
1152 1802 310 90 canonice
1385 1802 362 90 instituti,
1669 1802 181 90 qui
1772 1802 155 90 de
1824 1802 181 90 bonis

522 1870 335 108 Ecclesiae
780 1870 361 108 communibus
1063 1870 258 108 viuere
1243 1870 283 108 debent;
1449 1870 129 108 &
1501 1870 180 108 hoc
1604 1870 335 108 prouidere
1836 1870 180 108 debet

516 1930 298 90 Episcopus
745 1930 160 90 vel
837 1930 206 90 eorum
975 1930 321 90 Praelatus,
1227 1930 160 90 ita
1318 1930 183 90 quod
1433 1930 229 90 nullus
1593 1930 275 90 indigeat
1777 1930 229 90 necessa¬-

508 2017 174 67 riis
617 2017 196 67 inter
748 2017 218 67 illos,
900 2017 131 67 vt
965 2017 239 67 legitur
1139 2017 152 67 12.
1226 2017 131 67 6.
1292 2017 196 67 Ecap.
1422 2017 283 67 Videntes.
1640 2017 131 67 Et
1705 2017 174 67 quia
1792 2017 218 67 prouide¬-

509 2082 148 72 re
583 2082 172 72 hoc
682 2082 221 72 debet
829 2082 344 72 Episcopus,
1100 2082 197 72 ideo
1223 2082 295 72 statutum
1444 2082 172 72 est
1543 2082 148 72 in
1616 2082 344 72 Canonibus,
1862 2082 148 72 Quod

507 2146 211 95 nullus
654 2146 274 95 aedificet
865 2146 274 95 Ecclesiam
1076 2146 169 95 sine
1181 2146 274 95 consensus
1392 2146 295 95 Diocesani,
1624 2146 148 95 qui
1687 2146 316 95 prouidereide¬-

509 2196 175 88 bet,
619 2196 131 88 vt
684 2196 263 88 rundator
881 2196 197 88 dotet
1013 2196 197 88 eani,
1144 2196 328 88 competentes
1407 2196 175 88 ilid
1516 2196 394 88 sustentationem
1823 2196 175 88 Custo¬-

513 2259 189 115 lum,
631 2259 189 115 siue
750 2259 354 115 Clericorum,
1033 2259 165 115 seu
1127 2259 213 115 etiam
1269 2259 354 115 Monachorum,
1552 2259 165 115 qui
1647 2259 307 115 seruituri
1859 2259 142 115 sunt

499 2346 156 88 in
577 2346 182 88 ea.
681 2346 156 88 De
759 2346 286 88 Consec.
966 2346 234 88 dist.
1122 2346 156 88 I9
1200 2346 208 88 ean.
1330 2346 208 88 Nemo
1460 2346 338 88 Ecclesiam
1719 2346 338 88 adificet,

505 2411 161 73 16.
597 2411 138 73 q.
666 2411 138 73 2.
735 2411 184 73 cap.
851 2411 184 73 Piae
966 2411 254 73 mentis.
1150 2411 138 73 Si
1219 2411 207 73 autem
1358 2411 277 73 Episcopi
1565 2411 138 73 de
1634 2411 207 73 bonis
1749 2411 254 73 Ecclesiae

510 2482 366 87 communibus,
802 2482 195 87 quae
924 2482 292 87 debentur
1143 2482 292 87 Clericis
1362 2482 146 87 ad
1436 2482 317 87 officium.
1655 2482 341 87 Ecclesiasti¬-

498 2545 176 91 cum
599 2545 302 91 canonice
825 2545 378 91 institutis,
1127 2545 327 91 aliquando
1379 2545 151 91 ob
1454 2545 252 91 causam
1605 2545 403 91 sustenfationis

500 2611 280 73 aliquid
703 2611 408 73 impertiantur
1035 2611 331 73 Monachis,
1289 2611 178 73 seu
1391 2611 408 73 quibuscumque
1723 2611 255 73 aliis,
1876 2611 127 73 non

487 2683 143 81 ad
559 2683 214 81 illud
701 2683 285 81 officium
915 2683 285 81 canonice
1129 2683 357 81 institutis,
1415 2683 166 81 sed
1510 2683 214 81 tamen
1652 2683 143 81 in
1724 2683 262 81 secreto
1890 2683 119 81 di¬
