2592 3508
513 129 246 147 leones;
692 129 336 147 intrinsecus
960 129 201 147 autem
1094 129 179 147 sunt
1206 129 179 147 lupi
1318 129 268 147 rapaces.
1519 129 224 147 Volunt
1676 129 179 147 esse
1788 129 179 147 sine
1877 129 179 147 cogni¬-

517 250 194 82 tione
647 250 194 82 causa
777 250 259 82 iudices,
971 250 173 82 sine
1079 250 173 82 visu
1187 250 238 82 testes;
1360 250 194 82 falsi
1489 250 346 82 accufatores,
1770 250 108 82 &
1813 250 173 82 omni
1900 250 151 82 veri¬-

535 306 188 88 tate
652 306 305 88 carentes.
886 306 188 88 Ergo
1004 306 164 88 cum
1097 306 352 88 submiserint
1379 306 211 88 vocem
1520 306 211 88 suam;
1660 306 164 88 nes
1754 306 235 88 credas
1895 306 117 88 cis

526 376 251 104 quoniam
709 376 229 104 septem
869 376 297 104 nequitiae
1098 376 183 104 sunt
1212 376 137 104 in
1281 376 206 104 corde
1418 376 274 104 illorum.
1623 376 137 104 De
1692 376 229 104 quibus
1829 376 206 104 dicitur

536 430 222 102 Expch.
691 430 156 102 I3.
780 430 178 102 Vae,
891 430 156 102 qui
980 430 267 102 consuunt
1180 430 289 102 puluillos
1403 430 156 102 sub
1491 430 178 102 omni
1603 430 222 102 cubito
1758 430 222 102 manus,
1914 430 111 102 &
1936 430 111 102 fa¬-

525 506 184 85 ciunt
647 506 287 85 ceruicalia
872 506 143 85 sub
954 506 205 85 capite
1098 506 266 85 vniuersae
1302 506 246 85 aetatis,
1486 506 123 85 ad
1548 506 266 85 capiendas
1752 506 205 85 animas
1896 506 184 85 Glos.

521 567 141 97 Id
592 567 165 97 est
686 567 236 97 suauem
851 567 377 97 adulationem.
1158 567 212 97 Quasi
1299 567 283 97 diceret.
1511 567 141 97 Va
1582 567 165 97 qui
1676 567 330 97 decipiunt;
1912 567 118 97 tam

515 641 290 60 iuuenes,
733 641 194 60 quam
854 641 242 60 senes,
1023 641 290 60 suauiter
1241 641 315 60 adulando.
1483 641 194 60 Ecce
1604 641 290 60 quomodor
1797 641 242 60 adulani¬-

533 697 192 85 tur.
653 697 312 85 Sequitur.
893 697 144 85 Et
966 697 312 85 violabant
1206 697 144 85 me
1278 697 144 85 ad
1350 697 264 85 populum
1542 697 216 85 meum,
1687 697 264 85 propter
1855 697 168 85 pugit

521 754 168 115 lum
617 754 240 115 hordei
785 754 120 115 &
833 754 336 115 fragmentum
1096 754 240 115 panis;
1264 754 216 115 Glos.
1408 754 144 115 Id
1480 754 192 115 est,
1600 754 264 115 propter
1767 754 264 115 refectio¬-

519 833 164 101 nem
612 833 281 101 ventris.
823 833 305 101 Sequitur.
1058 833 445 101 Vtanterficerent
1433 833 258 101 animas,
1620 833 188 101 quae
1738 833 164 101 non
1808 833 211 101 imorium

520 898 177 75 tur.
631 898 199 75 Glos.
763 898 244 75 Mortuas
941 898 288 75 dicentes,
1162 898 133 75 si
1229 898 155 75 non
1317 898 199 75 datur
1450 898 266 75 quidpiam
1649 898 133 75 in
1716 898 155 75 ore
1805 898 266 75 ipsotum.

528 948 191 112 Ecce
647 948 334 112 detractio.
910 948 310 112 Sequitur.
1149 948 143 112 Et
1220 948 382 112 viuificarent
1531 948 263 112 animas,
1722 948 191 112 quae
1841 948 167 112 non
1913 948 119 112 vi¬-

511 1034 215 93 uunt;
655 1034 144 93 Id
726 1034 167 93 est
822 1034 239 93 viuas,
989 1034 191 93 siue
1109 1034 263 93 iustas,
1300 1034 287 93 dicentes
1516 1034 239 93 animas
1683 1034 335 93 iniustorum
1922 1034 120 93 dum

520 1090 227 91 tamen
671 1090 303 91 quidpiam
898 1090 252 91 darent
1075 1090 202 91 eis.
1201 1090 202 91 Ecce
1327 1090 252 91 iterum
1504 1090 328 91 adulatior
1756 1090 328 91 Sequitur.

519 1153 322 91 Mentientes
772 1153 230 91 populo
933 1153 161 91 meo
1025 1153 276 91 credenti
1232 1153 322 91 mendaciis.
1485 1153 184 91 Ecce
1600 1153 276 91 qualiter
1807 1153 184 91 suis
1899 1153 138 91 Iar¬-

510 1229 330 64 gitoribus
764 1229 356 64 mendaciter
1043 1229 356 64 adulantur,
1323 1229 127 64 &
1373 1229 356 64 mendaciter
1653 1229 356 64 detrabiunt
1907 1229 127 64 noc

526 1300 273 72 ientibus
731 1300 159 72 eis
822 1300 273 72 largiri.
1027 1300 182 72 Ideo
1140 1300 205 72 dicit
1277 1300 250 72 Seneca,
1459 1300 318 72 Necessitas
1686 1300 341 72 egentem,smen¬-

516 1353 228 106 dacem
668 1353 254 106 facit.
845 1353 355 106 Mendaciter
1125 1353 203 106 ergo
1251 1353 203 106 suos
1378 1353 381 106 iustificant
1683 1353 381 106 Iargitores;
1962 1353 76 106 &

513 1427 358 83 mendaciter
795 1427 358 83 condemnant
1076 1427 205 83 sibi
1204 1427 281 83 largiri
1409 1427 333 83 nolentes;
1665 1427 256 83 contra
1818 1427 205 83 sillud

514 1480 245 108 Eccles.
692 1480 134 108 5.
759 1480 290 108 Iustifica
982 1480 268 108 pusillum
1183 1480 112 108 &
1228 1480 223 108 magnum
1384 1480 312 108 similiter;
1629 1480 134 108 Id
1696 1480 156 108 est
1786 1480 112 108 ;
1808 1480 223 108 Aqualis¬-

513 1558 178 71 ter,
624 1558 178 71 sine
735 1558 311 71 personarum
980 1558 334 71 acceptione.
1247 1558 267 71 Prouerb.
1447 1558 156 71 12.
1536 1558 133 71 Et
1602 1558 156 71 qui
1691 1558 311 71 iustificat
1914 1558 111 71 im¬-

517 1626 226 84 pium,
668 1626 126 84 &
718 1626 176 84 qui
818 1626 327 84 condemnat
1070 1626 276 84 iustum,
1271 1626 402 84 abominabilis
1598 1626 176 84 est
1698 1626 276 84 vterque
1874 1626 151 84 apud

513 1688 239 88 Deum.
672 1688 239 88 Tales
831 1688 451 88 iustificantes
1202 1688 133 88 &
1255 1688 424 88 condemnantes
1599 1688 186 88 pro
1705 1688 371 88 muneribus,

519 1755 418 102 maledicuntur
858 1755 131 102 a
910 1755 261 102 Domino
1093 1755 183 102 per
1198 1755 261 102 Isaiam
1380 1755 209 102 cap.
1511 1755 157 102 5.
1589 1755 339 102 dicentem;
1850 1755 157 102 Ve
1902 1755 131 102 qui

511 1811 350 98 iustificatis
795 1811 219 98 impium
948 1811 153 98 pro
1036 1811 306 98 muneribus,
1277 1811 109 98 &
1320 1811 284 98 iustitiam
1539 1811 197 98 iusti
1670 1811 262 98 aufertis
1867 1811 131 98 ab
1911 1811 109 98 eo.

513 1873 183 108 Non
617 1873 235 108 solum
774 1873 235 108 autem
931 1873 340 108 adulantur
1193 1873 418 108 largitoribus
1532 1873 235 108 suis;
1689 1873 131 108 &
1715 1873 314 108 nolentibus

512 1942 259 100 largiri
701 1942 330 100 detrahunt;
961 1942 212 100 verum
1102 1942 212 100 etiam
1244 1942 283 100 nolentes
1456 1942 259 100 largiri
1645 1942 165 100 sub
1739 1942 236 100 aliqua
1880 1942 142 100 spes

519 2018 161 94 cre
611 2018 277 94 pietatis
819 2018 323 94 impugnant;
1072 2018 300 94 videlicet
1303 2018 207 94 velut
1441 2018 323 94 criminosos
1694 2018 254 94 publice
1856 2018 161 94 dis¬e

499 2075 360 105 famando,
769 2075 150 105 &
829 2075 270 105 eorum
1010 2075 270 105 damna
1190 2075 421 105 temporalia
1520 2075 451 105 procurando.
1851 2075 180 105 Vnde

520 2145 275 86 Michaeae
727 2145 138 86 3.
795 2145 161 86 Hec
887 2145 207 86 dicit
1025 2145 252 86 Dominus
1209 2145 230 86 super,
1369 2145 138 86 id
1438 2145 161 86 est
1530 2145 230 86 contra
1691 2145 321 86 Prophetas,
1920 2145 92 86 id

507 2218 163 80 est
600 2218 256 80 Pseudo,
786 2218 163 80 qui
879 2218 279 80 seducunt
1088 2218 256 80 populum
1274 2218 209 80 meum,
1414 2218 279 80 scilicet
1623 2218 186 80 sibi
1716 2218 302 80 alliciendo;

502 2290 171 90 qui
599 2290 269 90 mordent
795 2290 294 90 dentibus
1016 2290 220 90 suis,
1163 2290 318 90 videlicet
1408 2290 367 90 detrahendo,
1702 2290 122 90 &
1726 2290 294 90 praedicant

500 2350 231 98 pacem,
661 2350 300 98 videlicet
892 2350 300 98 adulando;
1123 2350 138 98 Et
1192 2350 138 98 si
1261 2350 185 98 quis
1377 2350 162 98 non
1469 2350 369 98 dederitinore
1769 2350 208 98 eorum
1885 2350 138 98 quid

510 2424 235 74 piam,
666 2424 339 74 splendide
927 2424 183 74 eos
1032 2424 339 74 pascendo,
1293 2424 183 74 vel
1397 2424 209 74 alia
1527 2424 261 74 munera
1710 2424 365 74 largiende;

507 2483 397 76 sanctificant,
833 2483 140 76 id
903 2483 163 76 est
997 2483 257 76 sanctum
1183 2483 350 76 praedicant;
1463 2483 117 76 &
1510 2483 280 76 sanctiam
1697 2483 303 76 praedicando

492 2551 319 99 suscitant
738 2551 245 99 contra
910 2551 172 99 eum
1008 2551 319 99 praelium,
1253 2551 319 99 videlicet
1499 2551 270 99 publice
1695 2551 270 99 tamquan
1867 2551 147 99 eri¬-

503 2617 299 106 minosum
721 2617 408 106 distimando,
1047 2617 136 106 &
1102 2617 245 106 damna
1265 2617 218 106 eius
1401 2617 408 106 temporalia,
1728 2617 245 106 quasi
1864 2617 136 106 elo

500 2675 327 113 iustitiae
751 2675 377 113 procurando.
1053 2675 201 113 Ecce
1179 2675 302 113 qualiter
1405 2675 352 113 adulantur,
1681 2675 126 113 &
1706 2675 302 113 detraliunt
