2592 3508
534 154 183 65 2§.
638 154 209 65 Quod
769 154 235 65 autem
926 154 288 65 Salomon
1135 154 366 65 praemissam
1423 154 340 65 orationem
1684 154 288 65 fecerit
1867 154 183 65 etiam

541 219 166 72 pro
636 219 331 72 Perfectis,
896 219 284 72 ostendit
1110 219 213 72 plane
1252 219 331 72 Augustinus
1512 219 142 72 in
1583 219 284 72 Epistola
1796 219 142 72 ad
1844 219 189 72 Probam

529 290 148 64 De
603 290 247 64 orando
776 290 197 64 Deo,
899 290 197 64 vbit
1023 290 197 64 ait.
1146 290 197 64 Quia
1269 290 197 64 quod
1393 290 321 64 Apostolus
1639 290 222 64 dixit
1763 290 271 64 Perfectos

528 347 358 74 instruens
803 347 165 74 I.
885 347 275 74 Timot.
1078 347 165 74 6.
1160 347 193 74 EST
1270 347 248 74 AVTEM
1435 347 303 74 OVESTVS
1655 347 275 74 MAGNVS
1820 347 220 74 PIETAS

531 426 192 56 CUM
640 426 466 56 SVFFICIENTIA;
1024 426 137 56 &
1079 426 274 56 infra,
1271 426 329 56 HABENTES
1517 426 356 56 ALIMENTA,
1791 426 164 56 ET
1874 426 219 56 Ovi¬

522 482 414 59 BVSTEGAMVR,
853 482 193 59 HIs
964 482 331 59 CONTENTI
1212 482 276 59 SIMVS;
1405 482 303 59 Hocidem
1625 482 303 59 Salomon
1818 482 221 59 petiit

532 551 311 63 dicens,
758 551 453 63 MENDICITATEM
1126 551 170 63 ET
1211 551 396 63 DIVITIASNE
1522 551 453 63 DEDERISMIHI,
1890 551 198 63 &c.

527 612 366 65 optauerunt
814 612 261 65 igitur
997 612 183 65 tam
1101 612 313 65 Salomon,
1336 612 209 65 quam
1467 612 366 65 Apostolus,
1754 612 235 65 vitae
1884 612 131 65 ne¬-

531 682 261 63 cessaria
727 682 174 63 sibi
836 682 109 63 &
880 682 196 63 aliis
1011 682 196 63 viris
1141 682 305 63 perfectis,
1381 682 131 63 ne
1446 682 305 63 cogerentur
1686 682 261 63 quaerere
1860 682 153 63 alie¬-

518 744 191 72 na.
627 744 164 72 Ob
709 744 273 72 eamdem
900 744 273 72 causam
1091 744 218 72 idem
1227 744 382 72 Apostolus,
1527 744 191 72 cum
1636 744 355 72 mandasset
1882 744 136 72 Ti¬-

512 819 149 71 to
587 819 348 71 Cretensium
860 819 323 71 Episcopo,
1109 819 149 71 vt
1183 819 298 71 mitteret
1407 819 174 71 eis
1506 819 224 71 &enam
1655 819 422 71 Legisperitum,

526 883 111 65 &
570 883 244 65 Apollo,
747 883 155 65 qui
836 883 199 65 erant
969 883 177 65 viri
1080 883 266 65 perfecti
1279 883 133 65 in
1345 883 332 65 Scripturis,
1611 883 133 65 vt
1678 883 199 65 dicit
1811 883 244 65 Glossa,

518 939 276 66 mandauit
725 939 161 66 eis
817 939 184 66 dare
932 939 207 66 vitae
1070 939 345 66 necessaria,
1347 939 138 66 ne
1416 939 276 66 egestate
1623 939 322 66 cogerentur
1853 939 161 66 quae¬-

517 1017 181 58 rere
631 1017 227 58 aliena
789 1017 227 58 dicens
948 1017 181 58 Tit.
1061 1017 136 58 3.
1129 1017 204 58 Aenam
1265 1017 385 58 Legisperitum,
1582 1017 113 58 &
1628 1017 227 58 Apollo
1764 1017 249 58 sollicite

517 1075 295 79 praemitte,
749 1075 127 79 vt
812 1075 190 79 nihil
939 1075 190 79 desit
1065 1075 211 79 illis.
1213 1075 211 79 Gloss.
1360 1075 127 79 Vt
1424 1075 169 79 quae
1529 1075 127 79 ad
1592 1075 253 79 viaticum
1761 1075 253 79 necessaria

515 1146 174 63 sunt
624 1146 218 63 illis,
777 1146 240 63 habeant
951 1146 131 63 in
1016 1146 174 63 suis
1125 1146 305 63 sitarciis,
1365 1146 131 63 ne
1431 1146 262 63 quaerant
1627 1146 240 63 aliena.
1801 1146 131 63 Ex
1845 1146 174 63 quibus

501 1201 287 89 perpendi
716 1201 263 89 potest,
907 1201 191 89 quod
1027 1201 239 89 habere
1194 1201 215 89 vitae
1338 1201 335 89 necessaria
1601 1201 143 89 in
1672 1201 287 89 communi,
1864 1201 143 89 per¬-

498 1275 338 62 fectionem
758 1275 182 62 non
862 1275 260 62 minuit
1044 1275 416 62 paupertatis;
1382 1275 208 62 immo
1512 1275 182 62 nec
1616 1275 260 62 habere
1772 1275 234 62 thesau¬-

497 1346 190 60 rum
605 1346 352 60 Ecclesiae
876 1346 163 60 in
958 1346 325 60 communi.
1202 1346 217 60 Vnde
1337 1346 325 60 Hilarius
1581 1346 244 60 super
1717 1346 298 60 Matthaeum

508 1415 154 76 Non
596 1415 329 76 inuidiosus,
859 1415 132 76 vt
925 1415 285 76 arbitror,
1145 1415 285 76 thesaurus
1364 1415 132 76 in
1430 1415 176 76 xona
1540 1415 176 76 est,
1650 1415 154 76 qui
1738 1415 285 76 profecto,
1935 1415 88 76 si

497 1476 129 80 de
562 1476 324 80 perfectione
821 1476 324 80 detraheret,
1080 1476 237 80 habenti
1253 1476 281 80 insidians
1469 1476 108 80 &
1512 1476 302 80 inuidiosus
1749 1476 216 80 esset.
1879 1476 129 80 Quod

495 1539 244 66 autem
657 1539 271 66 habere
847 1539 433 66 posfessiones
1199 1539 352 66 communes,
1470 1539 190 66 vel
1578 1539 325 66 pecuniam
1794 1539 217 66 commu¬-

486 1595 209 78 nem,
616 1595 183 78 non
721 1595 261 78 minuat
904 1595 418 78 perfectionem
1243 1595 470 78 Ecclesiasticae
1635 1595 418 78 paupertatis,

490 1675 311 64 ostendetur
734 1675 244 64 plenius
911 1675 200 64 infra
1044 1675 200 64 dist.
1177 1675 133 64 4.
1244 1675 133 64 in
1310 1675 155 64 II.
1399 1675 200 64 signo
1532 1675 133 64 §.
1599 1675 155 64 Sed
1687 1675 200 64 esto,
1821 1675 155 64 cum
1887 1675 111 64 se¬-

494 1733 327 93 quentibus
746 1733 403 93 Paragraphis.

601 1801 153 77 §.
677 1801 153 77 Ad
753 1801 229 77 illud
906 1801 254 77 autem,
1084 1801 203 77 quod
1211 1801 305 77 obiectum
1440 1801 178 77 est
1541 1801 229 77 supra
1694 1801 153 77 §.
1770 1801 178 77 Sed
1846 1801 153 77 for¬-

493 1866 161 89 san
585 1866 231 89 dicet,
747 1866 138 89 ex
816 1866 208 89 Iosue
954 1866 185 89 cap.
1070 1866 138 89 I.
1139 1866 161 89 Non
1231 1866 138 89 te
1300 1866 300 89 dimittam,
1531 1866 208 89 neque
1669 1866 369 89 derelinquam;

485 1938 355 65 Responderi
763 1938 279 65 potest,
966 1938 203 65 quod
1093 1938 253 65 nullum
1270 1938 304 65 dimittit
1498 1938 203 65 Deus
1625 1938 355 65 quaerentem
1878 1938 127 65 re¬-

483 2016 212 75 gnum
615 2016 238 75 eius;
774 2016 291 75 quoniam
985 2016 238 75 omnes
1144 2016 371 75 quaerentes
1435 2016 265 75 regnum
1621 2016 212 75 Dei,
1753 2016 159 75 si
1806 2016 185 75 indi¬-

494 2072 242 81 geant,
663 2072 242 81 pascit
833 2072 218 81 Deus;
978 2072 170 81 aut
1075 2072 218 81 sicut
1221 2072 291 81 homines,
1439 2072 315 81 videlicet
1681 2072 145 81 de
1729 2072 267 81 corporali

490 2140 247 70 labore,
669 2140 135 70 si
737 2140 180 70 sint
849 2140 247 70 validi;
1029 2140 157 70 aut
1119 2140 202 70 sicut
1254 2140 202 70 aues,
1388 2140 292 70 videlicet
1613 2140 135 70 de
1680 2140 360 70 eleemosynis,

489 2201 139 76 si
558 2201 185 76 sint
674 2201 300 76 inualidi;
905 2201 162 76 aut
997 2201 139 76 de
1067 2201 208 76 bonis
1205 2201 324 76 Ecclesiae,
1459 2201 139 76 si
1529 2201 185 76 sint
1621 2201 370 76 occupationibus

486 2284 407 73 Ecclesiasticis
825 2284 249 73 penitus
1006 2284 294 73 impediti,
1232 2284 136 73 vt
1300 2284 271 73 ostensum
1504 2284 158 73 est
1594 2284 203 73 supra
1730 2284 181 73 ead.
1843 2284 203 73 dist.

476 2353 136 66 §.
544 2353 182 66 Item
658 2353 205 66 omnes
794 2353 227 66 regnum
954 2353 159 66 Dei
1045 2353 341 66 quaerentes.

538 2400 140 85 §.
608 2400 211 85 Dicet
748 2400 211 85 autem
889 2400 211 85 adhuc
1029 2400 351 85 Otiositatis
1310 2400 304 85 Defensor,
1544 2400 211 85 sicut
1685 2400 211 85 dicit
1825 2400 211 85 Glos.

485 2465 194 79 Rom.
606 2465 170 79 I3.
703 2465 219 79 super
849 2465 219 79 illud
995 2465 365 79 Probauerunt
1287 2465 316 79 Macedonia
1530 2465 122 79 &
1579 2465 243 79 Achaia
1725 2465 267 79 collatio¬-

481 2538 156 74 nem
570 2538 245 74 aliquam
748 2538 223 74 facere
904 2538 134 74 in
971 2538 267 74 pauperes
1171 2538 312 74 Sanctorum,
1416 2538 156 74 qui
1505 2538 178 74 sunt
1616 2538 134 74 in
1683 2538 312 74 Ierusalem.
1906 2538 89 74 Ec

465 2617 152 89 ce
541 2617 254 89 quidam
719 2617 381 89 reliquerunt
1024 2617 229 89 omnia
1176 2617 279 89 propter
1379 2617 229 89 Deum;
1532 2617 229 89 totos
1684 2617 152 89 se
1735 2617 254 89 dederunt

472 2666 295 91 diuinis
687 2666 376 91 obsequiis,
982 2666 242 91 nihil
1143 2666 322 91 mundanum
1385 2666 349 91 curantes;
1653 2666 322 91 exemplum
1868 2666 134 91 bo¬
