2592 3508
512 124 174 127 nisi
621 124 195 127 forte
751 124 174 127 ilis
859 124 369 127 spiritualibus
1163 124 152 127 ita
1250 124 174 127 sint
1358 124 282 127 adstricti
1575 124 152 127 per
1662 124 304 127 Ecclesiam,
1879 124 152 127 quodi

503 221 231 91 nihil
658 221 231 91 aliud
812 221 231 91 agere
966 221 308 91 possint;
1197 221 206 91 tunc
1326 221 206 91 enim
1454 221 386 91 excusantur,
1763 221 154 91 vt
1814 221 206 91 osten¬-

515 273 159 79 sum
606 273 159 79 est
697 273 205 79 supra
834 273 182 79 ead.
947 273 205 79 dist.
1084 273 136 79 in
1152 273 227 79 illo§.
1311 273 182 79 Sunt
1425 273 205 79 autem
1561 273 227 79 quidam
1698 273 159 79 caus.

584 305 159 140 §.
663 305 239 140 Item,
822 305 212 140 quod
955 305 265 140 vacare
1140 305 451 140 spiritualibus
1511 305 186 140 non
1617 305 292 140 excuset
1803 305 239 140 Seruogi

511 411 173 72 Dei
610 411 371 72 necessariis
907 411 347 72 indigentes
1180 411 124 72 a
1229 411 322 72 praecepto
1477 411 297 72 Apostoli
1699 411 371 72 supradicto,

513 483 190 66 nisi
632 483 261 66 fuerint
822 483 142 66 ad
893 483 190 66 illa
1012 483 356 66 spiritualia
1296 483 166 66 per
1391 483 308 66 Ecclesiae
1629 483 380 66 ordinationem
1913 483 119 66 ad¬-

515 542 300 74 stricti,
740 542 125 74 &
790 542 150 74 in
865 542 175 74 eis
965 542 200 74 adeo
1090 542 325 74 occupati,
1341 542 200 74 quod
1466 542 225 74 nihil
1616 542 225 74 aliud
1766 542 225 74 agere
1891 542 150 74 phs¬-

497 601 224 98 sint
637 601 252 98 clare
805 601 308 98 liquere
1028 601 280 98 potest
1224 601 196 98 hoc
1336 601 252 98 modo.
1504 601 308 98 Constat
1727 601 252 98 enim,
1867 601 168 98 quod

509 680 441 91 spiritualibus
873 680 312 91 operibus
1106 680 389 91 supradictis
1418 680 260 91 maxime
1600 680 338 91 tenentur,
1833 680 208 91 vadare

522 746 174 80 ex
609 746 435 80 professione
957 746 232 80 sua.
1102 746 348 80 Monachi,
1364 746 145 80 &
1422 746 348 80 Clerici.
1683 746 261 80 Quod;
1828 746 203 80 autem

515 806 173 70 ad
602 806 259 70 omnes
774 806 345 70 Monachos
1033 806 345 70 egentes,
1293 806 144 70 &
1350 806 230 70 vnde
1494 806 317 70 viuant,
1724 806 288 70 aliter
1897 806 144 70 non

526 870 339 72 habentes,
787 870 365 72 extendatur
1073 870 365 72 praeceptum
1360 870 313 72 Apostoli
1595 870 417 72 supradictum,
1908 870 130 72 pa¬-

529 945 186 74 tet
636 945 186 74 per
742 945 372 74 Augustinum
1034 945 186 74 per
1140 945 239 74 totum
1300 945 266 74 librum
1485 945 159 74 De
1565 945 239 74 opere
1724 945 292 74 Monach.
1910 945 133 74 Vn¬-

532 1008 144 77 de
604 1008 144 77 in
676 1008 216 77 libro
821 1008 192 77 illo
941 1008 265 77 loquens
1133 1008 144 77 Ad
1205 1008 289 77 Monachos
1422 1008 457 77 Carthaginenses,
1782 1008 265 77 concludit

536 1077 190 86 cap.
655 1077 166 86 30.
750 1077 262 86 dicens.
941 1077 309 86 Postremo,
1178 1077 190 86 quod
1297 1077 238 86 vultis
1464 1077 262 86 sentire
1654 1077 143 86 de
1725 1077 238 86 nobis.
1868 1077 214 86 Paulus¬-

544 1132 274 84 Apostolus
755 1132 274 84 praecipit
966 1132 211 84 vobis,
1114 1132 127 84 vt
1177 1132 148 84 cum
1262 1132 274 84 silentio,
1473 1132 127 84 id
1536 1132 148 84 est
1621 1132 211 84 quieti
1769 1132 106 84 &
1790 1132 253 84 obedienter

531 1215 311 86 ordinati,
770 1215 311 86 operantes
1010 1215 215 86 panem
1153 1215 263 86 vestrum
1345 1215 359 86 manducetis.
1632 1215 215 86 Nota,
1776 1215 191 86 quod
1871 1215 168 86 dicit

535 1275 337 89 Augustinus.
804 1275 225 89 Paulus
961 1275 292 89 Apostolus
1186 1275 292 89 praecipie
1411 1275 225 89 vobis,
1568 1275 135 89 vt
1636 1275 157 89 cum
1725 1275 270 89 silentio
1905 1275 135 89 ppe¬-

527 1334 310 109 rantes,
752 1334 197 109 &c.
865 1334 169 109 Ad
949 1334 338 109 Monachos
1203 1334 225 109 ergo
1344 1334 394 109 extenditur
1654 1334 394 109 praeceptum
1935 1334 113 109 A¬-

541 1403 265 88 postoli
734 1403 362 88 supradictum

609 1446 149 95 §.
684 1446 149 95 Si
759 1446 249 95 dicas,
933 1446 224 95 prout
1082 1446 249 95 dicunt
1257 1446 249 95 quidam
1431 1446 199 95 Otii
1556 1446 374 95 Defensores,
1855 1446 199 95 quod
1954 1446 100 95 in

540 1544 191 85 illo
659 1544 215 85 libro
803 1544 286 85 loquitur
1018 1544 334 85 Augustinus
1280 1544 239 85 contra
1447 1544 215 85 illos
1590 1544 286 85 Monachos
1805 1544 286 85 tantsim,

534 1596 174 84 qui
634 1596 298 84 dicebant
857 1596 174 84 non
956 1596 248 84 debere
1130 1596 273 84 operari
1329 1596 422 84 corporaliter,
1677 1596 149 84 ne
1751 1596 248 84 fieret
1900 1596 149 84 gon¬-

537 1680 164 79 tra
630 1680 327 79 praeceptum
887 1680 234 79 Domini
1051 1680 281 79 dicentis
1262 1680 234 79 Matth.
1425 1680 140 79 6.
1496 1680 234 79 Nolite
1659 1680 304 79 solliciti
1893 1680 211 79 esse,

544 1751 199 78 quid
669 1751 374 78 manducetis,
968 1751 175 78 &c.
1068 1751 349 78 Superfluum
1342 1751 175 78 est
1442 1751 199 78 hoc;
1566 1751 399 78 Immoloquitur
1865 1751 175 78 etiam

538 1816 248 75 contra
712 1816 248 75 illos,
886 1816 199 75 qui,
1010 1816 223 75 licet
1159 1816 174 75 non
1258 1816 298 75 dicerent
1481 1816 248 75 contra
1655 1816 372 75 praecepiusi
1928 1816 124 75 Do¬-

549 1872 188 81 mini
667 1872 212 81 esse,
808 1872 376 81 corporaliter
1114 1872 282 81 operari;
1325 1872 235 81 tamen,
1490 1872 165 81 aut
1584 1872 259 81 propter
1772 1872 329 81 pigritiam,

552 1925 167 78 aut
648 1925 262 78 propter
838 1925 382 78 arrogantiam,
1149 1925 167 78 sub
1244 1925 310 78 praerextu
1482 1925 262 78 vacandi
1673 1925 429 78 spirithalibus,

548 1990 272 102 nolebant
752 1990 362 102 corporaliter
1046 1990 272 102 operari,
1250 1990 204 102 licet
1386 1990 339 102 necessariis
1657 1990 362 102 indigeresiti
1929 1990 113 102 sed

550 2076 286 87 volebant
764 2076 238 87 viuere
931 2076 143 87 de
1003 2076 286 87 quaestu,
1217 2076 262 87 manibus
1407 2076 286 87 otiosis.
1621 2076 190 87 Vnde
1741 2076 143 87 in
1788 2076 262 87 principio

542 2127 212 75 libri
684 2127 212 75 dicit
825 2127 330 75 Augustinus
1085 2127 142 75 Ad
1156 2127 283 75 Aurelium
1368 2127 330 75 Episcopum,
1627 2127 142 75 ad
1698 2127 212 75 cuius
1816 2127 236 75 instani¬-

545 2192 198 74 tiam
669 2192 322 74 composuit
917 2192 248 74 librum
1090 2192 248 74 illum.
1263 2192 272 74 Dominus
1462 2192 223 74 Iesus
1610 2192 297 74 Christus
1808 2192 248 74 habirans

544 2266 134 102 in
611 2266 291 102 interiori
835 2266 224 102 homine
992 2266 179 102 tuo,
1104 2266 246 102 tibique
1283 2266 403 102 sollicitudinem
1619 2266 269 102 paterna,
1798 2266 269 102 acfraterne

548 2342 327 83 charitatis
804 2342 327 83 inspirans,
1061 2342 210 83 vtrum
1201 2342 233 83 filiis
1364 2342 117 83 &
1411 2342 303 83 fratribus
1644 2342 303 83 Monachis,
1877 2342 187 83 quis
1971 2342 93 83 E.

542 2408 229 88 Paulo
694 2408 305 88 Apostolo
923 2408 280 88 obedire
1127 2408 331 88 negligunt
1381 2408 305 88 dicenti,
1610 2408 178 88 Qui
1712 2408 178 88 NON
1814 2408 204 88 VVET
1915 2408 153 88 DPE¬-

550 2462 227 104 RARI,
701 2462 176 104 NON
802 2462 327 104 MANDVCET,
1054 2462 378 104 permittenda
1356 2462 176 104 sit
1457 2462 201 104 illa
1582 2462 327 104 licantia?
1809 2462 252 104 volunta¬-

555 2522 163 91 tem
648 2522 139 91 ac
717 2522 255 91 linguam
903 2522 186 91 tuam
1019 2522 279 91 assumens
1228 2522 139 91 in
1298 2522 186 91 opus
1414 2522 209 91 suum,
1553 2522 302 91 imperauit
1785 2522 186 91 mihi
1901 2522 209 91 exte,

566 2601 142 92 vt
637 2601 189 92 hinc
755 2601 142 92 ad
826 2601 142 92 te
897 2601 260 92 aliquid
1086 2601 331 92 scriberem.
1346 2601 142 92 Et
1417 2601 236 92 infra.
1583 2601 236 92 Primum
1748 2601 189 92 ergo
1843 2601 236 92 videndum

522 2660 177 104 est,
633 2660 177 104 quid
743 2660 221 104 dicant
898 2660 221 104 illius
1053 2660 354 104 professionis
1341 2660 266 104 homines,
1540 2660 155 104 qui
1628 2660 243 104 operari
1805 2660 243 104 nolunt.
1960 2660 111 104 De¬
