2592 3508
485 146 199 98 inde
609 146 199 98 vero
734 146 298 98 ostendit
958 146 373 98 Augustinus,
1256 146 348 98 praeceptum
1529 146 298 98 Apostoli
1728 146 249 98 supradis

493 212 224 96 ctum,
642 212 174 96 non
742 212 199 96 esse
866 212 348 96 contrarium
1140 212 224 96 verbo
1289 212 323 96 Euangelii
1538 212 373 96 supradicto.
1812 212 149 96 Vnde

483 274 235 91 librum
647 274 211 91 illum
788 274 258 91 diuidit
975 274 329 91 Augustinus
1234 274 141 91 in
1304 274 188 91 duas
1421 274 258 91 partes;
1609 274 141 91 in
1679 274 235 91 quarum
1820 274 141 91 pri¬-

479 355 155 85 ma
557 355 337 85 ostendit,
816 355 207 85 quod
945 355 363 85 praeceptum
1230 355 311 85 Apostoli
1463 355 388 85 supradictum
1774 355 155 85 ad
1826 355 129 85 om¬-

485 420 172 73 nes
584 420 221 73 illos
731 420 369 73 extenditur,
1026 420 172 73 qui
1125 420 221 73 nullo
1272 420 295 73 legitimo
1494 420 369 73 impedimento
1764 420 197 73 deten¬-

477 483 161 66 ti,
569 483 253 66 operari
753 483 299 66 potentes,
983 483 161 66 sed
1075 483 299 66 nolentes,
1304 483 184 66 prae
1419 483 207 66 nimia
1557 483 276 66 egestate
1741 483 230 66 necessa¬-

476 554 169 83 ria
572 554 290 83 quaerere
790 554 386 83 compelluntur
1103 554 290 83 ;volens,
1320 554 145 83 vt
1393 554 121 83 a
1441 554 217 83 nullo
1586 554 314 83 indigeant
1803 554 169 83 victu

483 614 120 86 &
531 614 336 86 tegumento,
795 614 264 86 quoniam
986 614 168 86 hoc
1082 614 216 86 valet
1226 614 407 86 spiritualiter
1562 614 240 86 Seruis
1729 614 288 86 Christi.

475 674 152 99 In
551 674 278 99 secunda
753 674 202 99 vero
880 674 228 99 parte
1032 674 329 99 ostendit,
1285 674 202 99 quod
1411 674 278 99 operari
1614 674 304 99 manibus,
1816 674 152 99 pro¬-

487 754 191 66 pter
606 754 381 66 necessitatem
916 754 262 66 victus,
1106 754 167 66 non
1202 754 167 66 est
1297 754 333 66 contrarium
1559 754 214 66 illis
1678 754 286 66 praeceptis

484 813 227 61 Domini
643 813 227 61 Matth.
803 813 136 61 6.
871 813 227 61 Nolite
1030 813 296 61 solliciti
1257 813 182 61 esse
1371 813 296 61 dicentes,
1598 813 182 61 quid
1689 813 273 61 manducabi¬-

479 882 189 64 mut?
598 882 166 64 &c.
692 882 213 64 Item,
834 882 237 64 Nolite
1000 882 308 64 solliciti
1237 882 189 64 esse
1355 882 142 64 in
1426 882 331 64 crastinum,
1687 882 166 64 &c.
1782 882 189 64 Vnde
1876 882 95 64 in

471 954 211 64 eodem
611 954 188 64 lib.
729 954 188 64 cap.
846 954 141 64 3.
917 954 211 64 dicit
1057 954 329 64 Augustinus
1316 954 188 64 sic.
1433 954 211 64 Primo
1574 954 188 64 ergo
1668 954 305 64 demonstrare

486 1010 275 91 debemus,
693 1010 138 91 §.
761 1010 298 91 Apostolum
991 1010 229 91 Paulum
1151 1010 206 91 opera
1289 1010 321 91 corporalia
1541 1010 229 91 Seruos
1702 1010 161 91 Dei
1771 1010 206 91 operari

496 1076 295 81 voluisse,
723 1076 182 81 quae
837 1076 204 81 finem
973 1076 272 81 haberent
1177 1076 136 81 in
1245 1076 227 81 magnam
1404 1076 340 81 spiritualem
1676 1076 295 81 mercedem,
1880 1076 91 81 ad

482 1131 159 76 hoc
573 1131 136 76 vt
641 1131 182 76 ipsi
755 1131 205 76 victu
891 1131 114 76 &
937 1131 318 76 tegumentea
1187 1131 205 76 nullo
1323 1131 341 76 indigerent,
1596 1131 159 76 sed
1687 1131 250 76 manibus
1846 1131 136 76 suis

481 1197 151 79 hoc
568 1197 173 79 sibi
676 1197 346 79 procurarent;
957 1197 216 79 deinde
1108 1197 281 79 ostendere
1324 1197 173 79 illa
1433 1197 303 79 Evangelica
1670 1197 303 79 praecepta,
1887 1197 86 79 de

482 1282 229 75 quious
643 1282 298 75 nonnulli,
872 1282 161 75 non
964 1282 206 75 solum
1101 1282 321 75 pigritiam,
1354 1282 161 75 sed
1445 1282 115 75 &
1491 1282 344 75 arrogantiam
1767 1282 184 75 suam
1858 1282 115 75 fo¬-

482 1347 212 65 uent,
624 1347 330 65 Apostolico
884 1347 307 65 praecepto
1120 1347 118 65 &
1167 1347 260 65 exemplo
1355 1347 165 65 non
1450 1347 189 65 esse
1568 1347 330 65 contraria.
1804 1347 165 65 Patet

482 1393 293 78 igitur,
695 1393 213 78 quod
828 1393 373 78 Augustinus
1121 1393 373 78 praeceptum
1414 1393 319 78 Apostoli
1654 1393 160 78 de
1707 1393 266 78 operando

491 1474 272 61 manibus
689 1474 272 61 propter
887 1474 395 61 necessitatem
1208 1474 272 61 victus,
1406 1474 173 61 non
1504 1474 222 61 solum
1653 1474 272 61 inducit
1826 1474 148 61 con¬-

488 1540 172 88 tra
587 1540 221 88 illos
734 1540 319 88 Monachos,
979 1540 172 88 qui
1077 1540 294 88 dicebant
1297 1540 172 88 non
1395 1540 245 88 debere
1542 1540 417 88 corporaliterope

476 1602 208 72 rari,
615 1602 139 72 ne
684 1602 231 72 fieret
846 1602 231 72 contra
1007 1602 300 72 praecepta
1239 1602 300 72 Euangelii
1470 1602 347 72 supradicta;
1747 1602 162 72 sed
1816 1602 162 72 etiam

482 1675 245 72 contra
653 1675 220 72 illos
800 1675 318 72 Monachos,
1044 1675 171 72 seu
1142 1675 343 72 quoscumque
1411 1675 220 72 alios
1558 1675 245 72 Seruos
1729 1675 294 72 Christi,

480 1738 187 71 qui,
596 1738 210 71 licet
736 1738 163 71 non
830 1738 187 71 sint
946 1738 233 71 illius
1110 1738 233 71 falsae
1273 1738 327 71 opinionis;
1530 1738 233 71 tamen,
1693 1738 163 71 aut
1763 1738 210 71 propter

484 1802 401 90 arrogantiam,
810 1802 176 90 aut
910 1802 276 90 propter
1111 1802 226 90 aliam
1262 1802 251 90 causam
1437 1802 226 90 minus
1588 1802 351 90 legitimam,
1839 1802 125 90 no¬-

487 1857 201 100 lunt
612 1857 276 100 operari
813 1857 402 100 corporaliter
1140 1857 201 100 vnde
1266 1857 276 100 viuant,
1467 1857 176 100 cum
1567 1857 226 100 tamen
1693 1857 276 100 indigeant

485 1937 346 83 necessariis
762 1937 231 83 vitae,
923 1937 115 83 &
970 1937 115 83 a
1016 1937 300 83 praecepto
1247 1937 277 83 Apostoli
1454 1937 162 83 non
1547 1937 277 83 legitime
1731 1937 231 83 excusen¬-

496 1995 133 57 tur.

525 2026 150 104 §.
600 2026 224 104 Item;
749 2026 199 104 quod
874 2026 150 104 ad
949 2026 224 104 omnes
1098 2026 224 104 tales
1248 2026 299 104 Monachos
1472 2026 349 104 extendatur
1722 2026 249 104 praecae¬-

474 2138 200 67 ptum
599 2138 299 67 Apostoli
823 2138 399 67 supradictum,
1148 2138 225 67 patet
1297 2138 150 67 ex
1372 2138 175 67 eo,
1472 2138 200 67 quod
1597 2138 225 67 dicit
1722 2138 249 67 Hierony¬-

472 2185 188 74 mus
579 2185 161 74 Ad
660 2185 322 74 Rusticum
901 2185 349 74 Monachum.
1169 2185 161 74 Si
1250 2185 322 74 Apostoli
1491 2185 322 74 habentes
1706 2185 268 74 potesta¬-

477 2258 169 75 tem
573 2258 145 75 de
646 2258 314 75 Evangelio
887 2258 266 75 videre,
1081 2258 338 75 laborabant
1346 2258 266 75 manibus
1539 2258 217 75 suis,
1684 2258 145 75 ne
1733 2258 241 75 quemquam

483 2338 312 90 grauarent,
728 2338 111 90 &
772 2338 200 90 aliis
906 2338 312 90 tribuebant
1151 2338 334 90 refrigeria,
1418 2338 223 90 quorum
1574 2338 156 90 pro
1641 2338 334 90 spiritualibus

487 2400 265 68 debebant
685 2400 220 68 metere
840 2400 287 68 carnalia;
1060 2400 198 68 curtu
1192 2400 132 68 in
1259 2400 176 68 vsus
1369 2400 176 68 tuos
1479 2400 242 68 cessura
1655 2400 154 68 non
1721 2400 265 68 praepares;

485 2473 154 76 aut
573 2473 286 76 fiscellam
793 2473 176 76 texe
904 2473 220 76 iunco,
1058 2473 154 76 aut
1146 2473 286 76 canistrum
1366 2473 220 76 lentis
1520 2473 220 76 plecte
1675 2473 308 76 viminibus.
1895 2473 88 76 Et

483 2515 235 96 infra.
647 2515 282 96 Texantur
858 2515 188 96 lina
975 2515 305 96 capiendis
1210 2515 305 96 piscibus;
1444 2515 328 96 scribantur
1702 2515 117 96 &
1749 2515 235 96 libri,
1890 2515 94 96 vt

482 2601 127 58 &
532 2601 229 58 manus
685 2601 305 58 operetur
913 2601 254 58 cibos,
1091 2601 127 58 &
1142 2601 229 58 anima
1294 2601 305 58 satietur
1523 2601 330 58 lectione.
1777 2601 152 58 De
1828 2601 152 58 Con¬-

462 2666 225 74 sec.
602 2666 253 74 dist.
771 2666 169 74 5.
855 2666 225 74 ean.
996 2666 337 74 Numquam.
1249 2666 225 74 Item
1389 2666 393 74 Hieronymus
1698 2666 169 74 Ad
1754 2666 225 74 Mancum
