2592 3508
496 146 175 119 cos
596 146 250 119 arguit
771 146 150 119 de
846 146 426 119 dissolutione,
1197 146 125 119 &
1247 146 375 119 euagatione,
1547 146 125 119 &
1597 146 150 119 de
1673 146 350 119 hspotilsi,
1923 146 125 119 Pn¬-

485 260 145 77 ue
557 260 145 77 de
630 260 218 77 falso
776 260 242 77 nomine
945 260 388 77 sanctitatis,
1260 260 170 77 ita
1357 260 242 77 dicens
1527 260 412 77 Catarurtsquis
1842 260 194 77 ferat¬-

494 321 257 65 homines
681 321 351 65 contumaces,
961 321 374 65 saluberrimis
1265 321 444 65 Apostolimonitis
1639 321 374 65 resistentes,
1920 321 117 65 non

487 385 198 77 situt
619 385 331 77 infirmiores
884 385 287 77 tolerari,
1104 385 154 77 sed
1192 385 198 77 sicut
1325 385 309 77 sanctiores
1567 385 198 77 etiam
1699 385 331 77 praedicarii
1942 385 88 77 vt

494 441 322 99 Monasteria
747 441 299 99 sanctiore
977 441 276 99 doctrina
1184 441 276 99 fundata,
1391 441 230 99 gemina
1552 441 299 99 illecebra
1759 441 276 99 corrumpan¬-

497 516 175 74 tur,
606 516 109 74 &
650 516 284 74 dissoluta
869 516 262 74 licentia
1065 516 328 74 vagationis,
1328 516 109 74 &
1371 516 197 74 falio
1502 516 219 74 nomine
1655 516 350 74 sanctitatis;
1918 516 109 74 Ec¬-

490 577 154 77 ce
567 577 206 77 quod
696 577 360 77 Augustinus
979 577 309 77 Monachos
1210 577 334 77 operantes
1467 577 231 77 dicit
1622 577 309 77 meliores
1827 577 206 77 esse;&

492 654 416 79 fueliciores,
830 654 130 79 &
882 654 416 79 anteponendos
1220 654 182 79 non
1324 654 416 79 operantibus;
1662 654 182 79 non
1740 654 286 79 operantes

494 724 205 75 vero
623 724 359 75 contumaces
905 724 334 75 appellat,
1162 724 257 75 vtpote
1341 724 334 75 praecepto
1598 724 308 75 Apostoli
1829 724 154 75 de
1880 724 154 75 ope¬-

514 789 228 90 rando
666 789 279 90 manibus
868 789 177 90 non
970 789 380 90 obedientes;
1274 789 127 90 &
1325 789 253 90 illos,
1502 789 177 90 qui
1603 789 228 90 extra
1730 789 304 90 Monasteria

495 849 300 81 vagantur
720 849 250 81 semper
896 849 376 81 quaerentes,
1196 849 175 81 sub
1296 849 325 81 praetextu
1546 849 376 81 paupertatis
1822 849 200 81 habice

490 918 263 59 propter
682 918 311 59 Christum,
921 918 168 59 vel
1017 918 168 59 sub
1112 918 311 59 praetextu
1352 918 263 59 vacandi
1543 918 407 59 spiritualibus
1878 918 120 59 ;
1902 918 120 59 are

506 988 193 85 guit
626 988 144 85 de
699 988 409 85 dissolutione,
1036 988 120 85 &
1084 988 337 85 vagatione,
1349 988 120 85 &
1397 988 144 85 de
1469 988 337 85 hypocrisi,
1734 988 193 85 sile
1830 988 169 85 false

501 1042 258 95 nomine
682 1042 414 95 sanctitatis.
1018 1042 233 95 Hatet
1173 1042 284 95 igitur,
1380 1042 207 95 quod
1509 1042 362 95 praeceptum
1768 1042 258 95 Apostoli

514 1107 153 85 de
590 1107 306 85 operando
820 1107 408 85 corporaliter
1151 1107 281 85 propter
1355 1107 281 85 victum;
1559 1107 306 85 pertinet
1789 1107 153 85 ad
1840 1107 179 85 viros

510 1177 361 82 Regulares,
794 1177 181 82 qui
897 1177 258 82 Graece
1078 1177 284 82 Monachi
1284 1177 413 82 appellantur;
1620 1177 232 82 nisr;
1775 1177 155 82 ab
1826 1177 181 82 sillo

510 1258 330 86 praecepto
764 1258 305 86 legitime
992 1258 381 86 excusentur,
1297 1258 152 86 in
1373 1258 254 86 aliqno
1551 1258 254 86 casuum
1703 1258 305 86 praedicto¬-

509 1324 194 47 rum.

550 1373 160 89 §.
630 1373 213 89 Quod
763 1373 239 89 autem
923 1373 160 89 ad
1003 1373 319 89 Clericos
1242 1373 372 89 indigentes
1535 1373 372 89 extendatur
1801 1373 239 89 supras;

491 1450 253 74 dictum
668 1450 355 74 praeceptum
947 1450 329 74 Apostoli,
1200 1450 228 74 patet
1352 1450 228 74 ssic.
1504 1450 279 74 Legitur
1707 1450 203 74 enim
1833 1450 152 74 in
1884 1450 152 74 Gare

506 1513 341 83 thaginensi
774 1513 317 83 Concilio.
1017 1513 292 83 Clericus
1236 1513 244 83 victum
1407 1513 122 83 &
1456 1513 317 83 vestitum,
1699 1513 195 83 sibi
1797 1513 219 83 Artisi¬-

492 1580 228 67 ciolo,
652 1580 160 67 vel
743 1580 342 67 Agricultura
1017 1580 274 67 quaerat.
1222 1580 205 67 Dist.
1359 1580 160 67 91.
1451 1580 183 67 ean.
1565 1580 274 67 Clericus
1770 1580 228 67 victum
1907 1580 114 67 IEt

486 1637 135 101 ne
554 1637 225 101 dicere
712 1637 225 101 posset
870 1637 270 101 aliquis,
1072 1637 158 101 hoc
1163 1637 225 101 debere
1320 1637 293 101 intelligi
1546 1637 135 101 de
1613 1637 270 101 Cfericis
1794 1637 225 101 Idibuiss

488 1723 179 77 qui
591 1723 230 77 alios
744 1723 281 77 erudire
948 1723 179 77 non
1050 1723 306 77 possunt,
1279 1723 128 77 &
1330 1723 204 77 ideo
1458 1723 281 77 tamquam
1662 1723 332 77 Agricolae
1891 1723 128 77 de¬-

488 1772 201 86 bent
613 1772 276 86 manibus
814 1772 301 86 operari,
1040 1772 201 86 ideo
1165 1772 301 86 sequitur
1391 1772 151 86 in
1466 1772 226 86 eodem
1617 1772 326 86 Concilio,
1868 1772 151 86 &&
1918 1772 100 86 in

487 1850 175 79 ead.
597 1850 197 79 dist.
728 1850 285 79 Clericus,
947 1850 351 79 quamtumlibet
1232 1850 197 79 verbo
1364 1850 153 79 Dei
1451 1850 285 79 eruditas,
1670 1850 329 79 Avtifioiolu
1911 1850 110 79 vi¬-

489 1904 198 80 ctum
613 1904 297 80 quaerat.
836 1904 149 80 Et
910 1904 149 80 ne
984 1904 297 80 Clerici,
1207 1904 272 80 propter
1405 1904 371 80 ignorantiam
1677 1904 347 80 oberandisise

492 1983 266 80 valeant
685 1983 314 80 excusare;
927 1983 290 80 sequitur
1145 1983 145 80 in
1217 1983 218 80 eodem
1362 1983 314 80 CbBcilio;
1604 1983 121 80 &
1652 1983 169 80 ill
1749 1983 314 80 eadieist,

485 2047 205 92 omnes
622 2047 274 92 clerici,
827 2047 160 92 qui
918 2047 137 92 ad
987 2047 296 92 operandum
1215 2047 182 92 sunt
1329 2047 228 92 validi
1489 2047 114 92 &
1534 2047 365 92 artificiola;
1831 2047 114 92 &
1853 2047 160 92 litea

488 2122 171 75 ras
585 2122 293 75 discant.
805 2122 195 75 Ecce
927 2122 195 75 quod
1048 2122 341 75 praeceptum
1317 2122 293 75 Apostoli
1536 2122 366 75 supradictum
1804 2122 171 75 exter

490 2178 217 90 ditur
635 2178 145 90 ad
707 2178 290 90 Clericos
925 2178 362 90 indigentes,
1215 2178 121 90 &
1263 2178 338 90 literatos;
1529 2178 169 90 qui
1625 2178 217 90 tamen
1746 2178 266 90 spirituse

486 2233 218 110 libus
631 2233 242 110 vacare
800 2233 314 110 tenentur,
1042 2233 290 110 secundùm
1260 2233 193 110 quod
1380 2233 266 110 dicitur
1574 2233 145 110 in
1646 2233 290 110 capitulo
1840 2233 169 110 prae¬-

487 2307 273 76 allegato
692 2307 205 76 dist.
828 2307 159 76 31.
919 2307 182 76 ean.
1033 2307 273 76 Clericus
1238 2307 227 76 victum
1397 2307 114 76 ;
1442 2307 136 76 in
1511 2307 182 76 fne.
1624 2307 159 76 Hoc
1715 2307 227 76 autems
1852 2307 159 76 quodi

488 2376 274 108 dicitur
688 2376 175 108 hic
787 2376 150 108 de
862 2376 324 108 corporasi
1112 2376 324 108 Clencorum
1361 2376 274 108 labore;
1561 2376 424 108 intelligendum
1885 2376 125 108 est

488 2437 309 82 secundum
720 2437 283 82 antiqua
926 2437 206 82 iura
1055 2437 232 82 Hodie
1209 2437 232 82 vero,
1363 2437 180 82 tum
1466 2437 180 82 non
1569 2437 283 82 debeant
1750 2437 257 82 Bbisugil

488 2513 145 79 pi
560 2513 290 79 Clericos
778 2513 193 79 sine
899 2513 266 79 titulis
1092 2513 314 79 ordinare,
1333 2513 362 79 introductum
1623 2513 169 79 est
1720 2513 169 79 ili
1793 2513 217 79 odisint

488 2572 375 109 Episcoporum
788 2572 375 109 ordinantium
1087 2572 200 109 sine
1212 2572 300 109 titulis;
1437 2572 200 109 Quod
1562 2572 275 109 debeant
1736 2572 275 109 ordinatis

488 2643 136 93 ab
556 2643 158 93 eis
647 2643 317 93 necessaria
896 2643 317 93 prouidere.
1144 2643 204 93 Extra
1280 2643 136 93 De
1348 2643 317 93 Prabendis.
1597 2643 181 93 cab)
1710 2643 158 93 Non
1800 2643 249 93 liceat;

487 2708 121 110 &
535 2708 194 110 cap.
656 2708 339 110 Episcopus;
923 2708 121 110 &
971 2708 169 110 sic
1068 2708 169 110 hon
1165 2708 291 110 tenentur
1383 2708 218 110 hodie
1528 2708 266 110 Gericis
1721 2708 218 110 Ialce
1867 2708 194 110 iist
