2592 3508
490 90 371 75 Subdiaconi,
787 90 124 75 &
837 90 247 75 supra,
1010 90 396 75 corporaliter
1332 90 297 75 operari;
1554 90 173 75 dum
1653 90 223 75 tamen
1777 90 198 75 possit

481 178 178 66 eis
582 178 152 66 ab
658 178 330 66 Episcopis
912 178 406 66 ordinantibus
1242 178 355 66 prouideri;
1520 178 304 66 alioquin
1723 178 254 66 tenentur

492 240 267 67 operari
686 240 388 67 corporaliter
1001 240 291 67 secundum
1220 240 194 67 iura
1341 240 340 67 praedicta,
1608 240 267 67 potius,
1802 240 194 67 quam
1899 240 97 67 se

485 283 326 86 exponere
729 283 462 86 mendicationi;
1110 283 136 86 &
1164 283 190 86 hoc
1273 283 190 86 non
1382 283 326 86 obstante
1627 283 245 86 opere
1763 283 217 86 spiui¬-

500 362 176 66 tuali.

558 428 143 79 §.
630 428 167 79 Sic
725 428 263 79 igitur,
917 428 167 79 cum
1012 428 143 79 ad
1084 428 311 79 Monachos,
1323 428 119 79 &
1371 428 287 79 Clericos
1586 428 335 79 indigentes
1825 428 167 79 (quae

492 490 308 89 personae
723 490 256 89 maxime
903 490 308 89 tenentur
1134 490 256 89 vacare
1313 490 462 89 spiritualibus)
1672 490 308 89 extendatur

498 569 360 82 praeceptum
781 569 308 82 Apostoli
1012 569 411 82 supradictum;
1346 569 411 82 Relinquitur,
1681 569 206 82 quod
1783 569 206 82 vacare

495 617 433 84 spiritualibus,
856 617 168 84 non
952 617 265 84 exculat
1144 617 240 84 semper
1313 617 120 84 a
1361 617 313 84 praecepto
1601 617 289 84 Apostoli
1794 617 192 84 supra¬-

501 682 232 73 dicto,
663 682 255 73 quamuis
849 682 348 73 spiritualia
1127 682 209 73 opera
1267 682 371 73 corporalibus
1568 682 186 73 sint
1684 682 278 73 meliora.
1870 682 116 73 Si¬-

496 753 172 72 cut
595 753 197 72 enim
718 753 394 72 philosophari
1038 753 369 72 simpliciter
1334 753 320 72 loquendo,
1580 753 246 72 melius
1752 753 172 72 est
1826 753 148 72 quam

500 818 250 93 ditari,
682 818 205 93 tamen
819 818 296 93 indigenti
1047 818 341 93 necessariis
1320 818 228 93 melius
1479 818 159 93 est
1570 818 250 93 ditari,
1752 818 182 93 quam
1843 818 137 93 phi¬-

500 895 320 75 losophari,
751 895 137 75 vt
820 895 206 75 dicit
957 895 366 75 Philosophus;
1254 895 183 75 ita,
1368 895 206 75 licet
1505 895 343 75 simpliciter
1757 895 228 75 loquendo

488 962 270 66 meliora
685 962 196 66 sint
807 962 221 66 opera
954 962 392 66 spiritualia,
1273 962 196 66 quam
1396 962 368 66 corporalia,
1690 962 221 66 tamen
1812 962 172 66 indi¬-

503 1042 209 67 genti
642 1042 348 67 necessariis
921 1042 232 67 melius
1083 1042 163 67 est
1176 1042 348 67 interponere
1455 1042 209 67 opera
1594 1042 348 67 spiritualia
1850 1042 139 67 pro¬-

501 1105 212 67 pter
633 1105 238 67 opera
792 1105 397 67 corporalia,
1109 1105 212 67 vnde
1242 1105 265 67 viuat,
1427 1105 212 67 quam
1559 1105 159 67 si
1639 1105 291 67 vacundo
1824 1105 159 67 spi¬-

503 1143 301 81 tualibus,
735 1143 232 81 quibus
897 1143 162 81 per
989 1143 301 81 Ecclesiam
1221 1143 162 81 non
1314 1143 162 81 est
1407 1143 348 81 adstrictus,
1685 1143 255 81 cogatur
1847 1143 139 81 ege¬-

502 1212 206 72 state
639 1212 320 72 necessaria
891 1212 251 72 petere,
1074 1212 137 72 vt
1142 1212 274 72 ostensum
1348 1212 160 72 est
1439 1212 206 72 supra
1577 1212 183 72 ead.
1691 1212 206 72 dist.
1828 1212 137 72 §.
1874 1212 114 72 Di¬-

501 1305 167 59 cet
596 1305 214 59 autem

575 1346 136 74 §.
643 1346 205 74 Item,
780 1346 182 74 quod
894 1346 227 74 vacare
1053 1346 387 74 spiritualibus
1371 1346 341 74 praedictis,
1644 1346 296 74 videlicet
1849 1346 136 74 ora¬-

500 1438 222 53 tioni,
655 1438 289 53 lectioni,
878 1438 400 53 praedicationi,
1211 1438 178 53 siue
1322 1438 311 53 doctrinae,
1567 1438 156 53 vel
1656 1438 378 53 disputationi,

508 1489 165 80 non
603 1489 259 80 excuset
791 1489 212 80 viros
932 1489 353 80 spirituales
1215 1489 353 80 necessariis
1497 1489 353 80 indigentes,
1757 1489 235 80 quominus

505 1538 299 74 operentur
735 1538 299 74 nmanibus,
965 1538 184 74 vnde
1080 1538 253 74 viuant;
1265 1538 184 74 nisi
1380 1538 276 74 militiae
1587 1538 368 74 Christianae,
1863 1538 138 74 tali

507 1609 183 84 sint
621 1609 366 84 occupationae
918 1609 320 84 districti,
1170 1609 183 84 quod
1284 1609 206 84 nihil
1421 1609 206 84 aliud
1558 1609 206 84 agere
1695 1609 274 84 possint;
1878 1609 114 84 vel

495 1674 184 69 nisi
610 1674 252 69 fuerint
793 1674 344 69 infirmitate
1069 1674 275 69 corporis
1275 1674 298 69 impediti,
1504 1674 161 69 sic
1596 1674 229 69 potest
1757 1674 275 69 ostendi.

521 1739 252 95 Vacare
697 1739 252 95 namque
874 1739 303 95 orationi
1101 1739 126 95 &
1151 1739 303 95 psalmis,
1378 1739 176 95 non
1479 1739 277 95 exculat
1680 1739 176 95 eos
1781 1739 151 95 ab
1832 1739 151 95 ope¬-

506 1818 227 87 rando
657 1818 429 87 corporaliteri
1011 1818 202 87 quia
1137 1818 227 87 etia,
1289 1818 303 87 operando
1516 1818 278 87 possunt
1718 1818 303 87 psallere
1920 1818 76 87 &

515 1862 273 113 oliire;
714 1862 124 113 &
764 1862 298 113 ficetiam
987 1862 249 113 aborem
1161 1862 199 113 suum
1286 1862 348 113 corporalem
1559 1862 348 113 consolari,
1832 1862 249 113 sicut,

504 1931 346 90 Qpifices,
770 1931 346 90 paculates
1036 1931 292 90 laborem
1249 1931 213 90 suum
1382 1931 585 90 corporalemplurimum
1860 1931 133 90 sa¬-

503 2010 221 84 buuis
651 2010 344 84 fheatricis
921 2010 393 84 consolantur,
1240 2010 221 84 licet
1387 2010 221 84 manus
1535 2010 221 84 eorum
1682 2010 147 84 ab
1756 2010 221 84 opere
1878 2010 123 84 non

492 2086 335 73 recedant.
750 2086 206 73 Vnde
878 2086 360 73 Augustinus
1162 2086 154 73 in
1239 2086 206 73 lib.
1367 2086 154 73 De
1445 2086 232 73 opere
1599 2086 360 73 Monachorum
1857 2086 154 73 cap.

507 2128 142 94 1.
578 2128 260 94 Cantica
767 2128 189 94 vero
886 2128 236 94 diurna
1051 2128 284 94 cantaro,
1264 2128 213 94 etiam
1406 2128 260 94 manibus
1595 2128 307 94 operantes
1808 2128 189 94 facile

506 2204 284 78 possunt,
719 2204 118 78 &
767 2204 402 78 ipsumilaborem
1098 2204 284 78 tamquam,
1311 2204 237 78 diuino
1476 2204 308 78 ccleumate
1713 2204 331 78 consolari.

503 2262 230 97 Hota,
657 2262 204 97 quod
785 2262 281 97 celeuma
989 2262 179 97 est
1091 2262 281 97 proprie
1296 2262 281 97 cantus.
1500 2262 332 97 Nautarum,
1755 2262 204 97 quem
1858 2262 153 97 can¬-

503 2350 205 69 tant
631 2350 205 69 prae
759 2350 281 69 gaudio,
964 2350 256 69 quando
1143 2350 154 69 de
1220 2350 205 69 mari
1348 2350 256 69 vident
1527 2350 256 69 terram
1706 2350 333 69 apparere;
1936 2350 77 69 &

507 2394 275 108 ponitur
707 2394 200 108 hic,
832 2394 200 108 pro,
956 2394 300 108 quolibet
1181 2394 225 108 cantu
1331 2394 424 108 consolatorio.
1680 2394 325 108 Sequitur.
1905 2394 100 108 An

500 2465 299 105 ignoramus
730 2465 299 105 opifices,
959 2465 230 105 quibus
1120 2465 368 105 vanitatibus,
1419 2465 115 105 &
1465 2465 322 105 plaerumque
1717 2465 207 105 etiam
1832 2465 184 105 turpi¬-

497 2538 318 82 tudinibus
741 2538 391 82 speatricarum
1058 2538 318 82 fabularum
1303 2538 269 82 donent,
1498 2538 220 82 corda
1645 2538 122 82 &
1693 2538 293 82 linguas,
1889 2538 122 82 cum

489 2592 211 108 minis
629 2592 141 108 ab
699 2592 211 108 opere
840 2592 164 108 non
934 2592 351 108 reeidansti,
1215 2592 187 108 Quid
1332 2592 351 108 ergoimpedit
1613 2592 234 108 seruum
1777 2592 164 108 Dei
1847 2592 164 108 mani¬
