2592 3508
512 99 155 113 bas
601 99 288 113 operantem
822 99 133 113 in
889 99 177 113 lege
1000 99 466 113 Domiuliineditari¬
1399 99 333 113 Quiffallere
1665 99 177 113 sion
1776 99 155 113 ini
1864 99 244 113 Domini;

477 195 322 73 altissimis

567 270 143 76 §.
639 270 191 76 Quod
758 270 191 76 vero
877 270 238 76 dicunt
1044 270 143 76 se
1115 270 238 76 vacare
1282 270 262 76 diuinae
1472 270 333 76 leotsonis;
1734 270 167 76 non
1830 270 167 76 eos
1901 270 143 76 Exi¬-

521 324 242 85 culat,
690 324 169 85 sed
787 324 217 85 magis
932 324 290 85 accusat,
1149 324 169 85 cum
1246 324 145 85 in
1318 324 362 85 eainuersant
1608 324 387 85 praeceituimt
1898 324 145 85 tisi

522 401 274 68 postoli
721 401 398 68 supradictum,
1044 401 323 68 videlicet
1293 401 149 68 de
1368 401 298 68 operando
1567 401 472 68 vnaribusepropter;

504 463 297 92 victum.
720 463 324 92 Peruersi
963 463 216 92 sunt
1098 463 216 92 ergo
1233 463 270 92 semper
1423 463 324 92 legendo;
1666 463 135 92 &
1720 463 216 92 quod
1828 463 216 92 doLet¬-

523 523 279 82 lectio,
725 523 177 82 non
827 523 279 82 agendo;
1029 523 304 82 nolentes
1257 523 253 82 facere
1435 523 380 82 quouleguut,
1739 523 152 82 vo
1790 523 253 82 diutius.

532 587 249 103 legere
706 587 299 103 possint.
930 587 199 103 Vnde
1055 587 349 103 Augustinus
1329 587 149 103 in
1404 587 199 103 eode
1528 587 398 103 caprguraurem
1852 587 149 103 se
1902 587 149 103 qlii

532 666 169 74 cunt
637 666 211 74 vacare
785 666 274 74 lectioni,
996 666 190 74 nonne
1123 666 190 74 illic
1250 666 296 74 inueniunt,
1482 666 169 74 quod
1588 666 274 74 praecipit
1778 666 253 74 Spostoluss

537 729 170 74 Quae
643 729 149 74 est
728 729 170 74 ergo
835 729 170 74 ista
941 729 340 74 peruersitas,
1217 729 255 74 lectioni
1409 729 191 74 nolle
1536 729 340 74 obtemperare;
1813 729 149 74 dum
1877 729 170 74 vulret

543 795 250 81 vacare;
725 795 114 81 &
771 795 137 81 vt
839 795 182 81 quod
953 795 205 81 bonum
1090 795 182 81 est,
1204 795 250 81 diutius
1386 795 250 81 feratur
1568 795 114 81 ;
1636 795 182 81 rdeu
1750 795 228 81 facere
1887 795 159 81 volle

532 850 233 103 bonum;
695 850 186 103 quod
811 850 280 103 legitur?
1021 850 186 103 Quis
1137 850 186 103 enim
1254 850 256 103 nesciat
1440 850 513 103 tantocitiusquemque
1860 850 186 103 prosi¬-

535 927 198 70 cere,
667 927 154 70 cum
755 927 176 70 bona
865 927 220 70 legit;
1019 927 352 70 quantocitius
1305 927 220 70 facit,
1459 927 176 70 quod
1569 927 242 70 segitE?
1745 927 330 70 LOTRI¬IPEE;

576 991 141 78 §.
647 991 188 78 Quod
765 991 212 78 autem
906 991 141 78 se
977 991 235 78 dicunt
1141 991 565 78 vacarespraedicadoni,
1636 991 188 78 siue
1754 991 330 78 doctrinae,

532 1054 176 72 vel
632 1054 427 72 disputatroni,
984 1054 251 72 nomeos
1160 1054 327 72 similiter
1412 1054 151 72 ab
1487 1054 302 72 ogerando
1713 1054 302 72 exenfat;
1914 1054 126 72 dum

525 1127 290 83 nonomnes
742 1127 266 83 valeant
935 1127 338 83 praedicare
1201 1127 169 83 vel
1298 1127 266 83 docere;
1491 1127 193 83 etsi
1611 1127 217 83 etiam
1756 1127 241 83 omises
1901 1127 145 83 pos¬-

520 1178 223 74 sent,
669 1178 248 74 melius
843 1178 223 74 tamen
992 1178 199 74 est,
1116 1178 199 74 quod
1240 1178 620 74 successiuepraedicent,
1786 1178 174 74 vel
1860 1178 174 74 doces

519 1266 190 72 ant,
638 1266 190 72 quam
757 1266 190 72 quod
875 1266 237 72 simul;
1041 1266 142 72 ne
1113 1266 261 72 caeteri
1302 1266 142 72 a.
1374 1266 356 72 necessariis
1658 1266 308 72 dperibsus
1872 1266 166 72 impes

522 1317 287 81 diantur
730 1317 130 81 &
782 1317 234 81 etiam
939 1317 208 81 quod
1069 1317 182 81 vno
1173 1317 417 81 praedicante,
1486 1317 547 81 ieliddeenteupossunt

517 1389 213 87 multi
659 1389 261 87 audire.
849 1389 190 87 Vnde
968 1389 332 87 Augustinus
1228 1389 142 87 in
1299 1389 190 87 eod.
1418 1389 190 87 cap.
1536 1389 142 87 Si
1607 1389 213 87 autem
1750 1389 237 87 alicui
1892 1389 142 87 sepu

518 1451 144 92 mo
590 1451 311 92 erogandus
829 1451 168 92 est
925 1451 120 92 &
973 1451 168 92 ita
1069 1451 263 92 occupet
1260 1451 144 92 vt
1332 1451 287 92 manibiss
1547 1451 263 92 operari
1739 1451 168 92 non
1835 1451 239 92 vacet?

519 1529 245 77 numquid
697 1529 200 77 omnes
830 1529 134 77 in
897 1529 156 77 Mon
986 1529 245 77 asterio
1164 1529 245 77 possunt
1342 1529 334 77 venientibus
1609 1529 134 77 ad
1676 1529 134 77 se
1743 1529 134 77 ex
1809 1529 178 77 alio
1898 1529 134 77 gend

520 1585 133 76 re
586 1585 200 76 vitae
720 1585 289 76 fratribus
941 1585 155 76 vel
1030 1585 244 76 disinas
1208 1585 289 76 lectiones
1430 1585 289 76 exponere;
1652 1585 200 76 velde
1763 1585 266 76 aliquibius

520 1656 373 88 quaestionibus
827 1656 307 88 salubriter
1069 1656 307 88 disputare?
1310 1656 220 88 Quando
1464 1656 176 88 ergo
1574 1656 154 88 non
1662 1656 417 88 omnesspossauit,

519 1714 168 74 cur
615 1714 168 74 sub
711 1714 168 74 hoc
807 1714 264 74 obtentu
999 1714 216 74 omnes
1143 1714 240 74 vacare
1310 1714 264 74 volunt?
1502 1714 336 74 Quamquaum,
1742 1714 288 74 ersionines

522 1777 249 90 possant,
709 1777 352 90 vicissitudine
999 1777 186 90 tamen
1123 1777 207 90 facere
1268 1777 269 90 deberent;
1475 1777 145 90 non
1558 1777 207 90 solum,
1703 1777 124 90 ne
1765 1777 228 90 caeteri
1910 1777 124 90 Ane¬-

528 1843 264 82 cessariis
731 1843 243 82 operibus
913 1843 345 82 occuparentur;
1197 1843 142 82 sed
1278 1843 203 82 etiam;
1420 1843 162 82 quia
1522 1843 264 82 safficit;
1725 1843 122 82 vt
1765 1843 264 82 audientibus

526 1915 283 80 pluribus,
744 1915 196 80 vnius
874 1915 283 80 loquatur;
1091 1915 217 80 Restat
1244 1915 239 80 igitur;
1417 1915 174 80 quod
1526 1915 217 80 vacare
1678 1915 391 80 spiritualibus;

522 1970 338 108 spirituales
793 1970 203 108 viros
928 1970 338 108 necessariis
1198 1970 360 108 indigerites,
1491 1970 338 108 nontextusat
1762 1970 158 108 iab
1829 1970 203 108 operalm

523 2041 149 98 do
598 2041 272 98 manibus
796 2041 272 98 propter
994 2041 272 98 victum,
1192 2041 198 98 nisi
1315 2041 149 98 in
1390 2041 272 98 casibus
1588 2041 371 98 supradiolis
1885 2041 149 98 qust

561 2112 139 89 §.
630 2112 185 89 Item
746 2112 231 89 forsan
908 2112 278 89 obijciet
1116 2112 347 89 Otiositatis
1393 2112 301 89 Defensor,
1625 2112 185 89 etsi
1740 2112 208 89 opore
1856 2112 185 89 spiri¬-

519 2177 251 94 tualia,
702 2177 182 94 quae
816 2177 137 94 ad
884 2177 274 94 priuatam
1089 2177 319 94 vtilitatem
1340 2177 319 94 pertinent;
1591 2177 114 94 &
1636 2177 182 94 sunt
1750 2177 319 94 erationes;

511 2247 454 86 exhortationes,
889 2247 126 86 &
940 2247 328 86 sectiones
1192 2247 303 86 priuate;
1419 2247 328 86 aliquando
1646 2247 378 86 interpoinerdu

518 2298 195 110 sint
639 2298 268 110 propter
834 2298 585 110 operacorpgraliaiunde
1346 2298 244 110 victus
1516 2298 463 110 habeatustardlen
1882 2298 146 110 illa

518 2366 353 112 spiritualia
801 2366 235 112 opern;
965 2366 188 112 quae
1083 2366 306 112 pertinent
1318 2366 141 112 ad
1388 2366 282 112 publieam
1600 2366 329 112 vtibitatem
1835 2366 188 112 Eecle¬-

515 2432 215 114 siae,
659 2432 144 114 vt
730 2432 168 114 est
826 2432 263 114 publice
1018 2432 359 114 praedicare;
1305 2432 263 114 publice
1496 2432 263 114 idocere
1688 2432 120 114 i
1736 2432 239 114 populi
1879 2432 144 114 cons

505 2506 315 104 fessiones
747 2506 266 104 audire,
940 2506 121 104 &
989 2506 169 104 eis
1085 2506 387 104 poenitentias
1400 2506 315 104 salutares
1642 2506 363 104 tiniungere,
1908 2506 121 104 vel

508 2581 236 69 aliis
665 2581 236 69 modis
822 2581 288 69 regimen
1032 2581 315 69 animarum
1268 2581 341 69 exereere;
1530 2581 210 69 nnon
1661 2581 210 69 sunt
1766 2581 262 69 interpor

505 2649 254 101 nerida
682 2649 279 101 propter
885 2649 229 101 opera
1038 2649 381 101 corporalia;
1342 2649 178 101 sed
1444 2649 305 101 exeusant
1673 2649 127 101 a
1723 2649 330 101 praecopio
1952 2649 76 101 A
