<?xml version="1.0" encoding="UTF-8"?>
<alto xmlns:xsi="http://www.w3.org/2001/XMLSchema-instance"
      xmlns="http://www.loc.gov/standards/alto/ns-v4#"
      xmlns:page="http://schema.primaresearch.org/PAGE/gts/pagecontent/2013-07-15"
      xsi:schemaLocation="http://www.loc.gov/standards/alto/ns-v4# https://www.loc.gov/standards/alto/v4/alto.xsd">
   <Description>
      <MeasurementUnit>pixel</MeasurementUnit>
      <OCRProcessing ID="IdOcr">
         <ocrProcessingStep>
            <processingDateTime>2021-04-28T07:31:18.91-04:00</processingDateTime>
            <processingSoftware>
               <softwareCreator>READ COOP</softwareCreator>
               <softwareName>Transkribus</softwareName>
            </processingSoftware>
         </ocrProcessingStep>
      </OCRProcessing>
   </Description>
   <Tags/>
   <Layout>
      <Page ID="Page1" PHYSICAL_IMG_NR="1" HEIGHT="3508" WIDTH="2592">
         <TopMargin HEIGHT="0" WIDTH="2592" VPOS="0" HPOS="0"/>
         <LeftMargin HEIGHT="3508" WIDTH="0" VPOS="0" HPOS="0"/>
         <RightMargin HEIGHT="3508" WIDTH="0" VPOS="0" HPOS="2592"/>
         <BottomMargin HEIGHT="0" WIDTH="2592" VPOS="3508" HPOS="0"/>
         <PrintSpace HEIGHT="3508" WIDTH="2592" VPOS="0" HPOS="0">
            <TextBlock ID="r1" HEIGHT="2677" WIDTH="1525" VPOS="129" HPOS="486">
               <Shape>
                  <Polygon POINTS="486,129 490,2806 2011,2806 2007,129"/>
               </Shape>
               <TextLine ID="r1l3"
                         BASELINE="495,246 567,243 640,242 713,240 786,240 859,239 932,239 1005,237 1078,237 1151,237 1224,237 1296,237 1369,237 1442,236 1515,236 1588,234 1661,234 1734,233 1807,231 1880,229 1953,227"
                         HEIGHT="169"
                         WIDTH="1476"
                         VPOS="106"
                         HPOS="486">
                  <String HEIGHT="169"
                          WIDTH="266"
                          VPOS="106"
                          HPOS="462"
                          CONTENT="postoli"/>
                  <SP HEIGHT="169" WIDTH="24" VPOS="106" HPOS="728"/>
                  <String HEIGHT="169"
                          WIDTH="363"
                          VPOS="106"
                          HPOS="655"
                          CONTENT="supradicto,"/>
                  <SP HEIGHT="169" WIDTH="24" VPOS="106" HPOS="1018"/>
                  <String HEIGHT="169"
                          WIDTH="242"
                          VPOS="106"
                          HPOS="946"
                          CONTENT="marime"/>
                  <SP HEIGHT="169" WIDTH="24" VPOS="106" HPOS="1188"/>
                  <String HEIGHT="169"
                          WIDTH="242"
                          VPOS="106"
                          HPOS="1115"
                          CONTENT="illos,"/>
                  <SP HEIGHT="169" WIDTH="24" VPOS="106" HPOS="1357"/>
                  <String HEIGHT="169"
                          WIDTH="169"
                          VPOS="106"
                          HPOS="1284"
                          CONTENT="qui"/>
                  <SP HEIGHT="169" WIDTH="24" VPOS="106" HPOS="1454"/>
                  <String HEIGHT="169"
                          WIDTH="557"
                          VPOS="106"
                          HPOS="1381"
                          CONTENT="propteruecessitatem"/>
                  <SP HEIGHT="169" WIDTH="24" VPOS="106" HPOS="1938"/>
                  <String HEIGHT="169"
                          WIDTH="121"
                          VPOS="106"
                          HPOS="1841"
                          CONTENT="Ec¬"
                          SUBS_TYPE="HypPart1"
                          SUBS_CONTENT="Ecclesiae"/>
                  <HYP CONTENT="-"/>
               </TextLine>
               <TextLine ID="r1l4"
                         BASELINE="486,312 559,311 633,309 707,308 781,306 855,306 929,305 1003,304 1077,303 1151,303 1225,303 1298,302 1372,302 1446,302 1520,300 1594,300 1668,299 1742,299 1816,297 1890,296 1964,294"
                         HEIGHT="81"
                         WIDTH="1498"
                         VPOS="243"
                         HPOS="476">
                  <String HEIGHT="81"
                          WIDTH="275"
                          VPOS="243"
                          HPOS="451"
                          CONTENT="clesiae"
                          SUBS_TYPE="HypPart2"
                          SUBS_CONTENT="Ecclesiae"/>
                  <SP HEIGHT="81" WIDTH="25" VPOS="243" HPOS="726"/>
                  <String HEIGHT="81"
                          WIDTH="200"
                          VPOS="243"
                          HPOS="651"
                          CONTENT="sunt"/>
                  <SP HEIGHT="81" WIDTH="25" VPOS="243" HPOS="851"/>
                  <String HEIGHT="81"
                          WIDTH="325"
                          VPOS="243"
                          HPOS="776"
                          CONTENT="huiusmodi"/>
                  <SP HEIGHT="81" WIDTH="25" VPOS="243" HPOS="1100"/>
                  <String HEIGHT="81"
                          WIDTH="424"
                          VPOS="243"
                          HPOS="1025"
                          CONTENT="spiritualibus"/>
                  <SP HEIGHT="81" WIDTH="25" VPOS="243" HPOS="1450"/>
                  <String HEIGHT="81"
                          WIDTH="325"
                          VPOS="243"
                          HPOS="1375"
                          CONTENT="occupati;"/>
                  <SP HEIGHT="81" WIDTH="25" VPOS="243" HPOS="1699"/>
                  <String HEIGHT="81"
                          WIDTH="225"
                          VPOS="243"
                          HPOS="1624"
                          CONTENT="minus"/>
                  <SP HEIGHT="81" WIDTH="25" VPOS="243" HPOS="1849"/>
                  <String HEIGHT="81"
                          WIDTH="200"
                          VPOS="243"
                          HPOS="1774"
                          CONTENT="enim"/>
                  <SP HEIGHT="81" WIDTH="25" VPOS="243" HPOS="1974"/>
                  <String HEIGHT="81" WIDTH="100" VPOS="243" HPOS="1874" CONTENT="in"/>
               </TextLine>
               <TextLine ID="r1l5"
                         BASELINE="507,372 579,372 652,372 725,372 797,372 870,372 943,372 1015,371 1088,371 1161,371 1234,371 1306,370 1379,369 1452,369 1524,368 1597,368 1670,366 1742,365 1815,365 1888,363 1961,362"
                         HEIGHT="76"
                         WIDTH="1472"
                         VPOS="315"
                         HPOS="498">
                  <String HEIGHT="76" WIDTH="166" VPOS="315" HPOS="474" CONTENT="cis"/>
                  <SP HEIGHT="76" WIDTH="24" VPOS="315" HPOS="640"/>
                  <String HEIGHT="76"
                          WIDTH="380"
                          VPOS="315"
                          HPOS="569"
                          CONTENT="proficerent,"/>
                  <SP HEIGHT="76" WIDTH="24" VPOS="315" HPOS="949"/>
                  <String HEIGHT="76" WIDTH="142" VPOS="315" HPOS="878" CONTENT="si"/>
                  <SP HEIGHT="76" WIDTH="24" VPOS="315" HPOS="1020"/>
                  <String HEIGHT="76" WIDTH="142" VPOS="315" HPOS="949" CONTENT="se"/>
                  <SP HEIGHT="76" WIDTH="24" VPOS="315" HPOS="1092"/>
                  <String HEIGHT="76" WIDTH="142" VPOS="315" HPOS="1020" CONTENT="in"/>
                  <SP HEIGHT="76" WIDTH="24" VPOS="315" HPOS="1163"/>
                  <String HEIGHT="76"
                          WIDTH="309"
                          VPOS="315"
                          HPOS="1092"
                          CONTENT="corporali"/>
                  <SP HEIGHT="76" WIDTH="24" VPOS="315" HPOS="1400"/>
                  <String HEIGHT="76"
                          WIDTH="214"
                          VPOS="315"
                          HPOS="1329"
                          CONTENT="opere"/>
                  <SP HEIGHT="76" WIDTH="24" VPOS="315" HPOS="1543"/>
                  <String HEIGHT="76"
                          WIDTH="356"
                          VPOS="315"
                          HPOS="1471"
                          CONTENT="occuparent."/>
                  <SP HEIGHT="76" WIDTH="24" VPOS="315" HPOS="1828"/>
                  <String HEIGHT="76"
                          WIDTH="237"
                          VPOS="315"
                          HPOS="1733"
                          CONTENT="Alioquin"/>
               </TextLine>
               <TextLine ID="r1l6"
                         BASELINE="504,447 577,444 650,442 723,440 796,438 869,438 942,437 1015,436 1088,435 1161,435 1234,435 1307,435 1380,434 1453,434 1526,434 1599,434 1672,432 1745,432 1818,431 1891,429 1965,428"
                         HEIGHT="71"
                         WIDTH="1481"
                         VPOS="403"
                         HPOS="494">
                  <String HEIGHT="71"
                          WIDTH="329"
                          VPOS="403"
                          HPOS="470"
                          CONTENT="peccassent"/>
                  <SP HEIGHT="71" WIDTH="24" VPOS="403" HPOS="800"/>
                  <String HEIGHT="71"
                          WIDTH="259"
                          VPOS="403"
                          HPOS="729"
                          CONTENT="caeteri"/>
                  <SP HEIGHT="71" WIDTH="24" VPOS="403" HPOS="988"/>
                  <String HEIGHT="71" WIDTH="118" VPOS="403" HPOS="917" CONTENT="a"/>
                  <SP HEIGHT="71" WIDTH="24" VPOS="403" HPOS="1035"/>
                  <String HEIGHT="71"
                          WIDTH="212"
                          VPOS="403"
                          HPOS="964"
                          CONTENT="Paulo"/>
                  <SP HEIGHT="71" WIDTH="24" VPOS="403" HPOS="1176"/>
                  <String HEIGHT="71"
                          WIDTH="306"
                          VPOS="403"
                          HPOS="1105"
                          CONTENT="Apostoli,"/>
                  <SP HEIGHT="71" WIDTH="24" VPOS="403" HPOS="1411"/>
                  <String HEIGHT="71"
                          WIDTH="165"
                          VPOS="403"
                          HPOS="1340"
                          CONTENT="qui"/>
                  <SP HEIGHT="71" WIDTH="24" VPOS="403" HPOS="1505"/>
                  <String HEIGHT="71"
                          WIDTH="353"
                          VPOS="403"
                          HPOS="1434"
                          CONTENT="praedicando"/>
                  <SP HEIGHT="71" WIDTH="24" VPOS="403" HPOS="1787"/>
                  <String HEIGHT="71"
                          WIDTH="306"
                          VPOS="403"
                          HPOS="1716"
                          CONTENT="vixerunt,"/>
                  <SP HEIGHT="71" WIDTH="24" VPOS="403" HPOS="2022"/>
                  <String HEIGHT="71" WIDTH="47" VPOS="403" HPOS="1928" CONTENT=""/>
               </TextLine>
               <TextLine ID="r1l7"
                         BASELINE="506,512 578,509 651,507 724,506 797,506 870,504 942,504 1015,503 1088,503 1161,503 1234,503 1306,503 1379,501 1452,501 1525,500 1598,500 1670,498 1743,497 1816,495 1889,493 1962,491"
                         HEIGHT="62"
                         WIDTH="1473"
                         VPOS="462"
                         HPOS="497">
                  <String HEIGHT="62" WIDTH="172" VPOS="462" HPOS="472" CONTENT="non"/>
                  <SP HEIGHT="62" WIDTH="25" VPOS="462" HPOS="644"/>
                  <String HEIGHT="62" WIDTH="147" VPOS="462" HPOS="571" CONTENT="de"/>
                  <SP HEIGHT="62" WIDTH="25" VPOS="462" HPOS="718"/>
                  <String HEIGHT="62"
                          WIDTH="319"
                          VPOS="462"
                          HPOS="644"
                          CONTENT="corporali"/>
                  <SP HEIGHT="62" WIDTH="25" VPOS="462" HPOS="963"/>
                  <String HEIGHT="62"
                          WIDTH="246"
                          VPOS="462"
                          HPOS="890"
                          CONTENT="opere,"/>
                  <SP HEIGHT="62" WIDTH="25" VPOS="462" HPOS="1135"/>
                  <String HEIGHT="62"
                          WIDTH="172"
                          VPOS="462"
                          HPOS="1062"
                          CONTENT="sed"/>
                  <SP HEIGHT="62" WIDTH="25" VPOS="462" HPOS="1234"/>
                  <String HEIGHT="62"
                          WIDTH="221"
                          VPOS="462"
                          HPOS="1160"
                          CONTENT="magis"/>
                  <SP HEIGHT="62" WIDTH="25" VPOS="462" HPOS="1381"/>
                  <String HEIGHT="62" WIDTH="147" VPOS="462" HPOS="1307" CONTENT="de"/>
                  <SP HEIGHT="62" WIDTH="25" VPOS="462" HPOS="1454"/>
                  <String HEIGHT="62"
                          WIDTH="442"
                          VPOS="462"
                          HPOS="1381"
                          CONTENT="praedicatione."/>
                  <SP HEIGHT="62" WIDTH="25" VPOS="462" HPOS="1823"/>
                  <String HEIGHT="62"
                          WIDTH="196"
                          VPOS="462"
                          HPOS="1749"
                          CONTENT="Vnde"/>
                  <SP HEIGHT="62" WIDTH="25" VPOS="462" HPOS="1945"/>
                  <String HEIGHT="62"
                          WIDTH="123"
                          VPOS="462"
                          HPOS="1847"
                          CONTENT="Au¬"
                          SUBS_TYPE="HypPart1"
                          SUBS_CONTENT="Augustin."/>
                  <HYP CONTENT="-"/>
               </TextLine>
               <TextLine ID="r1l8"
                         BASELINE="501,575 574,575 648,573 721,573 795,572 868,572 942,570 1015,570 1089,569 1162,569 1236,569 1309,567 1383,567 1456,566 1530,566 1603,564 1677,563 1750,563 1824,561 1897,560 1971,558"
                         HEIGHT="75"
                         WIDTH="1488"
                         VPOS="528"
                         HPOS="492">
                  <String HEIGHT="75"
                          WIDTH="244"
                          VPOS="528"
                          HPOS="470"
                          CONTENT="gustin."
                          SUBS_TYPE="HypPart2"
                          SUBS_CONTENT="Augustin."/>
                  <SP HEIGHT="75" WIDTH="22" VPOS="528" HPOS="714"/>
                  <String HEIGHT="75" WIDTH="133" VPOS="528" HPOS="647" CONTENT="in"/>
                  <SP HEIGHT="75" WIDTH="22" VPOS="528" HPOS="781"/>
                  <String HEIGHT="75"
                          WIDTH="200"
                          VPOS="528"
                          HPOS="714"
                          CONTENT="eodem"/>
                  <SP HEIGHT="75" WIDTH="22" VPOS="528" HPOS="914"/>
                  <String HEIGHT="75"
                          WIDTH="178"
                          VPOS="528"
                          HPOS="847"
                          CONTENT="lib."/>
                  <SP HEIGHT="75" WIDTH="22" VPOS="528" HPOS="1025"/>
                  <String HEIGHT="75"
                          WIDTH="178"
                          VPOS="528"
                          HPOS="958"
                          CONTENT="cap."/>
                  <SP HEIGHT="75" WIDTH="22" VPOS="528" HPOS="1136"/>
                  <String HEIGHT="75"
                          WIDTH="155"
                          VPOS="528"
                          HPOS="1069"
                          CONTENT="20."/>
                  <SP HEIGHT="75" WIDTH="22" VPOS="528" HPOS="1225"/>
                  <String HEIGHT="75"
                          WIDTH="178"
                          VPOS="528"
                          HPOS="1158"
                          CONTENT="Quid"/>
                  <SP HEIGHT="75" WIDTH="22" VPOS="528" HPOS="1336"/>
                  <String HEIGHT="75"
                          WIDTH="178"
                          VPOS="528"
                          HPOS="1269"
                          CONTENT="ergo"/>
                  <SP HEIGHT="75" WIDTH="22" VPOS="528" HPOS="1447"/>
                  <String HEIGHT="75"
                          WIDTH="222"
                          VPOS="528"
                          HPOS="1380"
                          CONTENT="cateri"/>
                  <SP HEIGHT="75" WIDTH="22" VPOS="528" HPOS="1602"/>
                  <String HEIGHT="75"
                          WIDTH="289"
                          VPOS="528"
                          HPOS="1536"
                          CONTENT="Apostoli,"/>
                  <SP HEIGHT="75" WIDTH="22" VPOS="528" HPOS="1825"/>
                  <String HEIGHT="75" WIDTH="111" VPOS="528" HPOS="1758" CONTENT="&amp;"/>
                  <SP HEIGHT="75" WIDTH="22" VPOS="528" HPOS="1869"/>
                  <String HEIGHT="75"
                          WIDTH="200"
                          VPOS="528"
                          HPOS="1780"
                          CONTENT="Fratres"/>
               </TextLine>
               <TextLine ID="r1l9"
                         BASELINE="512,641 585,638 658,636 732,636 805,635 879,635 952,633 1025,633 1099,633 1172,633 1246,633 1319,633 1392,632 1466,632 1539,632 1613,630 1686,630 1759,629 1833,627 1906,624 1980,621"
                         HEIGHT="70"
                         WIDTH="1487"
                         VPOS="590"
                         HPOS="502">
                  <String HEIGHT="70"
                          WIDTH="252"
                          VPOS="590"
                          HPOS="479"
                          CONTENT="Domini,"/>
                  <SP HEIGHT="70" WIDTH="23" VPOS="590" HPOS="731"/>
                  <String HEIGHT="70" WIDTH="114" VPOS="590" HPOS="662" CONTENT="&amp;"/>
                  <SP HEIGHT="70" WIDTH="23" VPOS="590" HPOS="777"/>
                  <String HEIGHT="70"
                          WIDTH="229"
                          VPOS="590"
                          HPOS="708"
                          CONTENT="ephas,"/>
                  <SP HEIGHT="70" WIDTH="23" VPOS="590" HPOS="937"/>
                  <String HEIGHT="70"
                          WIDTH="183"
                          VPOS="590"
                          HPOS="868"
                          CONTENT="quia"/>
                  <SP HEIGHT="70" WIDTH="23" VPOS="590" HPOS="1051"/>
                  <String HEIGHT="70" WIDTH="160" VPOS="590" HPOS="982" CONTENT="non"/>
                  <SP HEIGHT="70" WIDTH="23" VPOS="590" HPOS="1143"/>
                  <String HEIGHT="70"
                          WIDTH="275"
                          VPOS="590"
                          HPOS="1074"
                          CONTENT="operaba;"/>
                  <SP HEIGHT="70" WIDTH="23" VPOS="590" HPOS="1348"/>
                  <String HEIGHT="70"
                          WIDTH="183"
                          VPOS="590"
                          HPOS="1280"
                          CONTENT="tur,"/>
                  <SP HEIGHT="70" WIDTH="23" VPOS="590" HPOS="1463"/>
                  <String HEIGHT="70"
                          WIDTH="320"
                          VPOS="590"
                          HPOS="1394"
                          CONTENT="peccabant,"/>
                  <SP HEIGHT="70" WIDTH="23" VPOS="590" HPOS="1714"/>
                  <String HEIGHT="70"
                          WIDTH="160"
                          VPOS="590"
                          HPOS="1646"
                          CONTENT="aut"/>
                  <SP HEIGHT="70" WIDTH="23" VPOS="590" HPOS="1806"/>
                  <String HEIGHT="70"
                          WIDTH="275"
                          VPOS="590"
                          HPOS="1714"
                          CONTENT="afferebant"/>
               </TextLine>
               <TextLine ID="r1l10"
                         BASELINE="509,707 582,705 655,704 728,703 801,702 875,701 948,701 1021,701 1094,699 1167,699 1241,699 1314,698 1387,698 1460,698 1533,696 1607,695 1680,695 1753,693 1826,692 1899,690 1973,689"
                         HEIGHT="82"
                         WIDTH="1484"
                         VPOS="641"
                         HPOS="498">
                  <String HEIGHT="82"
                          WIDTH="389"
                          VPOS="641"
                          HPOS="474"
                          CONTENT="impedimentum"/>
                  <SP HEIGHT="82" WIDTH="24" VPOS="641" HPOS="863"/>
                  <String HEIGHT="82"
                          WIDTH="341"
                          VPOS="641"
                          HPOS="790"
                          CONTENT="Evangelio?"/>
                  <SP HEIGHT="82" WIDTH="24" VPOS="641" HPOS="1131"/>
                  <String HEIGHT="82"
                          WIDTH="195"
                          VPOS="641"
                          HPOS="1058"
                          CONTENT="Quia"/>
                  <SP HEIGHT="82" WIDTH="24" VPOS="641" HPOS="1252"/>
                  <String HEIGHT="82"
                          WIDTH="219"
                          VPOS="641"
                          HPOS="1179"
                          CONTENT="dixit"/>
                  <SP HEIGHT="82" WIDTH="24" VPOS="641" HPOS="1398"/>
                  <String HEIGHT="82"
                          WIDTH="243"
                          VPOS="641"
                          HPOS="1325"
                          CONTENT="Beatus"/>
                  <SP HEIGHT="82" WIDTH="24" VPOS="641" HPOS="1568"/>
                  <String HEIGHT="82"
                          WIDTH="268"
                          VPOS="641"
                          HPOS="1495"
                          CONTENT="Paulus,"/>
                  <SP HEIGHT="82" WIDTH="24" VPOS="641" HPOS="1763"/>
                  <String HEIGHT="82"
                          WIDTH="195"
                          VPOS="641"
                          HPOS="1690"
                          CONTENT="ideo"/>
                  <SP HEIGHT="82" WIDTH="24" VPOS="641" HPOS="1885"/>
                  <String HEIGHT="82" WIDTH="146" VPOS="641" HPOS="1812" CONTENT="se"/>
                  <SP HEIGHT="82" WIDTH="24" VPOS="641" HPOS="1958"/>
                  <String HEIGHT="82"
                          WIDTH="122"
                          VPOS="641"
                          HPOS="1860"
                          CONTENT="non"/>
               </TextLine>
               <TextLine ID="r1l11"
                         BASELINE="513,771 585,770 658,768 731,768 803,767 876,767 949,767 1021,765 1094,765 1167,765 1240,764 1312,764 1385,764 1458,762 1530,762 1603,761 1676,760 1748,759 1821,757 1894,756 1967,753"
                         HEIGHT="77"
                         WIDTH="1473"
                         VPOS="711"
                         HPOS="503">
                  <String HEIGHT="77"
                          WIDTH="179"
                          VPOS="711"
                          HPOS="481"
                          CONTENT="vsum"/>
                  <SP HEIGHT="77" WIDTH="22" VPOS="711" HPOS="659"/>
                  <String HEIGHT="77" WIDTH="156" VPOS="711" HPOS="592" CONTENT="hac"/>
                  <SP HEIGHT="77" WIDTH="22" VPOS="711" HPOS="748"/>
                  <String HEIGHT="77"
                          WIDTH="312"
                          VPOS="711"
                          HPOS="682"
                          CONTENT="potestate,"/>
                  <SP HEIGHT="77" WIDTH="22" VPOS="711" HPOS="994"/>
                  <String HEIGHT="77" WIDTH="134" VPOS="711" HPOS="927" CONTENT="ne"/>
                  <SP HEIGHT="77" WIDTH="22" VPOS="711" HPOS="1061"/>
                  <String HEIGHT="77"
                          WIDTH="179"
                          VPOS="711"
                          HPOS="994"
                          CONTENT="quod"/>
                  <SP HEIGHT="77" WIDTH="22" VPOS="711" HPOS="1173"/>
                  <String HEIGHT="77"
                          WIDTH="357"
                          VPOS="711"
                          HPOS="1106"
                          CONTENT="impedimentum"/>
                  <SP HEIGHT="77" WIDTH="22" VPOS="711" HPOS="1463"/>
                  <String HEIGHT="77"
                          WIDTH="201"
                          VPOS="711"
                          HPOS="1396"
                          CONTENT="daret"/>
                  <SP HEIGHT="77" WIDTH="22" VPOS="711" HPOS="1597"/>
                  <String HEIGHT="77"
                          WIDTH="290"
                          VPOS="711"
                          HPOS="1530"
                          CONTENT="Evangelio"/>
                  <SP HEIGHT="77" WIDTH="22" VPOS="711" HPOS="1820"/>
                  <String HEIGHT="77"
                          WIDTH="268"
                          VPOS="711"
                          HPOS="1753"
                          CONTENT="Christi."/>
                  <SP HEIGHT="77" WIDTH="22" VPOS="711" HPOS="2021"/>
                  <String HEIGHT="77" WIDTH="45" VPOS="711" HPOS="1931" CONTENT=""/>
               </TextLine>
               <TextLine ID="r1l12"
                         BASELINE="507,837 580,836 653,834 727,833 800,832 873,831 947,830 1020,830 1093,830 1167,828 1240,828 1313,828 1387,827 1460,827 1533,827 1607,825 1680,825 1753,824 1827,824 1900,822 1974,821"
                         HEIGHT="68"
                         WIDTH="1487"
                         VPOS="787"
                         HPOS="497">
                  <String HEIGHT="68" WIDTH="149" VPOS="787" HPOS="472" CONTENT="Et"/>
                  <SP HEIGHT="68" WIDTH="25" VPOS="787" HPOS="621"/>
                  <String HEIGHT="68"
                          WIDTH="248"
                          VPOS="787"
                          HPOS="547"
                          CONTENT="infra."/>
                  <SP HEIGHT="68" WIDTH="25" VPOS="787" HPOS="794"/>
                  <String HEIGHT="68" WIDTH="149" VPOS="787" HPOS="720" CONTENT="Si"/>
                  <SP HEIGHT="68" WIDTH="25" VPOS="787" HPOS="869"/>
                  <String HEIGHT="68" WIDTH="173" VPOS="787" HPOS="794" CONTENT="non"/>
                  <SP HEIGHT="68" WIDTH="25" VPOS="787" HPOS="968"/>
                  <String HEIGHT="68"
                          WIDTH="397"
                          VPOS="787"
                          HPOS="894"
                          CONTENT="peccauerunt,"/>
                  <SP HEIGHT="68" WIDTH="25" VPOS="787" HPOS="1290"/>
                  <String HEIGHT="68"
                          WIDTH="248"
                          VPOS="787"
                          HPOS="1216"
                          CONTENT="nullum"/>
                  <SP HEIGHT="68" WIDTH="25" VPOS="787" HPOS="1464"/>
                  <String HEIGHT="68"
                          WIDTH="397"
                          VPOS="787"
                          HPOS="1389"
                          CONTENT="impedimentum"/>
                  <SP HEIGHT="68" WIDTH="25" VPOS="787" HPOS="1786"/>
                  <String HEIGHT="68"
                          WIDTH="322"
                          VPOS="787"
                          HPOS="1711"
                          CONTENT="dederunt;"/>
                  <SP HEIGHT="68" WIDTH="25" VPOS="787" HPOS="2034"/>
                  <String HEIGHT="68" WIDTH="50" VPOS="787" HPOS="1934" CONTENT=""/>
               </TextLine>
               <TextLine ID="r1l13"
                         BASELINE="515,900 587,900 660,899 732,899 805,897 878,897 950,896 1023,896 1095,894 1168,894 1241,894 1313,893 1386,893 1458,891 1531,891 1604,891 1676,890 1749,890 1821,888 1894,887 1967,887"
                         HEIGHT="65"
                         WIDTH="1472"
                         VPOS="851"
                         HPOS="505">
                  <String HEIGHT="65"
                          WIDTH="207"
                          VPOS="851"
                          HPOS="482"
                          CONTENT="neque"/>
                  <SP HEIGHT="65" WIDTH="23" VPOS="851" HPOS="689"/>
                  <String HEIGHT="65"
                          WIDTH="184"
                          VPOS="851"
                          HPOS="620"
                          CONTENT="enim"/>
                  <SP HEIGHT="65" WIDTH="23" VPOS="851" HPOS="804"/>
                  <String HEIGHT="65"
                          WIDTH="230"
                          VPOS="851"
                          HPOS="735"
                          CONTENT="nullum"/>
                  <SP HEIGHT="65" WIDTH="23" VPOS="851" HPOS="965"/>
                  <String HEIGHT="65" WIDTH="161" VPOS="851" HPOS="896" CONTENT="est"/>
                  <SP HEIGHT="65" WIDTH="23" VPOS="851" HPOS="1057"/>
                  <String HEIGHT="65"
                          WIDTH="299"
                          VPOS="851"
                          HPOS="988"
                          CONTENT="peccatum,"/>
                  <SP HEIGHT="65" WIDTH="23" VPOS="851" HPOS="1287"/>
                  <String HEIGHT="65"
                          WIDTH="276"
                          VPOS="851"
                          HPOS="1218"
                          CONTENT="impedire"/>
                  <SP HEIGHT="65" WIDTH="23" VPOS="851" HPOS="1494"/>
                  <String HEIGHT="65"
                          WIDTH="345"
                          VPOS="851"
                          HPOS="1425"
                          CONTENT="Evangelium."/>
                  <SP HEIGHT="65" WIDTH="23" VPOS="851" HPOS="1770"/>
                  <String HEIGHT="65"
                          WIDTH="184"
                          VPOS="851"
                          HPOS="1701"
                          CONTENT="Quod"/>
                  <SP HEIGHT="65" WIDTH="23" VPOS="851" HPOS="1885"/>
                  <String HEIGHT="65" WIDTH="138" VPOS="851" HPOS="1816" CONTENT="si"/>
                  <SP HEIGHT="65" WIDTH="23" VPOS="851" HPOS="1954"/>
                  <String HEIGHT="65"
                          WIDTH="115"
                          VPOS="851"
                          HPOS="1862"
                          CONTENT="ita"/>
               </TextLine>
               <TextLine ID="r1l14"
                         BASELINE="515,968 587,966 660,965 732,963 805,962 877,962 950,960 1022,960 1095,959 1167,959 1240,957 1312,957 1385,956 1457,956 1530,956 1602,954 1675,953 1747,953 1820,951 1892,950 1965,948"
                         HEIGHT="51"
                         WIDTH="1468"
                         VPOS="930"
                         HPOS="506">
                  <String HEIGHT="51"
                          WIDTH="175"
                          VPOS="930"
                          HPOS="484"
                          CONTENT="est,"/>
                  <SP HEIGHT="51" WIDTH="22" VPOS="930" HPOS="659"/>
                  <String HEIGHT="51"
                          WIDTH="197"
                          VPOS="930"
                          HPOS="594"
                          CONTENT="etiam"/>
                  <SP HEIGHT="51" WIDTH="22" VPOS="930" HPOS="791"/>
                  <String HEIGHT="51"
                          WIDTH="219"
                          VPOS="930"
                          HPOS="725"
                          CONTENT="nobis,"/>
                  <SP HEIGHT="51" WIDTH="22" VPOS="930" HPOS="944"/>
                  <String HEIGHT="51"
                          WIDTH="285"
                          VPOS="930"
                          HPOS="878"
                          CONTENT="inquiunt,"/>
                  <SP HEIGHT="51" WIDTH="22" VPOS="930" HPOS="1163"/>
                  <String HEIGHT="51"
                          WIDTH="241"
                          VPOS="930"
                          HPOS="1098"
                          CONTENT="liberum"/>
                  <SP HEIGHT="51" WIDTH="22" VPOS="930" HPOS="1339"/>
                  <String HEIGHT="51"
                          WIDTH="175"
                          VPOS="930"
                          HPOS="1273"
                          CONTENT="est,"/>
                  <SP HEIGHT="51" WIDTH="22" VPOS="930" HPOS="1448"/>
                  <String HEIGHT="51" WIDTH="110" VPOS="930" HPOS="1382" CONTENT="&amp;"/>
                  <SP HEIGHT="51" WIDTH="22" VPOS="930" HPOS="1492"/>
                  <String HEIGHT="51"
                          WIDTH="175"
                          VPOS="930"
                          HPOS="1426"
                          CONTENT="vti,"/>
                  <SP HEIGHT="51" WIDTH="22" VPOS="930" HPOS="1602"/>
                  <String HEIGHT="51" WIDTH="110" VPOS="930" HPOS="1536" CONTENT="&amp;"/>
                  <SP HEIGHT="51" WIDTH="22" VPOS="930" HPOS="1645"/>
                  <String HEIGHT="51"
                          WIDTH="153"
                          VPOS="930"
                          HPOS="1580"
                          CONTENT="non"/>
                  <SP HEIGHT="51" WIDTH="22" VPOS="930" HPOS="1733"/>
                  <String HEIGHT="51"
                          WIDTH="153"
                          VPOS="930"
                          HPOS="1667"
                          CONTENT="vti"/>
                  <SP HEIGHT="51" WIDTH="22" VPOS="930" HPOS="1821"/>
                  <String HEIGHT="51"
                          WIDTH="153"
                          VPOS="930"
                          HPOS="1755"
                          CONTENT="hac"/>
                  <SP HEIGHT="51" WIDTH="22" VPOS="930" HPOS="1908"/>
                  <String HEIGHT="51"
                          WIDTH="153"
                          VPOS="930"
                          HPOS="1821"
                          CONTENT="pote¬"
                          SUBS_TYPE="HypPart1"
                          SUBS_CONTENT="potestate;"/>
                  <HYP CONTENT="-"/>
               </TextLine>
               <TextLine ID="r1l15"
                         BASELINE="518,1029 590,1029 663,1028 735,1028 808,1026 880,1026 953,1026 1025,1025 1098,1025 1170,1025 1243,1025 1315,1023 1388,1023 1460,1023 1533,1022 1605,1021 1678,1020 1750,1019 1823,1017 1895,1016 1968,1014"
                         HEIGHT="56"
                         WIDTH="1470"
                         VPOS="988"
                         HPOS="508">
                  <String HEIGHT="56"
                          WIDTH="207"
                          VPOS="988"
                          HPOS="487"
                          CONTENT="state;"
                          SUBS_TYPE="HypPart2"
                          SUBS_CONTENT="potestate;"/>
                  <SP HEIGHT="56" WIDTH="21" VPOS="988" HPOS="694"/>
                  <String HEIGHT="56"
                          WIDTH="166"
                          VPOS="988"
                          HPOS="632"
                          CONTENT="Ergo"/>
                  <SP HEIGHT="56" WIDTH="21" VPOS="988" HPOS="798"/>
                  <String HEIGHT="56"
                          WIDTH="248"
                          VPOS="988"
                          HPOS="736"
                          CONTENT="liberuni"/>
                  <SP HEIGHT="56" WIDTH="21" VPOS="988" HPOS="984"/>
                  <String HEIGHT="56" WIDTH="145" VPOS="988" HPOS="922" CONTENT="est"/>
                  <SP HEIGHT="56" WIDTH="21" VPOS="988" HPOS="1067"/>
                  <String HEIGHT="56"
                          WIDTH="186"
                          VPOS="988"
                          HPOS="1005"
                          CONTENT="nobis"/>
                  <SP HEIGHT="56" WIDTH="21" VPOS="988" HPOS="1191"/>
                  <String HEIGHT="56"
                          WIDTH="228"
                          VPOS="988"
                          HPOS="1129"
                          CONTENT="publice"/>
                  <SP HEIGHT="56" WIDTH="21" VPOS="988" HPOS="1357"/>
                  <String HEIGHT="56"
                          WIDTH="331"
                          VPOS="988"
                          HPOS="1295"
                          CONTENT="praedicando,"/>
                  <SP HEIGHT="56" WIDTH="21" VPOS="988" HPOS="1626"/>
                  <String HEIGHT="56"
                          WIDTH="207"
                          VPOS="988"
                          HPOS="1564"
                          CONTENT="viuere"/>
                  <SP HEIGHT="56" WIDTH="21" VPOS="988" HPOS="1771"/>
                  <String HEIGHT="56" WIDTH="124" VPOS="988" HPOS="1709" CONTENT="de"/>
                  <SP HEIGHT="56" WIDTH="21" VPOS="988" HPOS="1833"/>
                  <String HEIGHT="56"
                          WIDTH="228"
                          VPOS="988"
                          HPOS="1750"
                          CONTENT="praedica¬"
                          SUBS_TYPE="HypPart1"
                          SUBS_CONTENT="praedicane."/>
                  <HYP CONTENT="-"/>
               </TextLine>
               <TextLine ID="r1l16"
                         BASELINE="515,1097 587,1097 659,1095 731,1095 803,1094 876,1094 948,1092 1020,1092 1092,1091 1164,1091 1237,1091 1309,1089 1381,1089 1453,1088 1525,1088 1598,1086 1670,1085 1742,1083 1814,1082 1886,1080 1959,1079"
                         HEIGHT="96"
                         WIDTH="1463"
                         VPOS="1034"
                         HPOS="506">
                  <String HEIGHT="96"
                          WIDTH="180"
                          VPOS="1034"
                          HPOS="480"
                          CONTENT="ne."
                          SUBS_TYPE="HypPart2"
                          SUBS_CONTENT="praedicane."/>
                  <SP HEIGHT="96" WIDTH="26" VPOS="1034" HPOS="660"/>
                  <String HEIGHT="96"
                          WIDTH="205"
                          VPOS="1034"
                          HPOS="583"
                          CONTENT="Hanc"/>
                  <SP HEIGHT="96" WIDTH="26" VPOS="1034" HPOS="788"/>
                  <String HEIGHT="96"
                          WIDTH="385"
                          VPOS="1034"
                          HPOS="711"
                          CONTENT="obiectionem"/>
                  <SP HEIGHT="96" WIDTH="26" VPOS="1034" HPOS="1096"/>
                  <String HEIGHT="96"
                          WIDTH="231"
                          VPOS="1034"
                          HPOS="1019"
                          CONTENT="facit"/>
                  <SP HEIGHT="96" WIDTH="26" VPOS="1034" HPOS="1250"/>
                  <String HEIGHT="96"
                          WIDTH="359"
                          VPOS="1034"
                          HPOS="1173"
                          CONTENT="Augustinus"/>
                  <SP HEIGHT="96" WIDTH="26" VPOS="1034" HPOS="1533"/>
                  <String HEIGHT="96"
                          WIDTH="154"
                          VPOS="1034"
                          HPOS="1456"
                          CONTENT="in"/>
                  <SP HEIGHT="96" WIDTH="26" VPOS="1034" HPOS="1610"/>
                  <String HEIGHT="96"
                          WIDTH="308"
                          VPOS="1034"
                          HPOS="1533"
                          CONTENT="personis"/>
                  <SP HEIGHT="96" WIDTH="26" VPOS="1034" HPOS="1841"/>
                  <String HEIGHT="96"
                          WIDTH="231"
                          VPOS="1034"
                          HPOS="1738"
                          CONTENT="Pseudo¬"
                          SUBS_TYPE="HypPart1"
                          SUBS_CONTENT="PseudoMonachorum"/>
                  <HYP CONTENT="-"/>
               </TextLine>
               <TextLine ID="r1l17"
                         BASELINE="516,1164 581,1163 646,1161 711,1160 776,1159 842,1158 907,1158 972,1157 1037,1157 1102,1157 1168,1157 1233,1157 1298,1156 1363,1155 1428,1155 1494,1155 1559,1154 1624,1152 1689,1152 1754,1149 1820,1148"
                         HEIGHT="80"
                         WIDTH="1324"
                         VPOS="1099"
                         HPOS="506">
                  <String HEIGHT="80"
                          WIDTH="371"
                          VPOS="1099"
                          HPOS="480"
                          CONTENT="Monachorum"
                          SUBS_TYPE="HypPart2"
                          SUBS_CONTENT="PseudoMonachorum"/>
                  <SP HEIGHT="80" WIDTH="26" VPOS="1099" HPOS="850"/>
                  <String HEIGHT="80"
                          WIDTH="503"
                          VPOS="1099"
                          HPOS="771"
                          CONTENT="Carthaginensium"/>
                  <SP HEIGHT="80" WIDTH="26" VPOS="1099" HPOS="1274"/>
                  <String HEIGHT="80"
                          WIDTH="159"
                          VPOS="1099"
                          HPOS="1194"
                          CONTENT="in"/>
                  <SP HEIGHT="80" WIDTH="26" VPOS="1099" HPOS="1353"/>
                  <String HEIGHT="80"
                          WIDTH="318"
                          VPOS="1099"
                          HPOS="1274"
                          CONTENT="capitulo"/>
                  <SP HEIGHT="80" WIDTH="26" VPOS="1099" HPOS="1592"/>
                  <String HEIGHT="80"
                          WIDTH="344"
                          VPOS="1099"
                          HPOS="1486"
                          CONTENT="supradicto."/>
               </TextLine>
               <TextLine ID="r1l18"
                         BASELINE="582,1226 651,1226 720,1224 789,1224 858,1224 927,1223 996,1223 1066,1223 1135,1223 1204,1223 1273,1221 1342,1221 1411,1221 1480,1221 1550,1220 1619,1218 1688,1218 1757,1217 1826,1215 1895,1212 1965,1211"
                         HEIGHT="66"
                         WIDTH="1401"
                         VPOS="1184"
                         HPOS="573">
                  <String HEIGHT="66" WIDTH="145" VPOS="1184" HPOS="549" CONTENT="§."/>
                  <SP HEIGHT="66" WIDTH="24" VPOS="1184" HPOS="694"/>
                  <String HEIGHT="66" WIDTH="145" VPOS="1184" HPOS="621" CONTENT="Ad"/>
                  <SP HEIGHT="66" WIDTH="24" VPOS="1184" HPOS="766"/>
                  <String HEIGHT="66"
                          WIDTH="193"
                          VPOS="1184"
                          HPOS="694"
                          CONTENT="quod"/>
                  <SP HEIGHT="66" WIDTH="24" VPOS="1184" HPOS="887"/>
                  <String HEIGHT="66"
                          WIDTH="193"
                          VPOS="1184"
                          HPOS="815"
                          CONTENT="dici"/>
                  <SP HEIGHT="66" WIDTH="24" VPOS="1184" HPOS="1008"/>
                  <String HEIGHT="66"
                          WIDTH="266"
                          VPOS="1184"
                          HPOS="935"
                          CONTENT="potest,"/>
                  <SP HEIGHT="66" WIDTH="24" VPOS="1184" HPOS="1201"/>
                  <String HEIGHT="66"
                          WIDTH="193"
                          VPOS="1184"
                          HPOS="1129"
                          CONTENT="quod"/>
                  <SP HEIGHT="66" WIDTH="24" VPOS="1184" HPOS="1322"/>
                  <String HEIGHT="66"
                          WIDTH="217"
                          VPOS="1184"
                          HPOS="1249"
                          CONTENT="illi,"/>
                  <SP HEIGHT="66" WIDTH="24" VPOS="1184" HPOS="1467"/>
                  <String HEIGHT="66"
                          WIDTH="169"
                          VPOS="1184"
                          HPOS="1394"
                          CONTENT="qui"/>
                  <SP HEIGHT="66" WIDTH="24" VPOS="1184" HPOS="1563"/>
                  <String HEIGHT="66"
                          WIDTH="169"
                          VPOS="1184"
                          HPOS="1491"
                          CONTENT="per"/>
                  <SP HEIGHT="66" WIDTH="24" VPOS="1184" HPOS="1660"/>
                  <String HEIGHT="66"
                          WIDTH="314"
                          VPOS="1184"
                          HPOS="1588"
                          CONTENT="Ecclesiam"/>
                  <SP HEIGHT="66" WIDTH="24" VPOS="1184" HPOS="1902"/>
                  <String HEIGHT="66"
                          WIDTH="169"
                          VPOS="1184"
                          HPOS="1805"
                          CONTENT="cano¬"
                          SUBS_TYPE="HypPart1"
                          SUBS_CONTENT="canonice"/>
                  <HYP CONTENT="-"/>
               </TextLine>
               <TextLine ID="r1l19"
                         BASELINE="519,1293 591,1292 664,1292 737,1290 810,1290 882,1290 955,1289 1028,1289 1101,1289 1173,1287 1246,1287 1319,1287 1392,1286 1464,1286 1537,1284 1610,1284 1683,1283 1755,1282 1828,1281 1901,1280 1974,1278"
                         HEIGHT="59"
                         WIDTH="1475"
                         VPOS="1247"
                         HPOS="509">
                  <String HEIGHT="59"
                          WIDTH="184"
                          VPOS="1247"
                          HPOS="486"
                          CONTENT="nice"
                          SUBS_TYPE="HypPart2"
                          SUBS_CONTENT="canonice"/>
                  <SP HEIGHT="59" WIDTH="23" VPOS="1247" HPOS="670"/>
                  <String HEIGHT="59"
                          WIDTH="230"
                          VPOS="1247"
                          HPOS="601"
                          CONTENT="missi,"/>
                  <SP HEIGHT="59" WIDTH="23" VPOS="1247" HPOS="832"/>
                  <String HEIGHT="59"
                          WIDTH="161"
                          VPOS="1247"
                          HPOS="763"
                          CONTENT="seu"/>
                  <SP HEIGHT="59" WIDTH="23" VPOS="1247" HPOS="924"/>
                  <String HEIGHT="59"
                          WIDTH="277"
                          VPOS="1247"
                          HPOS="855"
                          CONTENT="ordinati"/>
                  <SP HEIGHT="59" WIDTH="23" VPOS="1247" HPOS="1131"/>
                  <String HEIGHT="59"
                          WIDTH="184"
                          VPOS="1247"
                          HPOS="1062"
                          CONTENT="sunt"/>
                  <SP HEIGHT="59" WIDTH="23" VPOS="1247" HPOS="1247"/>
                  <String HEIGHT="59"
                          WIDTH="138"
                          VPOS="1247"
                          HPOS="1177"
                          CONTENT="ad"/>
                  <SP HEIGHT="59" WIDTH="23" VPOS="1247" HPOS="1316"/>
                  <String HEIGHT="59"
                          WIDTH="300"
                          VPOS="1247"
                          HPOS="1247"
                          CONTENT="praedicta"/>
                  <SP HEIGHT="59" WIDTH="23" VPOS="1247" HPOS="1546"/>
                  <String HEIGHT="59"
                          WIDTH="254"
                          VPOS="1247"
                          HPOS="1477"
                          CONTENT="officia"/>
                  <SP HEIGHT="59" WIDTH="23" VPOS="1247" HPOS="1730"/>
                  <String HEIGHT="59"
                          WIDTH="346"
                          VPOS="1247"
                          HPOS="1638"
                          CONTENT="Ecclesiastica"/>
               </TextLine>
               <TextLine ID="r1l20"
                         BASELINE="519,1361 591,1359 664,1358 736,1356 809,1355 882,1355 954,1355 1027,1353 1099,1353 1172,1353 1245,1352 1317,1352 1390,1352 1462,1350 1535,1350 1608,1350 1680,1349 1753,1347 1825,1346 1898,1345 1971,1343"
                         HEIGHT="68"
                         WIDTH="1470"
                         VPOS="1312"
                         HPOS="510">
                  <String HEIGHT="68"
                          WIDTH="361"
                          VPOS="1312"
                          HPOS="484"
                          CONTENT="exercenda,"/>
                  <SP HEIGHT="68" WIDTH="26" VPOS="1312" HPOS="845"/>
                  <String HEIGHT="68" WIDTH="155" VPOS="1312" HPOS="768" CONTENT="ab"/>
                  <SP HEIGHT="68" WIDTH="26" VPOS="1312" HPOS="923"/>
                  <String HEIGHT="68"
                          WIDTH="309"
                          VPOS="1312"
                          HPOS="845"
                          CONTENT="operando"/>
                  <SP HEIGHT="68" WIDTH="26" VPOS="1312" HPOS="1155"/>
                  <String HEIGHT="68"
                          WIDTH="413"
                          VPOS="1312"
                          HPOS="1077"
                          CONTENT="corporaliter"/>
                  <SP HEIGHT="68" WIDTH="26" VPOS="1312" HPOS="1490"/>
                  <String HEIGHT="68"
                          WIDTH="309"
                          VPOS="1312"
                          HPOS="1413"
                          CONTENT="legitime"/>
                  <SP HEIGHT="68" WIDTH="26" VPOS="1312" HPOS="1722"/>
                  <String HEIGHT="68"
                          WIDTH="387"
                          VPOS="1312"
                          HPOS="1645"
                          CONTENT="excusantur;"/>
                  <SP HEIGHT="68" WIDTH="26" VPOS="1312" HPOS="2032"/>
                  <String HEIGHT="68" WIDTH="52" VPOS="1312" HPOS="1928" CONTENT=""/>
               </TextLine>
               <TextLine ID="r1l21"
                         BASELINE="525,1427 597,1425 670,1424 742,1422 815,1422 888,1421 960,1421 1033,1421 1105,1419 1178,1419 1251,1419 1323,1418 1396,1418 1468,1418 1541,1416 1614,1416 1686,1415 1759,1413 1831,1412 1904,1410 1977,1407"
                         HEIGHT="57"
                         WIDTH="1472"
                         VPOS="1387"
                         HPOS="515">
                  <String HEIGHT="57"
                          WIDTH="207"
                          VPOS="1387"
                          HPOS="489"
                          CONTENT="quia"/>
                  <SP HEIGHT="57" WIDTH="26" VPOS="1387" HPOS="696"/>
                  <String HEIGHT="57"
                          WIDTH="258"
                          VPOS="1387"
                          HPOS="618"
                          CONTENT="viuere"/>
                  <SP HEIGHT="57" WIDTH="26" VPOS="1387" HPOS="877"/>
                  <String HEIGHT="57"
                          WIDTH="284"
                          VPOS="1387"
                          HPOS="799"
                          CONTENT="possunt"/>
                  <SP HEIGHT="57" WIDTH="26" VPOS="1387" HPOS="1083"/>
                  <String HEIGHT="57"
                          WIDTH="155"
                          VPOS="1387"
                          HPOS="1006"
                          CONTENT="de"/>
                  <SP HEIGHT="57" WIDTH="26" VPOS="1387" HPOS="1161"/>
                  <String HEIGHT="57"
                          WIDTH="336"
                          VPOS="1387"
                          HPOS="1083"
                          CONTENT="Euangelio"/>
                  <SP HEIGHT="57" WIDTH="26" VPOS="1387" HPOS="1419"/>
                  <String HEIGHT="57"
                          WIDTH="207"
                          VPOS="1387"
                          HPOS="1341"
                          CONTENT="Iure"/>
                  <SP HEIGHT="57" WIDTH="26" VPOS="1387" HPOS="1548"/>
                  <String HEIGHT="57"
                          WIDTH="336"
                          VPOS="1387"
                          HPOS="1471"
                          CONTENT="Dominico,"/>
                  <SP HEIGHT="57" WIDTH="26" VPOS="1387" HPOS="1806"/>
                  <String HEIGHT="57"
                          WIDTH="155"
                          VPOS="1387"
                          HPOS="1729"
                          CONTENT="vt"/>
                  <SP HEIGHT="57" WIDTH="26" VPOS="1387" HPOS="1884"/>
                  <String HEIGHT="57"
                          WIDTH="207"
                          VPOS="1387"
                          HPOS="1780"
                          CONTENT="osten¬"
                          SUBS_TYPE="HypPart1"
                          SUBS_CONTENT="ostensum"/>
                  <HYP CONTENT="-"/>
               </TextLine>
               <TextLine ID="r1l22"
                         BASELINE="522,1491 594,1491 666,1490 739,1490 811,1488 884,1488 956,1487 1028,1487 1101,1485 1173,1485 1246,1484 1318,1484 1390,1482 1463,1482 1535,1482 1608,1481 1680,1481 1752,1479 1825,1479 1897,1478 1970,1478"
                         HEIGHT="82"
                         WIDTH="1467"
                         VPOS="1427"
                         HPOS="513">
                  <String HEIGHT="82"
                          WIDTH="156"
                          VPOS="1427"
                          HPOS="491"
                          CONTENT="sum"
                          SUBS_TYPE="HypPart2"
                          SUBS_CONTENT="ostensum"/>
                  <SP HEIGHT="82" WIDTH="22" VPOS="1427" HPOS="646"/>
                  <String HEIGHT="82"
                          WIDTH="156"
                          VPOS="1427"
                          HPOS="580"
                          CONTENT="est"/>
                  <SP HEIGHT="82" WIDTH="22" VPOS="1427" HPOS="735"/>
                  <String HEIGHT="82"
                          WIDTH="200"
                          VPOS="1427"
                          HPOS="669"
                          CONTENT="supra"/>
                  <SP HEIGHT="82" WIDTH="22" VPOS="1427" HPOS="869"/>
                  <String HEIGHT="82"
                          WIDTH="178"
                          VPOS="1427"
                          HPOS="802"
                          CONTENT="ead."/>
                  <SP HEIGHT="82" WIDTH="22" VPOS="1427" HPOS="980"/>
                  <String HEIGHT="82"
                          WIDTH="200"
                          VPOS="1427"
                          HPOS="913"
                          CONTENT="dist."/>
                  <SP HEIGHT="82" WIDTH="22" VPOS="1427" HPOS="1113"/>
                  <String HEIGHT="82"
                          WIDTH="133"
                          VPOS="1427"
                          HPOS="1046"
                          CONTENT="§."/>
                  <SP HEIGHT="82" WIDTH="22" VPOS="1427" HPOS="1180"/>
                  <String HEIGHT="82"
                          WIDTH="178"
                          VPOS="1427"
                          HPOS="1113"
                          CONTENT="Sunt"/>
                  <SP HEIGHT="82" WIDTH="22" VPOS="1427" HPOS="1291"/>
                  <String HEIGHT="82"
                          WIDTH="200"
                          VPOS="1427"
                          HPOS="1224"
                          CONTENT="autem"/>
                  <SP HEIGHT="82" WIDTH="22" VPOS="1427" HPOS="1424"/>
                  <String HEIGHT="82"
                          WIDTH="222"
                          VPOS="1427"
                          HPOS="1358"
                          CONTENT="quidam"/>
                  <SP HEIGHT="82" WIDTH="22" VPOS="1427" HPOS="1580"/>
                  <String HEIGHT="82"
                          WIDTH="222"
                          VPOS="1427"
                          HPOS="1513"
                          CONTENT="casus."/>
                  <SP HEIGHT="82" WIDTH="22" VPOS="1427" HPOS="1736"/>
                  <String HEIGHT="82"
                          WIDTH="156"
                          VPOS="1427"
                          HPOS="1669"
                          CONTENT="Sed"/>
                  <SP HEIGHT="82" WIDTH="22" VPOS="1427" HPOS="1824"/>
                  <String HEIGHT="82"
                          WIDTH="200"
                          VPOS="1427"
                          HPOS="1758"
                          CONTENT="illi,"/>
                  <SP HEIGHT="82" WIDTH="22" VPOS="1427" HPOS="1958"/>
                  <String HEIGHT="82"
                          WIDTH="111"
                          VPOS="1427"
                          HPOS="1869"
                          CONTENT="qui"/>
               </TextLine>
               <TextLine ID="r1l23"
                         BASELINE="533,1559 605,1559 677,1557 750,1556 822,1556 894,1554 967,1554 1039,1553 1111,1551 1184,1551 1256,1550 1328,1550 1401,1548 1473,1548 1545,1547 1618,1547 1690,1545 1762,1545 1835,1544 1907,1544 1980,1544"
                         HEIGHT="65"
                         WIDTH="1467"
                         VPOS="1508"
                         HPOS="523">
                  <String HEIGHT="65"
                          WIDTH="192"
                          VPOS="1508"
                          HPOS="499"
                          CONTENT="sine"/>
                  <SP HEIGHT="65" WIDTH="24" VPOS="1508" HPOS="691"/>
                  <String HEIGHT="65"
                          WIDTH="289"
                          VPOS="1508"
                          HPOS="619"
                          CONTENT="missione"/>
                  <SP HEIGHT="65" WIDTH="24" VPOS="1508" HPOS="908"/>
                  <String HEIGHT="65"
                          WIDTH="289"
                          VPOS="1508"
                          HPOS="836"
                          CONTENT="canonica"/>
                  <SP HEIGHT="65" WIDTH="24" VPOS="1508" HPOS="1124"/>
                  <String HEIGHT="65"
                          WIDTH="144"
                          VPOS="1508"
                          HPOS="1052"
                          CONTENT="in"/>
                  <SP HEIGHT="65" WIDTH="24" VPOS="1508" HPOS="1196"/>
                  <String HEIGHT="65"
                          WIDTH="168"
                          VPOS="1508"
                          HPOS="1124"
                          CONTENT="his"/>
                  <SP HEIGHT="65" WIDTH="24" VPOS="1508" HPOS="1293"/>
                  <String HEIGHT="65"
                          WIDTH="144"
                          VPOS="1508"
                          HPOS="1220"
                          CONTENT="se"/>
                  <SP HEIGHT="65" WIDTH="24" VPOS="1508" HPOS="1365"/>
                  <String HEIGHT="65"
                          WIDTH="313"
                          VPOS="1508"
                          HPOS="1293"
                          CONTENT="occupant,"/>
                  <SP HEIGHT="65" WIDTH="24" VPOS="1508" HPOS="1605"/>
                  <String HEIGHT="65"
                          WIDTH="168"
                          VPOS="1508"
                          HPOS="1533"
                          CONTENT="cum"/>
                  <SP HEIGHT="65" WIDTH="24" VPOS="1508" HPOS="1701"/>
                  <String HEIGHT="65"
                          WIDTH="168"
                          VPOS="1508"
                          HPOS="1629"
                          CONTENT="per"/>
                  <SP HEIGHT="65" WIDTH="24" VPOS="1508" HPOS="1798"/>
                  <String HEIGHT="65"
                          WIDTH="168"
                          VPOS="1508"
                          HPOS="1725"
                          CONTENT="hoc"/>
                  <SP HEIGHT="65" WIDTH="24" VPOS="1508" HPOS="1894"/>
                  <String HEIGHT="65"
                          WIDTH="192"
                          VPOS="1508"
                          HPOS="1798"
                          CONTENT="Pseudo"/>
               </TextLine>
               <TextLine ID="r1l24"
                         BASELINE="522,1625 595,1623 668,1622 741,1621 814,1620 888,1619 961,1619 1034,1617 1107,1617 1180,1617 1254,1616 1327,1616 1400,1614 1473,1614 1546,1614 1620,1613 1693,1613 1766,1611 1839,1611 1912,1610 1986,1610"
                         HEIGHT="57"
                         WIDTH="1483"
                         VPOS="1578"
                         HPOS="512">
                  <String HEIGHT="57"
                          WIDTH="198"
                          VPOS="1578"
                          HPOS="487"
                          CONTENT="sint"/>
                  <SP HEIGHT="57" WIDTH="25" VPOS="1578" HPOS="685"/>
                  <String HEIGHT="57"
                          WIDTH="321"
                          VPOS="1578"
                          HPOS="611"
                          CONTENT="censendi,"/>
                  <SP HEIGHT="57" WIDTH="25" VPOS="1578" HPOS="932"/>
                  <String HEIGHT="57" WIDTH="148" VPOS="1578" HPOS="858" CONTENT="vt"/>
                  <SP HEIGHT="57" WIDTH="25" VPOS="1578" HPOS="1006"/>
                  <String HEIGHT="57"
                          WIDTH="297"
                          VPOS="1578"
                          HPOS="932"
                          CONTENT="ostensum"/>
                  <SP HEIGHT="57" WIDTH="25" VPOS="1578" HPOS="1229"/>
                  <String HEIGHT="57"
                          WIDTH="173"
                          VPOS="1578"
                          HPOS="1155"
                          CONTENT="est"/>
                  <SP HEIGHT="57" WIDTH="25" VPOS="1578" HPOS="1328"/>
                  <String HEIGHT="57"
                          WIDTH="222"
                          VPOS="1578"
                          HPOS="1254"
                          CONTENT="supra"/>
                  <SP HEIGHT="57" WIDTH="25" VPOS="1578" HPOS="1476"/>
                  <String HEIGHT="57"
                          WIDTH="198"
                          VPOS="1578"
                          HPOS="1402"
                          CONTENT="ead."/>
                  <SP HEIGHT="57" WIDTH="25" VPOS="1578" HPOS="1600"/>
                  <String HEIGHT="57"
                          WIDTH="222"
                          VPOS="1578"
                          HPOS="1525"
                          CONTENT="dist."/>
                  <SP HEIGHT="57" WIDTH="25" VPOS="1578" HPOS="1748"/>
                  <String HEIGHT="57"
                          WIDTH="148"
                          VPOS="1578"
                          HPOS="1674"
                          CONTENT="I."/>
                  <SP HEIGHT="57" WIDTH="25" VPOS="1578" HPOS="1822"/>
                  <String HEIGHT="57" WIDTH="124" VPOS="1578" HPOS="1748" CONTENT="§"/>
                  <SP HEIGHT="57" WIDTH="25" VPOS="1578" HPOS="1871"/>
                  <String HEIGHT="57"
                          WIDTH="222"
                          VPOS="1578"
                          HPOS="1773"
                          CONTENT="Quoniam"/>
               </TextLine>
               <TextLine ID="r1l25"
                         BASELINE="519,1689 591,1688 664,1686 737,1686 810,1685 882,1685 955,1683 1028,1683 1101,1683 1173,1682 1246,1682 1319,1682 1392,1680 1464,1680 1537,1679 1610,1679 1683,1678 1755,1677 1828,1676 1901,1676 1974,1674"
                         HEIGHT="72"
                         WIDTH="1474"
                         VPOS="1643"
                         HPOS="510">
                  <String HEIGHT="72"
                          WIDTH="242"
                          VPOS="1643"
                          HPOS="486"
                          CONTENT="igitur"/>
                  <SP HEIGHT="72" WIDTH="24" VPOS="1643" HPOS="727"/>
                  <String HEIGHT="72"
                          WIDTH="266"
                          VPOS="1643"
                          HPOS="655"
                          CONTENT="futura,"/>
                  <SP HEIGHT="72" WIDTH="24" VPOS="1643" HPOS="921"/>
                  <String HEIGHT="72"
                          WIDTH="169"
                          VPOS="1643"
                          HPOS="848"
                          CONTENT="&amp;c."/>
                  <SP HEIGHT="72" WIDTH="24" VPOS="1643" HPOS="1017"/>
                  <String HEIGHT="72"
                          WIDTH="169"
                          VPOS="1643"
                          HPOS="945"
                          CONTENT="non"/>
                  <SP HEIGHT="72" WIDTH="24" VPOS="1643" HPOS="1114"/>
                  <String HEIGHT="72"
                          WIDTH="338"
                          VPOS="1643"
                          HPOS="1042"
                          CONTENT="excusantur"/>
                  <SP HEIGHT="72" WIDTH="24" VPOS="1643" HPOS="1380"/>
                  <String HEIGHT="72" WIDTH="121" VPOS="1643" HPOS="1307" CONTENT="a"/>
                  <SP HEIGHT="72" WIDTH="24" VPOS="1643" HPOS="1428"/>
                  <String HEIGHT="72"
                          WIDTH="314"
                          VPOS="1643"
                          HPOS="1356"
                          CONTENT="praecepto"/>
                  <SP HEIGHT="72" WIDTH="24" VPOS="1643" HPOS="1670"/>
                  <String HEIGHT="72"
                          WIDTH="290"
                          VPOS="1643"
                          HPOS="1597"
                          CONTENT="Apostoli"/>
                  <SP HEIGHT="72" WIDTH="24" VPOS="1643" HPOS="1887"/>
                  <String HEIGHT="72"
                          WIDTH="193"
                          VPOS="1643"
                          HPOS="1791"
                          CONTENT="supra¬"
                          SUBS_TYPE="HypPart1"
                          SUBS_CONTENT="supradicto;"/>
                  <HYP CONTENT="-"/>
               </TextLine>
               <TextLine ID="r1l26"
                         BASELINE="536,1755 608,1754 680,1754 752,1752 824,1752 896,1751 968,1751 1041,1749 1113,1749 1185,1749 1257,1748 1329,1748 1401,1746 1473,1746 1546,1745 1618,1745 1690,1744 1762,1743 1834,1742 1906,1742 1979,1740"
                         HEIGHT="75"
                         WIDTH="1461"
                         VPOS="1697"
                         HPOS="527">
                  <String HEIGHT="75"
                          WIDTH="244"
                          VPOS="1697"
                          HPOS="503"
                          CONTENT="dicto;"
                          SUBS_TYPE="HypPart2"
                          SUBS_CONTENT="supradicto;"/>
                  <SP HEIGHT="75" WIDTH="24" VPOS="1697" HPOS="746"/>
                  <String HEIGHT="75"
                          WIDTH="170"
                          VPOS="1697"
                          HPOS="673"
                          CONTENT="sed"/>
                  <SP HEIGHT="75" WIDTH="24" VPOS="1697" HPOS="844"/>
                  <String HEIGHT="75"
                          WIDTH="244"
                          VPOS="1697"
                          HPOS="771"
                          CONTENT="viuere"/>
                  <SP HEIGHT="75" WIDTH="24" VPOS="1697" HPOS="1014"/>
                  <String HEIGHT="75"
                          WIDTH="244"
                          VPOS="1697"
                          HPOS="941"
                          CONTENT="debent"/>
                  <SP HEIGHT="75" WIDTH="24" VPOS="1697" HPOS="1184"/>
                  <String HEIGHT="75"
                          WIDTH="146"
                          VPOS="1697"
                          HPOS="1111"
                          CONTENT="de"/>
                  <SP HEIGHT="75" WIDTH="24" VPOS="1697" HPOS="1258"/>
                  <String HEIGHT="75"
                          WIDTH="244"
                          VPOS="1697"
                          HPOS="1184"
                          CONTENT="labore"/>
                  <SP HEIGHT="75" WIDTH="24" VPOS="1697" HPOS="1428"/>
                  <String HEIGHT="75"
                          WIDTH="317"
                          VPOS="1697"
                          HPOS="1355"
                          CONTENT="corporis,"/>
                  <SP HEIGHT="75" WIDTH="24" VPOS="1697" HPOS="1671"/>
                  <String HEIGHT="75"
                          WIDTH="195"
                          VPOS="1697"
                          HPOS="1598"
                          CONTENT="quem"/>
                  <SP HEIGHT="75" WIDTH="24" VPOS="1697" HPOS="1793"/>
                  <String HEIGHT="75"
                          WIDTH="292"
                          VPOS="1697"
                          HPOS="1696"
                          CONTENT="praecaepit"/>
               </TextLine>
               <TextLine ID="r1l27"
                         BASELINE="533,1820 605,1820 677,1818 749,1818 821,1818 893,1817 965,1817 1037,1817 1109,1815 1181,1815 1253,1815 1325,1814 1397,1814 1469,1812 1541,1812 1613,1811 1685,1811 1757,1809 1829,1809 1901,1808 1974,1806"
                         HEIGHT="55"
                         WIDTH="1459"
                         VPOS="1780"
                         HPOS="524">
                  <String HEIGHT="55"
                          WIDTH="306"
                          VPOS="1780"
                          HPOS="500"
                          CONTENT="Apostolus"/>
                  <SP HEIGHT="55" WIDTH="24" VPOS="1780" HPOS="806"/>
                  <String HEIGHT="55"
                          WIDTH="212"
                          VPOS="1780"
                          HPOS="736"
                          CONTENT="illis"/>
                  <SP HEIGHT="55" WIDTH="24" VPOS="1780" HPOS="948"/>
                  <String HEIGHT="55"
                          WIDTH="400"
                          VPOS="1780"
                          HPOS="877"
                          CONTENT="indigentibus,"/>
                  <SP HEIGHT="55" WIDTH="24" VPOS="1780" HPOS="1277"/>
                  <String HEIGHT="55"
                          WIDTH="165"
                          VPOS="1780"
                          HPOS="1206"
                          CONTENT="qui"/>
                  <SP HEIGHT="55" WIDTH="24" VPOS="1780" HPOS="1371"/>
                  <String HEIGHT="55"
                          WIDTH="165"
                          VPOS="1780"
                          HPOS="1301"
                          CONTENT="non"/>
                  <SP HEIGHT="55" WIDTH="24" VPOS="1780" HPOS="1465"/>
                  <String HEIGHT="55"
                          WIDTH="235"
                          VPOS="1780"
                          HPOS="1395"
                          CONTENT="habent"/>
                  <SP HEIGHT="55" WIDTH="24" VPOS="1780" HPOS="1630"/>
                  <String HEIGHT="55"
                          WIDTH="282"
                          VPOS="1780"
                          HPOS="1559"
                          CONTENT="eiusmodi"/>
                  <SP HEIGHT="55" WIDTH="24" VPOS="1780" HPOS="1842"/>
                  <String HEIGHT="55"
                          WIDTH="235"
                          VPOS="1780"
                          HPOS="1748"
                          CONTENT="potesta¬"
                          SUBS_TYPE="HypPart1"
                          SUBS_CONTENT="potestatem,"/>
                  <HYP CONTENT="-"/>
               </TextLine>
               <TextLine ID="r1l28"
                         BASELINE="528,1886 600,1886 672,1884 744,1884 817,1883 889,1883 961,1882 1034,1881 1106,1881 1178,1881 1251,1880 1323,1880 1395,1880 1467,1878 1540,1878 1612,1878 1684,1877 1757,1877 1829,1877 1901,1875 1974,1875"
                         HEIGHT="65"
                         WIDTH="1464"
                         VPOS="1842"
                         HPOS="518">
                  <String HEIGHT="65"
                          WIDTH="189"
                          VPOS="1842"
                          HPOS="494"
                          CONTENT="tem,"
                          SUBS_TYPE="HypPart2"
                          SUBS_CONTENT="potestatem,"/>
                  <SP HEIGHT="65" WIDTH="24" VPOS="1842" HPOS="683"/>
                  <String HEIGHT="65"
                          WIDTH="283"
                          VPOS="1842"
                          HPOS="612"
                          CONTENT="scilicet"/>
                  <SP HEIGHT="65" WIDTH="24" VPOS="1842" HPOS="896"/>
                  <String HEIGHT="65"
                          WIDTH="260"
                          VPOS="1842"
                          HPOS="825"
                          CONTENT="viuendi"/>
                  <SP HEIGHT="65" WIDTH="24" VPOS="1842" HPOS="1085"/>
                  <String HEIGHT="65"
                          WIDTH="142"
                          VPOS="1842"
                          HPOS="1014"
                          CONTENT="de"/>
                  <SP HEIGHT="65" WIDTH="24" VPOS="1842" HPOS="1156"/>
                  <String HEIGHT="65"
                          WIDTH="307"
                          VPOS="1842"
                          HPOS="1085"
                          CONTENT="Euangelio"/>
                  <SP HEIGHT="65" WIDTH="24" VPOS="1842" HPOS="1392"/>
                  <String HEIGHT="65"
                          WIDTH="189"
                          VPOS="1842"
                          HPOS="1321"
                          CONTENT="sine"/>
                  <SP HEIGHT="65" WIDTH="24" VPOS="1842" HPOS="1510"/>
                  <String HEIGHT="65"
                          WIDTH="213"
                          VPOS="1842"
                          HPOS="1439"
                          CONTENT="opere"/>
                  <SP HEIGHT="65" WIDTH="24" VPOS="1842" HPOS="1651"/>
                  <String HEIGHT="65"
                          WIDTH="331"
                          VPOS="1842"
                          HPOS="1581"
                          CONTENT="corporali,"/>
                  <SP HEIGHT="65" WIDTH="24" VPOS="1842" HPOS="1911"/>
                  <String HEIGHT="65"
                          WIDTH="165"
                          VPOS="1842"
                          HPOS="1817"
                          CONTENT="vtdi¬"
                          SUBS_TYPE="HypPart1"
                          SUBS_CONTENT="vtdicit"/>
                  <HYP CONTENT="-"/>
               </TextLine>
               <TextLine ID="r1l29"
                         BASELINE="539,1952 610,1950 682,1950 754,1949 826,1949 898,1949 970,1947 1042,1947 1114,1947 1186,1947 1258,1946 1329,1946 1401,1946 1473,1946 1545,1946 1617,1944 1689,1944 1761,1944 1833,1943 1905,1943 1977,1943"
                         HEIGHT="66"
                         WIDTH="1457"
                         VPOS="1906"
                         HPOS="530">
                  <String HEIGHT="66"
                          WIDTH="176"
                          VPOS="1906"
                          HPOS="505"
                          CONTENT="cit"
                          SUBS_TYPE="HypPart2"
                          SUBS_CONTENT="vtdicit"/>
                  <SP HEIGHT="66" WIDTH="25" VPOS="1906" HPOS="681"/>
                  <String HEIGHT="66"
                          WIDTH="352"
                          VPOS="1906"
                          HPOS="605"
                          CONTENT="Augustinus"/>
                  <SP HEIGHT="66" WIDTH="25" VPOS="1906" HPOS="957"/>
                  <String HEIGHT="66"
                          WIDTH="276"
                          VPOS="1906"
                          HPOS="882"
                          CONTENT="soluens"/>
                  <SP HEIGHT="66" WIDTH="25" VPOS="1906" HPOS="1158"/>
                  <String HEIGHT="66"
                          WIDTH="251"
                          VPOS="1906"
                          HPOS="1083"
                          CONTENT="dictam"/>
                  <SP HEIGHT="66" WIDTH="25" VPOS="1906" HPOS="1334"/>
                  <String HEIGHT="66"
                          WIDTH="402"
                          VPOS="1906"
                          HPOS="1259"
                          CONTENT="obiectionem,"/>
                  <SP HEIGHT="66" WIDTH="25" VPOS="1906" HPOS="1660"/>
                  <String HEIGHT="66"
                          WIDTH="402"
                          VPOS="1906"
                          HPOS="1585"
                          CONTENT="consequenter"/>
                  <SP HEIGHT="66" WIDTH="25" VPOS="1906" HPOS="1987"/>
                  <String HEIGHT="66"
                          WIDTH="100"
                          VPOS="1906"
                          HPOS="1887"
                          CONTENT="in"/>
               </TextLine>
               <TextLine ID="r1l30"
                         BASELINE="542,2021 614,2019 686,2018 758,2016 830,2016 902,2015 974,2015 1046,2013 1118,2013 1190,2013 1262,2012 1334,2012 1406,2012 1478,2012 1550,2010 1622,2010 1694,2010 1766,2009 1838,2008 1910,2007 1983,2006"
                         HEIGHT="60"
                         WIDTH="1461"
                         VPOS="1977"
                         HPOS="532">
                  <String HEIGHT="60"
                          WIDTH="216"
                          VPOS="1977"
                          HPOS="508"
                          CONTENT="codem"/>
                  <SP HEIGHT="60" WIDTH="24" VPOS="1977" HPOS="724"/>
                  <String HEIGHT="60"
                          WIDTH="240"
                          VPOS="1977"
                          HPOS="652"
                          CONTENT="capite"/>
                  <SP HEIGHT="60" WIDTH="24" VPOS="1977" HPOS="891"/>
                  <String HEIGHT="60"
                          WIDTH="335"
                          VPOS="1977"
                          HPOS="819"
                          CONTENT="supradicto"/>
                  <SP HEIGHT="60" WIDTH="24" VPOS="1977" HPOS="1155"/>
                  <String HEIGHT="60"
                          WIDTH="168"
                          VPOS="1977"
                          HPOS="1083"
                          CONTENT="his"/>
                  <SP HEIGHT="60" WIDTH="24" VPOS="1977" HPOS="1251"/>
                  <String HEIGHT="60"
                          WIDTH="263"
                          VPOS="1977"
                          HPOS="1179"
                          CONTENT="verbis."/>
                  <SP HEIGHT="60" WIDTH="24" VPOS="1977" HPOS="1442"/>
                  <String HEIGHT="60"
                          WIDTH="192"
                          VPOS="1977"
                          HPOS="1370"
                          CONTENT="Hanc"/>
                  <SP HEIGHT="60" WIDTH="24" VPOS="1977" HPOS="1562"/>
                  <String HEIGHT="60"
                          WIDTH="359"
                          VPOS="1977"
                          HPOS="1490"
                          CONTENT="quaestionem"/>
                  <SP HEIGHT="60" WIDTH="24" VPOS="1977" HPOS="1849"/>
                  <String HEIGHT="60"
                          WIDTH="240"
                          VPOS="1977"
                          HPOS="1753"
                          CONTENT="breuiter"/>
               </TextLine>
               <TextLine ID="r1l31"
                         BASELINE="542,2084 614,2084 686,2082 758,2082 830,2081 902,2081 974,2081 1046,2079 1118,2079 1190,2078 1262,2078 1334,2078 1406,2076 1478,2076 1550,2076 1622,2076 1694,2075 1766,2075 1838,2075 1910,2075 1983,2075"
                         HEIGHT="72"
                         WIDTH="1459"
                         VPOS="2036"
                         HPOS="533">
                  <String HEIGHT="72"
                          WIDTH="301"
                          VPOS="2036"
                          HPOS="510"
                          CONTENT="soluerem,"/>
                  <SP HEIGHT="72" WIDTH="23" VPOS="2036" HPOS="811"/>
                  <String HEIGHT="72" WIDTH="139" VPOS="2036" HPOS="741" CONTENT="si"/>
                  <SP HEIGHT="72" WIDTH="23" VPOS="2036" HPOS="880"/>
                  <String HEIGHT="72"
                          WIDTH="278"
                          VPOS="2036"
                          HPOS="811"
                          CONTENT="dicerem,"/>
                  <SP HEIGHT="72" WIDTH="23" VPOS="2036" HPOS="1089"/>
                  <String HEIGHT="72"
                          WIDTH="185"
                          VPOS="2036"
                          HPOS="1019"
                          CONTENT="quia"/>
                  <SP HEIGHT="72" WIDTH="23" VPOS="2036" HPOS="1205"/>
                  <String HEIGHT="72" WIDTH="116" VPOS="2036" HPOS="1135" CONTENT="&amp;"/>
                  <SP HEIGHT="72" WIDTH="23" VPOS="2036" HPOS="1251"/>
                  <String HEIGHT="72"
                          WIDTH="208"
                          VPOS="2036"
                          HPOS="1181"
                          CONTENT="iuste"/>
                  <SP HEIGHT="72" WIDTH="23" VPOS="2036" HPOS="1390"/>
                  <String HEIGHT="72"
                          WIDTH="278"
                          VPOS="2036"
                          HPOS="1320"
                          CONTENT="dicerem,"/>
                  <SP HEIGHT="72" WIDTH="23" VPOS="2036" HPOS="1598"/>
                  <String HEIGHT="72"
                          WIDTH="301"
                          VPOS="2036"
                          HPOS="1529"
                          CONTENT="credendum"/>
                  <SP HEIGHT="72" WIDTH="23" VPOS="2036" HPOS="1830"/>
                  <String HEIGHT="72"
                          WIDTH="185"
                          VPOS="2036"
                          HPOS="1760"
                          CONTENT="esse"/>
                  <SP HEIGHT="72" WIDTH="23" VPOS="2036" HPOS="1946"/>
                  <String HEIGHT="72"
                          WIDTH="139"
                          VPOS="2036"
                          HPOS="1853"
                          CONTENT="Apo¬"
                          SUBS_TYPE="HypPart1"
                          SUBS_CONTENT="Apostolo."/>
                  <HYP CONTENT="-"/>
               </TextLine>
               <TextLine ID="r1l32"
                         BASELINE="537,2151 609,2150 681,2150 753,2148 825,2148 897,2147 969,2145 1041,2145 1113,2145 1185,2144 1257,2144 1329,2142 1401,2142 1473,2142 1545,2141 1617,2141 1689,2141 1761,2139 1833,2139 1905,2139 1977,2138"
                         HEIGHT="97"
                         WIDTH="1459"
                         VPOS="2091"
                         HPOS="527">
                  <String HEIGHT="97"
                          WIDTH="232"
                          VPOS="2091"
                          HPOS="504"
                          CONTENT="stolo."
                          SUBS_TYPE="HypPart2"
                          SUBS_CONTENT="Apostolo."/>
                  <SP HEIGHT="97" WIDTH="23" VPOS="2091" HPOS="735"/>
                  <String HEIGHT="97" WIDTH="139" VPOS="2091" HPOS="666" CONTENT="Et"/>
                  <SP HEIGHT="97" WIDTH="23" VPOS="2091" HPOS="805"/>
                  <String HEIGHT="97"
                          WIDTH="232"
                          VPOS="2091"
                          HPOS="735"
                          CONTENT="infra."/>
                  <SP HEIGHT="97" WIDTH="23" VPOS="2091" HPOS="967"/>
                  <String HEIGHT="97"
                          WIDTH="162"
                          VPOS="2091"
                          HPOS="898"
                          CONTENT="Hoc"/>
                  <SP HEIGHT="97" WIDTH="23" VPOS="2091" HPOS="1060"/>
                  <String HEIGHT="97"
                          WIDTH="232"
                          VPOS="2091"
                          HPOS="990"
                          CONTENT="tamen,"/>
                  <SP HEIGHT="97" WIDTH="23" VPOS="2091" HPOS="1222"/>
                  <String HEIGHT="97"
                          WIDTH="278"
                          VPOS="2091"
                          HPOS="1152"
                          CONTENT="scilicet"/>
                  <SP HEIGHT="97" WIDTH="23" VPOS="2091" HPOS="1430"/>
                  <String HEIGHT="97"
                          WIDTH="255"
                          VPOS="2091"
                          HPOS="1361"
                          CONTENT="manibus"/>
                  <SP HEIGHT="97" WIDTH="23" VPOS="2091" HPOS="1615"/>
                  <String HEIGHT="97"
                          WIDTH="278"
                          VPOS="2091"
                          HPOS="1546"
                          CONTENT="operari,"/>
                  <SP HEIGHT="97" WIDTH="23" VPOS="2091" HPOS="1824"/>
                  <String HEIGHT="97"
                          WIDTH="162"
                          VPOS="2091"
                          HPOS="1754"
                          CONTENT="eum"/>
                  <SP HEIGHT="97" WIDTH="23" VPOS="2091" HPOS="1917"/>
                  <String HEIGHT="97"
                          WIDTH="162"
                          VPOS="2091"
                          HPOS="1824"
                          CONTENT="prae¬"
                          SUBS_TYPE="HypPart1"
                          SUBS_CONTENT="praecepisse"/>
                  <HYP CONTENT="-"/>
               </TextLine>
               <TextLine ID="r1l33"
                         BASELINE="533,2216 606,2214 679,2214 752,2214 826,2213 899,2213 972,2212 1045,2211 1119,2211 1192,2210 1265,2210 1338,2210 1412,2208 1485,2208 1558,2207 1631,2207 1705,2205 1778,2205 1851,2204 1924,2204 1998,2202"
                         HEIGHT="68"
                         WIDTH="1485"
                         VPOS="2161"
                         HPOS="523">
                  <String HEIGHT="68"
                          WIDTH="240"
                          VPOS="2161"
                          HPOS="501"
                          CONTENT="cepisse"
                          SUBS_TYPE="HypPart2"
                          SUBS_CONTENT="praecepisse"/>
                  <SP HEIGHT="68" WIDTH="22" VPOS="2161" HPOS="741"/>
                  <String HEIGHT="68"
                          WIDTH="175"
                          VPOS="2161"
                          HPOS="676"
                          CONTENT="iis,"/>
                  <SP HEIGHT="68" WIDTH="22" VPOS="2161" HPOS="851"/>
                  <String HEIGHT="68"
                          WIDTH="153"
                          VPOS="2161"
                          HPOS="785"
                          CONTENT="qui"/>
                  <SP HEIGHT="68" WIDTH="22" VPOS="2161" HPOS="938"/>
                  <String HEIGHT="68"
                          WIDTH="153"
                          VPOS="2161"
                          HPOS="872"
                          CONTENT="non"/>
                  <SP HEIGHT="68" WIDTH="22" VPOS="2161" HPOS="1025"/>
                  <String HEIGHT="68"
                          WIDTH="262"
                          VPOS="2161"
                          HPOS="960"
                          CONTENT="habebant"/>
                  <SP HEIGHT="68" WIDTH="22" VPOS="2161" HPOS="1222"/>
                  <String HEIGHT="68"
                          WIDTH="284"
                          VPOS="2161"
                          HPOS="1156"
                          CONTENT="huiusmodi"/>
                  <SP HEIGHT="68" WIDTH="22" VPOS="2161" HPOS="1440"/>
                  <String HEIGHT="68"
                          WIDTH="328"
                          VPOS="2161"
                          HPOS="1375"
                          CONTENT="potestatem,"/>
                  <SP HEIGHT="68" WIDTH="22" VPOS="2161" HPOS="1702"/>
                  <String HEIGHT="68"
                          WIDTH="262"
                          VPOS="2161"
                          HPOS="1637"
                          CONTENT="scilicet"/>
                  <SP HEIGHT="68" WIDTH="22" VPOS="2161" HPOS="1899"/>
                  <String HEIGHT="68"
                          WIDTH="197"
                          VPOS="2161"
                          HPOS="1811"
                          CONTENT="viuendi"/>
               </TextLine>
               <TextLine ID="r1l34"
                         BASELINE="537,2283 609,2283 681,2282 753,2282 825,2280 897,2280 969,2279 1041,2278 1113,2277 1185,2277 1258,2276 1330,2276 1402,2274 1474,2274 1546,2273 1618,2273 1690,2273 1762,2271 1834,2271 1906,2270 1979,2270"
                         HEIGHT="66"
                         WIDTH="1461"
                         VPOS="2234"
                         HPOS="528">
                  <String HEIGHT="66" WIDTH="141" VPOS="2234" HPOS="504" CONTENT="de"/>
                  <SP HEIGHT="66" WIDTH="24" VPOS="2234" HPOS="646"/>
                  <String HEIGHT="66"
                          WIDTH="330"
                          VPOS="2234"
                          HPOS="575"
                          CONTENT="Evangelio,"/>
                  <SP HEIGHT="66" WIDTH="24" VPOS="2234" HPOS="905"/>
                  <String HEIGHT="66"
                          WIDTH="165"
                          VPOS="2234"
                          HPOS="834"
                          CONTENT="ea,"/>
                  <SP HEIGHT="66" WIDTH="24" VPOS="2234" HPOS="999"/>
                  <String HEIGHT="66"
                          WIDTH="189"
                          VPOS="2234"
                          HPOS="929"
                          CONTENT="quae"/>
                  <SP HEIGHT="66" WIDTH="24" VPOS="2234" HPOS="1117"/>
                  <String HEIGHT="66"
                          WIDTH="165"
                          VPOS="2234"
                          HPOS="1046"
                          CONTENT="iam"/>
                  <SP HEIGHT="66" WIDTH="24" VPOS="2234" HPOS="1211"/>
                  <String HEIGHT="66"
                          WIDTH="212"
                          VPOS="2234"
                          HPOS="1141"
                          CONTENT="multa"/>
                  <SP HEIGHT="66" WIDTH="24" VPOS="2234" HPOS="1353"/>
                  <String HEIGHT="66"
                          WIDTH="212"
                          VPOS="2234"
                          HPOS="1282"
                          CONTENT="dicta"/>
                  <SP HEIGHT="66" WIDTH="24" VPOS="2234" HPOS="1494"/>
                  <String HEIGHT="66"
                          WIDTH="212"
                          VPOS="2234"
                          HPOS="1423"
                          CONTENT="sunt,"/>
                  <SP HEIGHT="66" WIDTH="24" VPOS="2234" HPOS="1636"/>
                  <String HEIGHT="66"
                          WIDTH="377"
                          VPOS="2234"
                          HPOS="1565"
                          CONTENT="manifestant."/>
                  <SP HEIGHT="66" WIDTH="24" VPOS="2234" HPOS="1942"/>
                  <String HEIGHT="66"
                          WIDTH="141"
                          VPOS="2234"
                          HPOS="1848"
                          CONTENT="Item"/>
               </TextLine>
               <TextLine ID="r1l35"
                         BASELINE="536,2348 608,2348 680,2348 752,2348 824,2348 897,2347 969,2346 1041,2346 1113,2345 1185,2343 1258,2343 1330,2342 1402,2341 1474,2340 1546,2340 1619,2339 1691,2339 1763,2337 1835,2337 1907,2337 1980,2337"
                         HEIGHT="85"
                         WIDTH="1463"
                         VPOS="2280"
                         HPOS="527">
                  <String HEIGHT="85"
                          WIDTH="212"
                          VPOS="2280"
                          HPOS="503"
                          CONTENT="super"/>
                  <SP HEIGHT="85" WIDTH="24" VPOS="2280" HPOS="716"/>
                  <String HEIGHT="85"
                          WIDTH="212"
                          VPOS="2280"
                          HPOS="645"
                          CONTENT="illud"/>
                  <SP HEIGHT="85" WIDTH="24" VPOS="2280" HPOS="857"/>
                  <String HEIGHT="85" WIDTH="142" VPOS="2280" HPOS="787" CONTENT="2."/>
                  <SP HEIGHT="85" WIDTH="24" VPOS="2280" HPOS="928"/>
                  <String HEIGHT="85"
                          WIDTH="236"
                          VPOS="2280"
                          HPOS="857"
                          CONTENT="Thess."/>
                  <SP HEIGHT="85" WIDTH="24" VPOS="2280" HPOS="1093"/>
                  <String HEIGHT="85"
                          WIDTH="142"
                          VPOS="2280"
                          HPOS="1023"
                          CONTENT="3."/>
                  <SP HEIGHT="85" WIDTH="24" VPOS="2280" HPOS="1164"/>
                  <String HEIGHT="85"
                          WIDTH="165"
                          VPOS="2280"
                          HPOS="1093"
                          CONTENT="Non"/>
                  <SP HEIGHT="85" WIDTH="24" VPOS="2280" HPOS="1259"/>
                  <String HEIGHT="85"
                          WIDTH="212"
                          VPOS="2280"
                          HPOS="1188"
                          CONTENT="quasi"/>
                  <SP HEIGHT="85" WIDTH="24" VPOS="2280" HPOS="1400"/>
                  <String HEIGHT="85"
                          WIDTH="165"
                          VPOS="2280"
                          HPOS="1329"
                          CONTENT="non"/>
                  <SP HEIGHT="85" WIDTH="24" VPOS="2280" HPOS="1494"/>
                  <String HEIGHT="85"
                          WIDTH="330"
                          VPOS="2280"
                          HPOS="1424"
                          CONTENT="hubuerimus"/>
                  <SP HEIGHT="85" WIDTH="24" VPOS="2280" HPOS="1754"/>
                  <String HEIGHT="85"
                          WIDTH="354"
                          VPOS="2280"
                          HPOS="1683"
                          CONTENT="potestatem,"/>
                  <SP HEIGHT="85" WIDTH="24" VPOS="2280" HPOS="2037"/>
                  <String HEIGHT="85" WIDTH="47" VPOS="2280" HPOS="1943" CONTENT=""/>
               </TextLine>
               <TextLine ID="r1l36"
                         BASELINE="539,2415 611,2415 683,2414 756,2414 828,2412 900,2412 973,2411 1045,2411 1117,2409 1190,2409 1262,2408 1334,2408 1407,2406 1479,2406 1551,2405 1624,2405 1696,2405 1768,2403 1841,2403 1913,2403 1986,2403"
                         HEIGHT="69"
                         WIDTH="1466"
                         VPOS="2368"
                         HPOS="529">
                  <String HEIGHT="69"
                          WIDTH="168"
                          VPOS="2368"
                          HPOS="505"
                          CONTENT="&amp;c."/>
                  <SP HEIGHT="69" WIDTH="24" VPOS="2368" HPOS="673"/>
                  <String HEIGHT="69"
                          WIDTH="336"
                          VPOS="2368"
                          HPOS="601"
                          CONTENT="dicinGlos."/>
                  <SP HEIGHT="69" WIDTH="24" VPOS="2368" HPOS="938"/>
                  <String HEIGHT="69"
                          WIDTH="192"
                          VPOS="2368"
                          HPOS="865"
                          CONTENT="Tunm"/>
                  <SP HEIGHT="69" WIDTH="24" VPOS="2368" HPOS="1058"/>
                  <String HEIGHT="69"
                          WIDTH="192"
                          VPOS="2368"
                          HPOS="986"
                          CONTENT="isti"/>
                  <SP HEIGHT="69" WIDTH="24" VPOS="2368" HPOS="1178"/>
                  <String HEIGHT="69"
                          WIDTH="240"
                          VPOS="2368"
                          HPOS="1106"
                          CONTENT="Pseudo"/>
                  <SP HEIGHT="69" WIDTH="24" VPOS="2368" HPOS="1346"/>
                  <String HEIGHT="69"
                          WIDTH="216"
                          VPOS="2368"
                          HPOS="1274"
                          CONTENT="magis"/>
                  <SP HEIGHT="69" WIDTH="24" VPOS="2368" HPOS="1490"/>
                  <String HEIGHT="69"
                          WIDTH="240"
                          VPOS="2368"
                          HPOS="1418"
                          CONTENT="debent"/>
                  <SP HEIGHT="69" WIDTH="24" VPOS="2368" HPOS="1659"/>
                  <String HEIGHT="69"
                          WIDTH="240"
                          VPOS="2368"
                          HPOS="1586"
                          CONTENT="viuere"/>
                  <SP HEIGHT="69" WIDTH="24" VPOS="2368" HPOS="1827"/>
                  <String HEIGHT="69"
                          WIDTH="144"
                          VPOS="2368"
                          HPOS="1755"
                          CONTENT="de"/>
                  <SP HEIGHT="69" WIDTH="24" VPOS="2368" HPOS="1899"/>
                  <String HEIGHT="69"
                          WIDTH="192"
                          VPOS="2368"
                          HPOS="1803"
                          CONTENT="labore"/>
               </TextLine>
               <TextLine ID="r1l37"
                         BASELINE="540,2481 612,2480 684,2480 756,2480 828,2479 900,2478 972,2478 1044,2477 1116,2477 1188,2475 1260,2475 1332,2475 1404,2474 1476,2474 1548,2472 1620,2472 1692,2471 1764,2471 1836,2471 1908,2469 1980,2469"
                         HEIGHT="82"
                         WIDTH="1459"
                         VPOS="2411"
                         HPOS="531">
                  <String HEIGHT="82"
                          WIDTH="283"
                          VPOS="2411"
                          HPOS="509"
                          CONTENT="corporis,"/>
                  <SP HEIGHT="82" WIDTH="22" VPOS="2411" HPOS="792"/>
                  <String HEIGHT="82"
                          WIDTH="152"
                          VPOS="2411"
                          HPOS="727"
                          CONTENT="qui"/>
                  <SP HEIGHT="82" WIDTH="22" VPOS="2411" HPOS="879"/>
                  <String HEIGHT="82"
                          WIDTH="152"
                          VPOS="2411"
                          HPOS="814"
                          CONTENT="non"/>
                  <SP HEIGHT="82" WIDTH="22" VPOS="2411" HPOS="967"/>
                  <String HEIGHT="82"
                          WIDTH="218"
                          VPOS="2411"
                          HPOS="901"
                          CONTENT="habent"/>
                  <SP HEIGHT="82" WIDTH="22" VPOS="2411" HPOS="1119"/>
                  <String HEIGHT="82"
                          WIDTH="174"
                          VPOS="2411"
                          HPOS="1054"
                          CONTENT="hanc"/>
                  <SP HEIGHT="82" WIDTH="22" VPOS="2411" HPOS="1228"/>
                  <String HEIGHT="82"
                          WIDTH="327"
                          VPOS="2411"
                          HPOS="1163"
                          CONTENT="potestatem,"/>
                  <SP HEIGHT="82" WIDTH="22" VPOS="2411" HPOS="1489"/>
                  <String HEIGHT="82"
                          WIDTH="261"
                          VPOS="2411"
                          HPOS="1424"
                          CONTENT="scilicet"/>
                  <SP HEIGHT="82" WIDTH="22" VPOS="2411" HPOS="1685"/>
                  <String HEIGHT="82"
                          WIDTH="240"
                          VPOS="2411"
                          HPOS="1620"
                          CONTENT="viuendi"/>
                  <SP HEIGHT="82" WIDTH="22" VPOS="2411" HPOS="1859"/>
                  <String HEIGHT="82"
                          WIDTH="131"
                          VPOS="2411"
                          HPOS="1794"
                          CONTENT="de"/>
                  <SP HEIGHT="82" WIDTH="22" VPOS="2411" HPOS="1925"/>
                  <String HEIGHT="82"
                          WIDTH="152"
                          VPOS="2411"
                          HPOS="1838"
                          CONTENT="Euan¬"
                          SUBS_TYPE="HypPart1"
                          SUBS_CONTENT="Euangelio;"/>
                  <HYP CONTENT="-"/>
               </TextLine>
               <TextLine ID="r1l38"
                         BASELINE="543,2546 615,2546 687,2546 759,2544 831,2544 903,2544 975,2543 1047,2543 1119,2543 1191,2541 1263,2541 1335,2540 1407,2540 1479,2538 1551,2538 1623,2538 1695,2537 1767,2537 1839,2537 1911,2537 1983,2537"
                         HEIGHT="96"
                         WIDTH="1459"
                         VPOS="2483"
                         HPOS="533">
                  <String HEIGHT="96"
                          WIDTH="239"
                          VPOS="2483"
                          HPOS="509"
                          CONTENT="gelio;"
                          SUBS_TYPE="HypPart2"
                          SUBS_CONTENT="Euangelio;"/>
                  <SP HEIGHT="96" WIDTH="24" VPOS="2483" HPOS="748"/>
                  <String HEIGHT="96"
                          WIDTH="359"
                          VPOS="2483"
                          HPOS="677"
                          CONTENT="praesertim,"/>
                  <SP HEIGHT="96" WIDTH="24" VPOS="2483" HPOS="1035"/>
                  <String HEIGHT="96"
                          WIDTH="167"
                          VPOS="2483"
                          HPOS="964"
                          CONTENT="cum"/>
                  <SP HEIGHT="96" WIDTH="24" VPOS="2483" HPOS="1131"/>
                  <String HEIGHT="96"
                          WIDTH="335"
                          VPOS="2483"
                          HPOS="1059"
                          CONTENT="Apostolus,"/>
                  <SP HEIGHT="96" WIDTH="24" VPOS="2483" HPOS="1394"/>
                  <String HEIGHT="96"
                          WIDTH="167"
                          VPOS="2483"
                          HPOS="1322"
                          CONTENT="qui"/>
                  <SP HEIGHT="96" WIDTH="24" VPOS="2483" HPOS="1490"/>
                  <String HEIGHT="96"
                          WIDTH="144"
                          VPOS="2483"
                          HPOS="1418"
                          CONTENT="ex"/>
                  <SP HEIGHT="96" WIDTH="24" VPOS="2483" HPOS="1561"/>
                  <String HEIGHT="96"
                          WIDTH="287"
                          VPOS="2483"
                          HPOS="1490"
                          CONTENT="missione"/>
                  <SP HEIGHT="96" WIDTH="24" VPOS="2483" HPOS="1777"/>
                  <String HEIGHT="96"
                          WIDTH="239"
                          VPOS="2483"
                          HPOS="1705"
                          CONTENT="diuina"/>
                  <SP HEIGHT="96" WIDTH="24" VPOS="2483" HPOS="1944"/>
                  <String HEIGHT="96"
                          WIDTH="144"
                          VPOS="2483"
                          HPOS="1848"
                          CONTENT="mul¬"
                          SUBS_TYPE="HypPart1"
                          SUBS_CONTENT="multum"/>
                  <HYP CONTENT="-"/>
               </TextLine>
               <TextLine ID="r1l39"
                         BASELINE="546,2616 618,2615 691,2614 764,2613 836,2612 909,2611 982,2610 1054,2609 1127,2609 1200,2607 1273,2607 1345,2606 1418,2606 1491,2606 1563,2604 1636,2604 1709,2604 1781,2603 1854,2603 1927,2603 2000,2603"
                         HEIGHT="66"
                         WIDTH="1474"
                         VPOS="2570"
                         HPOS="536">
                  <String HEIGHT="66"
                          WIDTH="175"
                          VPOS="2570"
                          HPOS="511"
                          CONTENT="tum"
                          SUBS_TYPE="HypPart2"
                          SUBS_CONTENT="multum"/>
                  <SP HEIGHT="66" WIDTH="25" VPOS="2570" HPOS="686"/>
                  <String HEIGHT="66"
                          WIDTH="200"
                          VPOS="2570"
                          HPOS="611"
                          CONTENT="erat"/>
                  <SP HEIGHT="66" WIDTH="25" VPOS="2570" HPOS="811"/>
                  <String HEIGHT="66" WIDTH="150" VPOS="2570" HPOS="736" CONTENT="in"/>
                  <SP HEIGHT="66" WIDTH="25" VPOS="2570" HPOS="886"/>
                  <String HEIGHT="66"
                          WIDTH="325"
                          VPOS="2570"
                          HPOS="811"
                          CONTENT="huiusmodi"/>
                  <SP HEIGHT="66" WIDTH="25" VPOS="2570" HPOS="1136"/>
                  <String HEIGHT="66"
                          WIDTH="425"
                          VPOS="2570"
                          HPOS="1061"
                          CONTENT="spiritualibus"/>
                  <SP HEIGHT="66" WIDTH="25" VPOS="2570" HPOS="1485"/>
                  <String HEIGHT="66"
                          WIDTH="150"
                          VPOS="2570"
                          HPOS="1410"
                          CONTENT="ad"/>
                  <SP HEIGHT="66" WIDTH="25" VPOS="2570" HPOS="1560"/>
                  <String HEIGHT="66"
                          WIDTH="350"
                          VPOS="2570"
                          HPOS="1485"
                          CONTENT="vtilitatem"/>
                  <SP HEIGHT="66" WIDTH="25" VPOS="2570" HPOS="1835"/>
                  <String HEIGHT="66"
                          WIDTH="275"
                          VPOS="2570"
                          HPOS="1735"
                          CONTENT="publicam¬"
                          SUBS_TYPE="HypPart1"
                          SUBS_CONTENT="publicampertinentibus"/>
                  <HYP CONTENT="-"/>
               </TextLine>
               <TextLine ID="r1l40"
                         BASELINE="534,2684 607,2682 681,2681 754,2681 828,2679 902,2678 975,2678 1049,2676 1123,2676 1196,2675 1270,2675 1344,2673 1417,2673 1491,2672 1565,2672 1638,2670 1712,2670 1786,2670 1859,2670 1933,2669 2007,2669"
                         HEIGHT="96"
                         WIDTH="1492"
                         VPOS="2613"
                         HPOS="524">
                  <String HEIGHT="96"
                          WIDTH="423"
                          VPOS="2613"
                          HPOS="499"
                          CONTENT="pertinentibus"
                          SUBS_TYPE="HypPart2"
                          SUBS_CONTENT="publicampertinentibus"/>
                  <SP HEIGHT="96" WIDTH="25" VPOS="2613" HPOS="922"/>
                  <String HEIGHT="96"
                          WIDTH="348"
                          VPOS="2613"
                          HPOS="847"
                          CONTENT="occupatus,"/>
                  <SP HEIGHT="96" WIDTH="25" VPOS="2613" HPOS="1195"/>
                  <String HEIGHT="96"
                          WIDTH="249"
                          VPOS="2613"
                          HPOS="1121"
                          CONTENT="vtpote"/>
                  <SP HEIGHT="96" WIDTH="25" VPOS="2613" HPOS="1369"/>
                  <String HEIGHT="96"
                          WIDTH="249"
                          VPOS="2613"
                          HPOS="1295"
                          CONTENT="habens"/>
                  <SP HEIGHT="96" WIDTH="25" VPOS="2613" HPOS="1544"/>
                  <String HEIGHT="96"
                          WIDTH="448"
                          VPOS="2613"
                          HPOS="1469"
                          CONTENT="sollicitudinem"/>
                  <SP HEIGHT="96" WIDTH="25" VPOS="2613" HPOS="1917"/>
                  <String HEIGHT="96"
                          WIDTH="199"
                          VPOS="2613"
                          HPOS="1817"
                          CONTENT="omnium"/>
               </TextLine>
               <TextLine ID="r1l41"
                         BASELINE="543,2751 615,2751 688,2751 761,2751 834,2750 907,2750 980,2748 1053,2748 1126,2747 1199,2745 1272,2744 1344,2744 1417,2742 1490,2741 1563,2740 1636,2739 1709,2739 1782,2738 1855,2738 1928,2738 2001,2739"
                         HEIGHT="82"
                         WIDTH="1476"
                         VPOS="2682"
                         HPOS="534">
                  <String HEIGHT="82"
                          WIDTH="394"
                          VPOS="2682"
                          HPOS="509"
                          CONTENT="Ecclesiarum,"/>
                  <SP HEIGHT="82" WIDTH="25" VPOS="2682" HPOS="903"/>
                  <String HEIGHT="82" WIDTH="148" VPOS="2682" HPOS="829" CONTENT="2."/>
                  <SP HEIGHT="82" WIDTH="25" VPOS="2682" HPOS="977"/>
                  <String HEIGHT="82"
                          WIDTH="295"
                          VPOS="2682"
                          HPOS="903"
                          CONTENT="Corinth."/>
                  <SP HEIGHT="82" WIDTH="25" VPOS="2682" HPOS="1198"/>
                  <String HEIGHT="82"
                          WIDTH="172"
                          VPOS="2682"
                          HPOS="1124"
                          CONTENT="II."/>
                  <SP HEIGHT="82" WIDTH="25" VPOS="2682" HPOS="1297"/>
                  <String HEIGHT="82"
                          WIDTH="369"
                          VPOS="2682"
                          HPOS="1223"
                          CONTENT="nihilominus"/>
                  <SP HEIGHT="82" WIDTH="25" VPOS="2682" HPOS="1592"/>
                  <String HEIGHT="82"
                          WIDTH="221"
                          VPOS="2682"
                          HPOS="1518"
                          CONTENT="tamen"/>
                  <SP HEIGHT="82" WIDTH="25" VPOS="2682" HPOS="1739"/>
                  <String HEIGHT="82"
                          WIDTH="320"
                          VPOS="2682"
                          HPOS="1666"
                          CONTENT="aliquando"/>
                  <SP HEIGHT="82" WIDTH="25" VPOS="2682" HPOS="1985"/>
                  <String HEIGHT="82"
                          WIDTH="123"
                          VPOS="2682"
                          HPOS="1887"
                          CONTENT="in¬"/>
               </TextLine>
            </TextBlock>
         </PrintSpace>
      </Page>
   </Layout>
</alto>
