2592 3508
532 177 271 100 septem
722 177 434 100 Paragraphis.

612 189 148 136 §.
686 189 173 136 Sed
785 189 222 136 achue
933 189 222 136 dicet
1081 189 222 136 super
1229 189 296 136 feriosus
1451 189 345 136 Oriosialis
1722 189 296 136 Descplor
1919 189 148 136 esei

511 290 228 106 velle
663 290 330 106 mendicare
916 290 279 106 exemplo
1119 290 304 106 Chlisti,
1347 290 152 106 vt
1423 290 304 106 Christum
1626 290 431 106 perlectilsinni¬-

544 360 239 92 tetur,
712 360 191 92 quem
831 360 263 92 afferit
1022 360 335 92 nendicasse
1286 360 239 92 aiuxta
1453 360 215 92 illud
1597 360 215 92 Psal.
1740 360 167 92 39.
1836 360 144 92 Qo
1884 360 167 92 autem

542 429 297 94 mendicus
765 429 198 94 sum,
888 429 124 94 &
938 429 272 94 pauper;
1136 429 198 94 quod
1259 429 297 94 secundum
1482 429 223 94 Glos.
1630 429 223 94 dicit
1779 429 173 94 &hr
1853 429 173 94 istia

541 515 156 88 de
619 515 156 88 se
697 515 156 88 ex
775 515 234 88 sorma
904 515 234 88 serui.¬-

549 517 157 144 §.
627 517 183 144 Sed
732 517 314 144 secundum
967 517 209 144 quod
1098 517 418 144 patetibidem,
1438 517 183 144 non
1542 517 314 144 loquitur
1777 517 183 144 abi
1882 517 235 144 cltis

518 618 195 101 stus
639 618 146 101 de
712 618 365 101 mendicitate
1004 618 243 101 victus
1175 618 365 101 corporalis;
1467 618 170 101 sed
1564 618 146 101 de
1637 618 365 101 mendicitate
1905 618 146 101 siu¬-

531 722 304 62 rituali,
758 722 304 62 secundum
986 722 202 62 quam
1113 722 278 62 perebat
1315 722 304 62 Christus
1543 722 228 62 homoa
1695 722 253 62 Patre,
1847 722 202 62 laeci¬-

539 771 199 88 tiam
663 771 298 88 aternam,
887 771 149 88 ne
961 771 199 88 quis
1086 771 224 88 alius
1234 771 199 88 homo
1359 771 273 88 gloriam
1557 771 298 88 letitiae
1781 771 248 88 illius
1930 771 124 88 ibi

526 855 333 87 arrogaret.
788 855 190 87 Vnde
907 855 214 87 Glos.
1050 855 190 87 Hoch
1169 855 214 87 dicit
1311 855 286 87 Christus
1526 855 143 87 de
1597 855 143 87 se
1668 855 143 87 ex
1740 855 238 87 formas
1882 855 167 87 serui

535 894 128 90 ne
599 894 171 90 quis
706 894 235 90 gloriam
877 894 256 90 latitiae
1069 894 299 90 praedictae
1304 894 171 90 sibi
1411 894 256 90 arroget.
1603 894 150 90 IEt
1689 894 235 90 dicitur
1838 894 214 90 Christus

540 966 341 102 mendicus,
802 966 288 102 quoniam
1011 966 131 102 a
1064 966 183 102 Deo
1169 966 236 102 Patre
1326 966 262 102 petit,
1509 966 262 102 pauper
1692 966 210 102 verp
1797 966 236 102 dicitur

527 1046 199 78 quia
651 1046 199 78 sibi
775 1046 174 78 non
875 1046 298 78 sufficit
1098 1046 149 78 in
1172 1046 273 78 quantum
1371 1046 223 78 homo,
1520 1046 174 78 sed
1619 1046 223 78 Pates
1768 1046 223 78 guram
1892 1046 174 78 habes

550 1100 270 93 ipsius.
747 1100 196 93 Vnde
869 1100 221 93 Glos.
1016 1100 294 93 Mendicus
1237 1100 196 93 est,
1360 1100 172 93 qui
1458 1100 147 93 ab
1531 1100 196 93 alio
1654 1100 245 93 petit;
1825 1100 123 93 &
1874 1100 270 93 pauper,

558 1157 154 104 qui
646 1157 176 104 sibi
756 1157 154 104 non
843 1157 285 104 sufficit.
1063 1157 285 104 Sequitur.
1283 1157 242 104 Dominus
1458 1157 307 104 sollicitus
1700 1157 154 104 est
1788 1157 176 104 mei;
1897 1157 198 104 Glos.

532 1234 147 80 Id
605 1234 195 80 est,
727 1234 220 80 curam
874 1234 220 80 habet
1020 1234 195 80 mei.
1142 1234 269 80 Egestas
1338 1234 195 80 enim
1460 1234 293 80 Christi,
1680 1234 122 80 &
1729 1234 318 80 paupertas
1949 1234 122 80 ap¬-

526 1294 290 83 pellatur
743 1294 145 83 in
816 1294 338 83 Scriptura,
1081 1294 193 83 eius
1202 1294 338 83 infirmitas
1468 1294 314 83 assumpta.
1710 1294 193 83 Vnde
1830 1294 217 83 super
1951 1294 121 83 il¬-

512 1365 157 93 lud
601 1365 201 93 Psal.
735 1365 179 93 Io§.
847 1365 224 93 Libera
1004 1365 157 93 me,
1093 1365 179 93 quia
1205 1365 224 93 egenus
1361 1365 112 93 &
1406 1365 224 93 pauper
1563 1365 157 93 ego
1652 1365 179 93 sumi
1764 1365 201 93 dicit
1898 1365 224 93 Glcit.

533 1427 258 96 Egestas
720 1427 117 96 &
767 1427 305 96 paupertas
1001 1427 258 96 Christi
1189 1427 164 96 est
1283 1427 352 96 infirmitas,
1564 1427 141 96 ex
1635 1427 164 96 qua
1728 1427 305 96 cuossixue
1939 1427 141 96 ilti

583 1512 148 71 §.
657 1512 198 71 Item
781 1512 321 71 obijciunt
1028 1512 198 71 Otii
1151 1512 346 71 Defenfores
1423 1512 222 71 illud
1571 1512 222 71 Psal.
1719 1512 198 71 1o§.
1818 1512 247 71 Etperse¬-

521 1583 230 75 cutus
675 1583 179 75 est
777 1583 281 75 hominem
981 1583 256 75 inopem
1160 1583 128 75 &
1211 1583 332 75 mendicum;
1467 1583 230 75 Glos.
1620 1583 153 75 Id
1697 1583 179 75 est
1799 1583 332 75 Christum.

519 1634 201 89 Ergo
644 1634 301 89 videtur,
870 1634 201 89 quod
995 1634 301 89 Christus
1221 1634 201 89 fuit
1346 1634 301 89 mendicus
1572 1634 150 89 I.

590 1660 159 126 §.
669 1660 370 126 Respondeo.
959 1660 317 126 Mendicus
1197 1660 291 126 sumitur
1409 1660 185 126 ibi
1514 1660 185 126 pro
1620 1660 343 126 papipere.
1884 1660 159 126 dl
1937 1660 132 126 ide

532 1760 230 81 Glos.
686 1760 306 81 exponens
915 1760 230 81 ponit
1068 1760 332 81 pauperem,
1323 1760 179 81 vbi
1425 1760 255 81 textus
1604 1760 230 81 ponit
1731 1760 332 81 menidietisi

518 1823 246 79 dicens.
696 1823 268 79 Pauperem
897 1823 290 79 persequi,
1120 1823 179 79 sola
1232 1823 246 79 sauitia
1410 1823 179 79 est;
1522 1823 179 79 alii
1634 1823 179 79 vero
1745 1823 268 79 interdum
1924 1823 156 79 proe¬-

559 1895 295 90 diuitiis
781 1895 123 90 &
830 1895 320 90 honoribus
1076 1895 222 90 huius
1224 1895 222 90 mundi
1372 1895 345 90 patiuntur.
1643 1895 172 90 Non
1741 1895 222 90 dicit
1889 1895 222 90 flos.

563 1963 294 88 Mendicum
783 1963 318 88 persequi,
1028 1963 171 88 sed
1126 1963 294 88 pauperem
1346 1963 318 88 persequi.
1591 1963 269 88 Sumitur
1787 1963 196 88 ergo
1885 1963 171 88 imen¬-

530 2025 217 95 dicus
674 2025 169 95 pro
771 2025 289 95 paupine,
988 2025 217 95 sicut
1132 2025 217 95 alibi
1277 2025 289 95 mendicus
1494 2025 265 95 sumitur
1686 2025 361 95 proegenfite
1976 2025 145 95 &e

527 2099 338 91 econuerso,
793 2099 145 91 vt
865 2099 218 91 Psal.
1010 2099 169 91 69.
1107 2099 169 91 vbi
1204 2099 266 91 dicitur
1397 2099 169 91 Ego
1494 2099 193 91 vero
1615 2099 242 91 egenus
1784 2099 193 91 sime
1881 2099 193 91 falei¬-

575 2170 148 75 vel
659 2170 275 75 mendicus.

608 2216 162 100 §.
689 2216 217 100 Item
825 2216 325 100 opponunt
1068 2216 244 100 illud
1231 2216 352 100 Hieronymi
1501 2216 162 100 Ad
1583 2216 298 100 funiam,
1799 2216 162 100 De
1880 2216 244 100 irgi¬

537 2294 243 77 nitate
707 2294 316 77 seruanda.
950 2294 195 77 Caue
1072 2294 146 77 ne
1145 2294 341 77 mendicante
1413 2294 243 77 Domino
1583 2294 170 77 Deo
1681 2294 170 77 tuo
1778 2294 268 77 alienas
1948 2294 122 77 di¬-

562 2386 201 52 uitias
702 2386 161 52 auge
783 2386 100 52 as.

627 2416 165 107 §.
709 2416 385 107 Respondeo.
1011 2416 385 107 Hieronymus
1314 2416 275 107 posuit
1506 2416 385 107 mendicante
1808 2416 220 107 ipro
1918 2416 165 107 pau¬-

528 2495 212 93 pere,
670 2495 212 93 sicut
811 2495 118 93 &
858 2495 235 93 dictum
1023 2495 165 93 est
1117 2495 141 93 in
1188 2495 212 93 Glos.
1329 2495 330 93 praedicta.
1588 2495 306 93 Velidixit
1823 2495 306 93 sheistum;

533 2565 393 90 mendicantem,
853 2565 172 90 non
951 2565 147 90 in
1024 2565 270 90 persona
1221 2565 295 90 propria,
1442 2565 172 90 sed
1540 2565 147 90 in
1614 2565 295 90 memibris
1835 2565 221 90 suis,
1957 2565 123 90 id¬-

535 2635 217 93 est,
670 2635 352 93 debilibus
942 2635 136 93 &
996 2635 352 93 egentibus
1267 2635 434 93 Christianis;
1619 2635 407 93 quemadmodum
1917 2635 163 93 ipse

534 2703 304 104 Christus
761 2703 228 104 dicit
913 2703 152 104 de
989 2703 152 104 se
1065 2703 228 104 ipso,
1217 2703 177 104 non
1318 2703 177 104 pio
1419 2703 177 104 sua
1520 2703 304 104 persina,
1748 2703 177 104 sed
1849 2703 177 104 pro
1925 2703 152 104 suis
