2592 3508
460 186 167 107 men
556 186 191 107 sibi
675 186 167 107 non
770 186 358 107 proficiunt;
1056 186 167 107 sed
1151 186 215 107 magis
1295 186 310 107 officiunt
1533 186 215 107 tales
1652 186 310 107 Praedicato¬-

459 266 200 84 res,
584 266 301 84 officium
810 266 451 84 praedicationis
1185 266 200 84 sibi
1311 266 351 84 prohibitum
1586 266 376 84 assumentes,
1862 266 100 84 vt

466 321 273 96 ostensum
671 321 159 96 est
762 321 205 96 sepra
898 321 182 96 ead.
1012 321 205 96 dist.
1148 321 136 96 1.
1217 321 136 96 §.
1285 321 273 96 Secundum
1489 321 227 96 igitur
1649 321 364 96 praelibatam,

471 401 177 83 cum
572 401 379 83 sequentibus
875 401 253 83 multis
1052 401 404 83 Paragraphis,
1381 401 126 83 &
1431 401 354 83 ostendetur
1709 401 227 83 etiam
1836 401 126 83 in¬-

486 481 164 85 fra.
588 481 184 85 dist.
711 481 123 85 4.
772 481 123 85 in
833 481 143 85 1o.
915 481 205 85 signo,

541 507 149 112 §.
616 507 149 112 Ad
690 507 297 112 secundum
913 507 297 112 dicendum
1136 507 198 112 est,
1260 507 198 112 quod
1384 507 223 112 licet
1533 507 248 112 contra
1706 507 248 112 aliqua
1855 507 124 112 vi¬-

472 577 183 99 tia
576 577 183 99 sit
681 577 366 99 pugnandum;
968 577 235 99 tamen
1125 577 261 99 contra
1308 577 313 99 luxuriam
1543 577 183 99 non
1647 577 183 99 est
1752 577 183 99 hoc
1830 577 157 99 modo

491 650 372 113 pugnandum;
783 650 186 113 sed
890 650 239 113 magis
1049 650 372 113 fugiendum.
1341 650 212 113 Vnde
1474 650 345 113 Apostolus
1739 650 159 113 I.
1819 650 212 113 Cor¬

484 714 138 95 6.
553 714 231 95 dicit.
715 714 231 95 Fugite
876 714 415 95 fornicationem.
1222 714 161 95 Non
1314 714 231 95 dicit.
1476 714 254 95 Pugnate
1660 714 231 95 contra
1799 714 185 95 forni¬-

493 777 316 100 cationem.
736 777 195 100 Vnde
858 777 316 100 Ambrosius
1101 777 219 100 super
1247 777 195 100 isto
1369 777 219 100 verbo
1515 777 243 100 dicit.
1685 777 170 100 Cum
1782 777 243 100 aliis,

490 842 197 98 nempe
622 842 241 98 vitiis,
797 842 219 98 potest
951 842 285 98 expectari
1170 842 329 98 conflictus;
1433 842 175 98 hanc
1542 842 241 98 fugite,
1718 842 132 98 ne
1762 842 219 98 approxi¬-

505 922 236 81 metus;
671 922 189 81 quia
789 922 165 81 non
883 922 236 81 potest
1048 922 236 81 aliter
1213 922 236 81 melius
1378 922 236 81 vinci.
1544 922 189 81 Item
1662 922 330 81 Hieronymus
1898 922 94 81 in

506 969 234 100 Epist.
669 969 234 100 Contra
833 969 351 100 Vigilantium
1114 969 164 100 ita
1207 969 234 100 dicit.
1371 969 281 100 Monachus
1581 969 164 100 non
1675 969 304 100 Doctoris,
1885 969 117 100 sed

504 1041 304 112 plangentis
743 1041 195 112 habet
873 1041 282 112 officium;
1090 1041 152 112 qui
1177 1041 152 112 vel
1264 1041 152 112 se,
1350 1041 152 112 vel
1437 1041 217 112 mundum
1589 1041 239 112 lugeat;
1762 1041 152 112 qui
1827 1041 174 112 sciens

532 1129 150 67 vas
617 1129 258 67 fragile,
811 1129 172 67 quod
918 1129 236 67 portat,
1090 1129 193 67 timet
1219 1129 301 67 offendere,
1455 1129 129 67 ne
1519 1129 279 67 impingat,
1734 1129 193 67 atque
1842 1129 150 67 fran¬-

507 1177 258 107 gatur.
688 1177 206 107 Vnde
817 1177 129 107 &
868 1177 335 107 mulierum,
1126 1177 335 107 maximeque
1384 1177 542 107 adolescentularum,
1822 1177 181 107 vitat

514 1246 279 102 aspectum;
728 1246 107 102 &
771 1246 129 102 in
836 1246 215 102 tantum
986 1246 301 102 castigator
1222 1246 150 102 sui
1308 1246 172 102 est,
1415 1246 129 102 vt
1480 1246 215 102 etiam,
1630 1246 172 102 quae
1737 1246 172 102 tuta
1845 1246 193 102 sunt,

527 1305 339 90 pertimescat.
802 1305 170 90 Cur,
908 1305 233 90 inquit,
1078 1305 212 90 pergis
1226 1305 127 90 ad
1290 1305 233 90 eremign
1459 1305 318 90 evidelicet,
1713 1305 127 90 vt
1777 1305 127 90 te
1840 1305 148 90 non
1904 1305 106 90 au¬-

518 1361 203 100 diam;
654 1361 136 100 vt
722 1361 136 100 te
789 1361 158 100 non
880 1361 248 100 videam;
1060 1361 136 100 ne
1128 1361 136 100 me
1196 1361 203 100 capat
1331 1361 226 100 oculas
1490 1361 339 100 meretricis;
1761 1361 136 100 ne
1828 1361 136 100 me
1873 1361 136 100 for¬-

518 1427 130 96 ma
583 1427 325 96 pulcherrima
844 1427 130 96 ad
909 1427 282 96 illicitos
1126 1427 195 96 ducat
1256 1427 282 96 amplexus.
1473 1427 347 96 Respondebis;
1755 1427 152 96 hoc
1841 1427 152 96 non
1907 1427 108 96 est

531 1490 270 97 pugnare,
734 1490 158 97 sed
824 1490 248 97 fugere.
1005 1490 158 97 Sta
1095 1490 135 97 in
1163 1490 203 97 acie;
1298 1490 338 97 aduersariis
1568 1490 248 97 armatis
1749 1490 270 97 obsiste;
1929 1490 90 97 vt

530 1586 271 82 postquam
734 1586 271 82 viceris,
937 1586 316 82 coroneris.
1186 1586 226 82 Fateor
1344 1586 407 82 imbecellitatem
1683 1586 203 82 meam;
1819 1586 181 82 nolo
1909 1586 113 82 pu¬-

538 1641 195 66 gnare
669 1641 152 66 spe
755 1641 304 66 victoriae,
994 1641 130 66 ne
1059 1641 217 66 perdam
1211 1641 282 66 aliquando
1429 1641 304 66 victoriai.
1668 1641 130 66 Si
1733 1641 239 66 fugero,
1885 1641 130 66 gla¬-

532 1690 188 92 dium
650 1690 259 92 deuito.
839 1690 141 92 Si
909 1690 283 92 stetero;
1121 1690 165 92 aut
1215 1690 306 92 vincendum
1451 1690 188 92 mihi
1569 1690 188 92 est,
1686 1690 165 92 aut
1757 1690 259 92 cadendum.

548 1753 171 97 Quid
654 1753 192 97 autem
783 1753 235 97 necesse
954 1753 171 97 est,
1060 1753 192 97 certa
1189 1753 299 97 dimittere,
1424 1753 107 97 &
1466 1753 235 97 incerta
1637 1753 256 97 sectari?
1830 1753 150 97 Aut
1894 1753 128 97 scu¬-

536 1819 160 89 to,
628 1819 160 89 aut
719 1819 252 89 pedibMs
902 1819 183 89 mors
1017 1819 252 89 vitanda
1200 1819 183 89 est.
1314 1819 160 89 Tu,
1405 1819 160 89 qui
1497 1819 252 89 pugnas,
1680 1819 114 89 &
1726 1819 275 89 superari
1909 1819 114 89 po¬-

545 1880 186 94 tes,
661 1880 116 94 &
707 1880 279 94 vincere.
916 1880 163 94 Ego
1009 1880 163 94 cum
1102 1880 232 94 fugio,
1265 1880 163 94 non
1358 1880 232 94 vincor
1520 1880 139 94 in
1590 1880 139 94 eo
1659 1880 186 94 quod
1776 1880 232 94 fugio;
1915 1880 116 94 sed

549 1950 174 93 ideo
658 1950 218 93 fugio,
811 1950 131 93 ne
876 1950 240 93 vincar.
1051 1950 196 93 Nulla
1182 1950 283 93 securitas
1400 1950 174 93 est,
1509 1950 218 93 vicino
1661 1950 283 93 serpente,
1858 1950 174 93 dormi¬-

552 2018 149 89 re;
637 2018 213 89 potest
786 2018 213 89 fieri,
936 2018 128 89 vt
1000 2018 149 89 non
1085 2018 235 89 mordeat
1256 2018 149 89 me;
1342 2018 192 89 tamen
1470 2018 213 89 potest
1619 2018 213 89 fieri,
1768 2018 128 89 vt
1811 2018 235 89 aliquando

538 2082 271 90 mordeat
735 2082 172 90 me.
834 2082 197 90 Item
957 2082 221 90 super
1104 2082 221 90 illud
1252 2082 246 90 Matth.
1424 2082 148 90 4.
1498 2082 197 90 Tunc
1621 2082 246 90 ductus
1793 2082 172 90 est
1867 2082 172 90 Iesus

539 2162 154 75 in
616 2162 334 75 desertum,
873 2162 231 75 dicit
1027 2162 436 75 Chrylostomus.
1387 2162 257 75 Ductum
1566 2162 385 75 commemorat,
1874 2162 154 75 vt
1926 2162 128 75 nos

552 2227 336 81 apertissime
820 2227 269 81 signatum
1022 2227 179 81 esse
1133 2227 291 81 videamus;
1357 2227 179 81 quia
1469 2227 157 81 non
1559 2227 224 81 sponte
1715 2227 134 81 in
1760 2227 291 81 tentationem

556 2281 153 91 nos
644 2281 263 91 oporteat
841 2281 285 91 insilire;
1060 2281 153 91 sed
1147 2281 153 91 cum
1235 2281 219 91 tracti
1388 2281 263 91 fuerimus
1585 2281 285 91 viriliter
1782 2281 263 91 repugnare.

567 2341 183 94 Item
682 2341 321 94 Augustinus
934 2341 137 94 De
1002 2341 275 94 ciuitate
1208 2341 160 94 Dei
1300 2341 183 94 lib.
1415 2341 137 94 9.
1483 2341 183 94 cap.
1598 2341 137 94 6.
1667 2341 344 94 Perturbatio
1919 2341 137 94 pas¬-

568 2426 237 88 sionum,
741 2426 172 88 quae
849 2426 151 88 est
935 2426 280 88 tentatio,
1150 2426 108 88 a
1193 2426 323 88 sapientibus
1452 2426 108 88 &
1495 2426 194 88 bonis
1624 2426 151 88 ita
1710 2426 259 88 regitur,
1904 2426 129 88 vt
1947 2426 108 88 ma¬-

574 2497 174 83 lint
683 2497 152 83 eam
770 2497 152 83 non
857 2497 239 83 habere;
1031 2497 174 83 quam
1140 2497 261 83 vincere.

607 2538 140 106 §.
677 2538 140 106 Ad
747 2538 210 106 illud
887 2538 233 106 autem,
1050 2538 187 106 quod
1167 2538 210 106 dicit
1307 2538 327 106 Apostolus,
1563 2538 163 106 Non
1656 2538 373 106 coronabitur,
1936 2538 117 106 ni¬-

561 2631 127 92 si
624 2631 149 92 qui
709 2631 255 92 legitime
901 2631 319 92 certauerit;
1156 2631 255 92 dicendum
1347 2631 170 92 est,
1453 2631 170 92 quod
1559 2631 255 92 loquatur
1751 2631 149 92 ibi
1836 2631 127 92 de
1899 2631 191 92 illo,

568 2673 175 114 qui
668 2673 275 114 pugnat,
868 2673 175 114 vbi
969 2673 325 114 pugnandum
1219 2673 200 114 est;
1344 2673 175 114 non
1444 2673 150 114 de
1519 2673 225 114 illo,
1669 2673 175 114 qui
1770 2673 275 114 pugnat,
1945 2673 125 114 vbi
