2592 3508
534 136 246 139 Opisex,
712 136 134 139 si
779 136 156 139 non
869 136 156 139 sit
958 136 380 139 fraudulentus,
1270 136 156 139 aut
1360 136 246 139 auaros,
1538 136 156 139 que
1628 136 223 139 priume
1784 136 156 139 vei
1851 136 223 139 quidres;

528 246 201 86 aliud
662 246 201 86 autem
796 246 201 86 ipsom
930 246 223 86 animum
1086 246 268 86 oocupare
1287 246 201 86 curis
1421 246 313 86 colligende
1666 246 268 86 peceniae
1867 246 179 86 sini
1956 246 112 86 dei

529 305 208 82 poris
667 305 254 82 labore,
852 305 208 82 sicut
990 305 185 82 sunt
1106 305 392 82 Negotiatores,
1429 305 392 82 Procunaibres,
1729 305 346 82 Pondatitoitit

534 364 194 94 Nota
655 364 194 94 quod
777 364 243 94 dicit,
947 364 267 94 corpore
1141 364 340 94 laborane;,
1408 364 413 94 animolliberb;
1748 364 146 94 ex
1821 364 170 94 sue
1894 364 170 94 pite,

547 433 207 87 quod
676 433 233 87 labor
832 433 310 87 corporis
1064 433 181 87 non
1168 433 284 87 impedit
1375 433 491 87 animilibertatem
1788 433 155 87 ad
1840 433 207 87 contem

550 497 292 88 plandum,
769 497 146 88 si
842 497 219 88 tamen
988 497 244 88 absint
1158 497 244 88 fraus,
1329 497 317 88 quatitia,
1572 497 122 88 &
1621 497 341 88 eupiditas.
1865 497 170 88 Etlos

551 573 224 89 iatis
700 573 224 89 patet
849 573 273 89 exemplo
1048 573 398 89 Apostolorum,
1371 573 174 89 qui
1470 573 199 89 post
1595 573 273 89 iuesuit
1769 573 248 89 ectienes

548 619 272 94 Dominir
746 619 296 94 odierunt
968 619 148 94 ad
1042 619 222 94 opera
1190 619 346 94 corporalia
1462 619 272 94 propter
1660 619 272 94 nictum,
1857 619 173 94 non
1931 619 99 94 is

532 705 255 86 negotia
717 705 324 86 saecularia
972 705 255 86 propter
1157 705 255 86 iuerum;
1342 705 139 86 vr
1412 705 278 86 pstonsum
1620 705 278 86 efesupra
1828 705 208 86 dist.
1967 705 139 86 E.

551 761 150 89 §.
626 761 175 89 Non
726 761 251 89 solus.
902 761 200 89 Vnde
1027 761 326 89 Gregorius
1277 761 150 89 in
1353 761 251 89 Homist
1528 761 351 89 Piscitorum
1803 761 301 89 aetium,.

552 826 334 90 Matihaeum
809 826 360 90 Telonarium
1092 826 283 90 scimus.
1297 826 154 90 Et
1374 826 206 90 post
1503 826 411 90 conuensionem
1837 826 206 90 suam
1940 826 128 90 Pe¬-

547 900 179 85 trus
658 900 134 85 ad
725 900 335 85 piscationam
993 900 246 85 rediit,
1172 900 290 85 Matthaeus
1395 900 201 85 verb;
1529 900 134 85 ad
1596 900 246 85 Relonii
1775 900 268 85 negorium
1953 900 112 85 non

550 966 255 60 resedit;
741 966 170 60 quia
848 966 191 60 aliud
975 966 149 60 est
1060 966 213 60 victum
1209 966 149 60 per
1294 966 319 60 pisentienem
1550 966 255 60 quaerem,
1741 966 213 60 aliiid
1869 966 170 60 reloni

531 1031 232 89 lueris
693 1031 278 89 pecuxias
901 1031 255 89 augere.
1087 1031 185 89 Item
1202 1031 255 89 August.
1388 1031 232 89 indibi
1550 1031 162 89 DDe
1642 1031 232 89 Apere;
1804 1031 185 89 Mion
1920 1031 185 89 int,

545 1096 191 87 cap.
665 1096 144 87 8.
736 1096 191 87 Quid
856 1096 263 87 impedit
1047 1096 239 87 seruum
1215 1096 167 87 Dei
1311 1096 263 87 manibus
1502 1096 311 87 operantem
1741 1096 239 87 ialige
1885 1096 167 87 Romi¬-

549 1154 137 100 ni
618 1154 297 100 meditari,
847 1154 114 100 &
892 1154 275 100 psallere
1098 1154 229 100 nomini
1258 1154 229 100 Domini
1418 1154 320 100 altissimi?
1670 1154 137 100 Et
1739 1154 275 100 constas,
1922 1154 137 100 quod

519 1209 318 116 meditatio
763 1209 220 116 Legis
910 1209 293 116 Diuinae,
1130 1209 122 116 &
1179 1209 269 116 oratio,
1374 1209 196 116 siue
1497 1209 342 116 psalmodias
1766 1209 245 116 partos
1912 1209 147 116 sunt

546 1298 541 84 contemplationis.
1006 1298 162 84 Ex
1087 1298 189 84 quo
1195 1298 352 84 sequitur,
1466 1298 216 84 quod
1601 1298 216 84 onus
1736 1298 271 84 mannum
1899 1298 162 84 sine

526 1359 280 80 fraude,
729 1359 127 80 &
780 1359 229 80 aliis
933 1359 280 80 vitiis,
1137 1359 178 80 non
1239 1359 280 80 impedit
1443 1359 509 80 contemplationem.
1850 1359 204 80 Etilne

525 1428 222 65 verum
673 1428 197 65 est,
797 1428 173 65 dum
895 1428 222 65 tamen
1043 1428 173 65 ita
1142 1428 173 65 sit
1240 1428 345 65 moderatum,
1512 1428 197 65 quod
1635 1428 173 65 non
1733 1428 247 65 Eaxtis
1881 1428 173 65 geuat

539 1482 292 98 spiritum
758 1482 366 98 deuotionis,
1050 1482 219 98 sicut
1197 1482 171 98 est
1294 1482 146 98 in
1367 1482 366 98 Monasteruis
1660 1482 195 98 bene
1782 1482 341 98 moderatis;

548 1548 184 99 Vnde
663 1548 138 99 B.
732 1548 321 99 Franciscus
984 1548 138 99 in
1053 1548 229 99 Regula
1213 1548 161 99 sua
1305 1548 184 99 cap.
1420 1548 138 99 5.
1489 1548 275 99 Fratres,
1695 1548 206 99 quile
1833 1548 115 99 s
1856 1548 229 99 ilederit

537 1619 245 91 Dominus
715 1619 245 91 gratiam
893 1619 312 91 laborandi,
1139 1619 268 91 laborent
1339 1619 290 91 fideliter
1562 1619 111 91 &
1607 1619 290 91 deuotenta
1830 1619 178 91 quod
1919 1619 134 91 etis

539 1690 246 63 sexcluso
723 1690 225 63 inimico
886 1690 225 63 animae;
1050 1690 287 63 scientiae,
1275 1690 287 63 orationis,
1500 1690 123 63 ao
1562 1690 287 63 deuotionis
1787 1690 246 63 spirirum
1951 1690 102 63 non

543 1754 347 95 extingoant,
820 1754 139 95 vt
890 1754 231 95 dictum
1052 1754 162 95 est
1144 1754 208 95 supra
1283 1754 185 95 ead.
1399 1754 208 95 dist.
1537 1754 139 95 §.
1607 1754 139 95 Ex
1676 1754 324 95 praemissis
1907 1754 139 95 atem

545 1812 178 106 Aug.
656 1812 133 106 in
723 1812 200 106 eodem
856 1812 178 106 lib.
967 1812 178 106 cap.
1078 1812 156 106 29.
1167 1812 222 106 Mallem
1323 1812 156 106 per
1412 1812 267 106 singulos
1612 1812 178 106 dios
1723 1812 222 106 gentis
1878 1812 222 106 horis,

538 1892 249 86 quantum
719 1892 136 86 in
787 1892 181 86 bene
901 1892 294 86 moderatis
1127 1892 340 86 Monasteriis
1399 1892 340 86 constitutum
1670 1892 181 86 est,
1783 1892 249 86 aliquid
1942 1892 113 86 ia¬-

524 1955 219 83 nibus
670 1955 292 83 operari,
889 1955 122 83 &
937 1955 243 83 certas
1108 1955 219 83 horas
1254 1955 243 83 habere
1424 1955 146 83 ad
1497 1955 292 83 orandum,
1716 1955 122 83 &
1765 1955 316 83 legendum;
1984 1955 73 83 &

543 2012 231 92 aliquid
711 2012 126 92 de
774 2012 231 92 diuinis
941 2012 231 92 literis
1109 2012 252 92 agendum,
1298 2012 252 92 liberas;
1487 2012 168 92 quam
1592 2012 336 92 tionultuosas
1843 2012 210 92 prolidi¬-

530 2088 196 83 tates
661 2088 261 83 causarum
857 2088 283 83 alienarum
1074 2088 196 83 pati;
1205 2088 131 83 de
1270 2088 261 83 negotiis
1466 2088 370 83 saecularibus;
1749 2088 305 83 veliuidiran¬-

529 2157 135 97 do
596 2157 337 97 dirimendis,
866 2157 157 97 vel
956 2157 382 97 interueniendo
1271 2157 382 97 praecidendis;
1586 2157 225 97 quibus
1721 2157 337 97 eriomelestiis

524 2213 180 87 idem
637 2213 316 87 adstrinxit
885 2213 316 87 Apostolus;
1133 2213 158 87 non
1223 2213 225 87 vtique
1381 2213 180 87 suo,
1494 2213 158 87 sed
1584 2213 203 87 eius,
1719 2213 225 87 quiper
1877 2213 158 87 eum
1944 2213 113 87 lo¬-

532 2289 322 84 quebatur,
780 2289 322 84 arbitrio.
1027 2289 198 84 Nota
1151 2289 198 84 quod
1274 2289 247 84 dicit,
1448 2289 148 84 in
1522 2289 396 84 benemoderats
1819 2289 247 84 Monaste¬-

524 2354 242 66 riis.
685 2354 215 66 Ecce
819 2354 215 66 quod
954 2354 242 66 labor
1115 2354 268 66 manuum
1303 2354 349 66 moderatus
1571 2354 188 66 non
1678 2354 295 66 impedit
1866 2354 188 66 animi

532 2420 489 92 contemplationem.
947 2420 195 92 Item
1069 2420 195 92 Euc.
1191 2420 171 92 12.
1289 2420 220 92 super
1436 2420 220 92 illud
1582 2420 220 92 alite
1729 2420 318 92 solliciti
1949 2420 122 92 es¬-

521 2485 164 98 se,
614 2485 187 98 quid
731 2485 351 98 manducetis,
1012 2485 211 98 dicit
1153 2485 234 98 Gloss.
1317 2485 164 98 Non
1411 2485 375 98 prouidentiam
1715 2485 304 98 prohibnt,
1926 2485 117 98 qui

527 2553 179 69 quam
639 2553 134 69 in
706 2553 224 69 sudore
862 2553 224 69 vultus
1019 2553 201 69 panis
1153 2553 358 69 praeparatur;
1445 2553 157 69 sed
1534 2553 201 69 vetat
1668 2553 425 69 sollicitudinem,

527 2619 191 73 quae
646 2619 239 73 mentem
813 2619 334 73 perturbat,
1076 2619 119 73 &
1124 2619 143 73 ab
1195 2619 262 73 aternis
1386 2619 286 73 reuocat.
1601 2619 143 73 Ex
1672 2619 167 73 quo
1768 2619 239 73 patet,
1911 2619 143 73 quod

523 2683 211 105 opus
654 2683 264 105 manuum
839 2683 290 105 propter
1050 2683 290 105 victum,
1260 2683 184 105 dum
1366 2683 237 105 tamen
1524 2683 264 105 absint
1708 2683 237 105 vitia
1840 2683 211 105 supra¬
