2592 3508
493 178 229 89 pimus
645 178 255 89 vobis.
824 178 204 89 Ecce
951 178 204 89 quod
1078 178 357 89 praeceptum
1358 178 178 89 est
1460 178 484 89 Apostolimanibus
1842 178 153 89 ope¬-

503 253 221 56 rari,
650 253 147 56 vt
723 253 245 56 dictum
895 253 196 56 est;
1017 253 172 56 non
1115 253 319 56 consilium
1360 253 270 56 tantum.
1556 253 147 56 Et
1630 253 196 56 nota
1752 253 147 56 ex
1826 253 221 56 Glos¬

493 307 147 72 sa
567 307 344 72 praemissa,
837 307 197 72 quod
960 307 270 72 manibus
1157 307 270 72 operari
1353 307 270 72 adiuuat
1550 307 295 72 homines,
1771 307 147 72 ne
1820 307 172 72 siant

508 376 279 84 Curiosi,
717 376 163 84 vel
810 376 302 84 Gvrouagi.
1042 376 186 84 Illi
1158 376 209 84 ergo,
1298 376 186 84 qui,
1414 376 209 84 licet
1553 376 325 84 indigeant,
1786 376 209 84 operari

505 442 235 69 tamen
662 442 314 69 renuunt,
897 442 209 69 vnde
1028 442 288 69 viuant;
1237 442 183 69 non
1341 442 261 69 mirum,
1524 442 157 69 si
1603 442 314 69 Gyrouagi
1838 442 131 69 &
1864 442 131 69 Cu¬-

502 513 174 66 riosi
618 513 194 66 siant.

565 571 148 72 §.
639 571 173 72 Sed
738 571 222 72 forte
886 571 296 72 obijciet
1108 571 394 72 Curiositatis
1428 571 296 72 Defensor
1650 571 271 72 dicens.
1822 571 173 72 Nonne

508 656 195 69 opus
630 656 342 69 charitatis
899 656 171 69 est
996 656 342 69 Christiano
1265 656 318 69 procurare
1509 656 244 69 aliena
1680 656 293 69 negotia;
1876 656 122 69 cum

505 711 149 61 ad
580 711 173 61 hoc
679 711 322 61 hortetur.
926 711 322 61 Apostolus
1174 711 198 61 Rom.
1298 711 198 61 vst.
1421 711 272 61 dicens.
1620 711 297 61 Commendo
1818 711 173 61 vobis

507 784 239 64 Phoeben
681 784 260 64 sororem,
876 784 130 64 vt
941 784 304 64 assistatis
1180 784 152 64 ei,
1267 784 130 64 in
1332 784 282 64 quocumque
1549 784 239 64 negotio
1723 784 217 64 vestri
1853 784 152 64 indi¬-

497 858 269 65 guerit.
692 858 147 65 Ex
766 858 171 65 quo
864 858 294 65 videtur,
1084 858 196 65 quod
1206 858 269 65 licitum
1402 858 122 65 &
1451 858 343 65 meritorium
1720 858 171 65 sit
1793 858 196 65 aliena

506 906 256 82 negotia
692 906 326 82 procurare,

570 980 155 73 §.
648 980 155 73 Ad
726 980 207 73 quod
855 980 363 73 responderi
1140 980 259 73 potest
1321 980 415 73 distinguendo
1658 980 181 73 tam
1762 980 155 73 in
1814 980 181 73 nego¬-

510 1043 219 59 tiis,
656 1043 195 59 quam
778 1043 146 59 in
851 1043 292 59 Personis
1070 1043 268 59 aliorum
1265 1043 268 59 negotia
1460 1043 366 59 gerentibus,
1752 1043 171 59 nec
1850 1043 171 59 non
1923 1043 73 59 &

508 1100 154 64 in
585 1100 309 64 Personis
817 1100 257 64 eorum,
997 1100 257 64 quorum
1177 1100 283 64 negotia
1383 1100 206 64 sunt
1512 1100 309 64 gerenda.
1744 1100 206 64 Sunt
1847 1100 154 64 enim

509 1170 202 79 quaed
643 1170 134 79 am
710 1170 291 79 actiones,
934 1170 224 79 quibus
1091 1170 291 79 quaelibet
1316 1170 269 79 Persona,
1517 1170 179 79 siue
1629 1170 336 79 Saecularis,
1876 1170 112 79 si¬-

497 1248 142 53 ue
568 1248 307 53 Regularis
805 1248 284 53 existat,
1017 1248 213 53 debet
1159 1248 213 53 alios
1301 1248 142 53 ex
1372 1248 307 53 charitate
1608 1248 260 53 iuuare,
1797 1248 142 53 vt
1844 1248 142 53 sunt

504 1321 335 44 orationes,
767 1321 120 44 &
815 1321 191 44 alia
934 1321 311 44 suffragia
1173 1321 382 44 spiritualia.
1484 1321 191 44 Vnde
1604 1321 191 44 Gal.
1723 1321 191 44 vlt.
1819 1321 167 44 Alter

496 1381 264 51 alterius
694 1381 198 51 onera
826 1381 264 51 portate.
1024 1381 198 51 Glos.
1156 1381 286 51 Subuenite
1376 1381 198 51 vobis
1508 1381 242 51 inuicem
1684 1381 352 51 orationibus,

507 1428 111 81 &
551 1428 200 81 aliis
684 1428 311 81 huiusmodi.
929 1428 133 81 ET
995 1428 155 81 Sic
1084 1428 355 81 adimplebitis
1373 1428 200 81 legem
1506 1428 267 81 Christi.
1706 1428 200 81 Glos.
1840 1428 133 81 Id
1884 1428 111 81 est

506 1506 328 73 charitatem;
769 1506 175 73 quia
878 1506 263 73 Christus
1075 1506 307 73 praecepit,
1316 1506 131 73 vt
1382 1506 153 73 nos
1470 1506 241 73 inuicem
1645 1506 307 73 diligamus.
1864 1506 131 73 Sunt

509 1562 120 66 &
557 1562 216 66 aliae
701 1562 313 66 actiones,
942 1562 240 66 quibus
1110 1562 192 66 Viri
1230 1562 337 66 Saeculares
1495 1562 289 66 possunt,
1711 1562 120 66 &
1760 1562 240 66 debent
1904 1562 96 66 ex

515 1626 290 66 charitate
738 1626 223 66 iuuare
894 1626 335 66 miserabiles
1162 1626 290 66 Personas;
1386 1626 335 66 succurrendo
1654 1626 268 66 scilicet
1855 1626 179 66 eis,

501 1690 141 67 si
571 1690 258 67 necesse
759 1690 328 67 habuerint;
1017 1690 164 67 seu
1111 1690 328 67 defendendo
1369 1690 188 67 eas,
1486 1690 188 67 siue
1603 1690 141 67 in
1674 1690 282 67 iudicio,
1861 1690 141 67 siue

503 1776 223 65 extra.
659 1776 223 65 Iacob.
815 1776 134 65 I.
881 1776 245 65 Religio
1060 1776 200 65 munda
1193 1776 111 65 &
1238 1776 312 65 immaculata
1483 1776 178 65 haec
1594 1776 178 65 est,
1705 1776 267 65 visitare
1884 1776 111 65 Pu¬-

502 1841 223 66 pillos
658 1841 111 66 &
702 1841 245 66 Viduas,
880 1841 134 66 in
947 1841 356 66 tribulatione
1237 1841 267 66 ipsorum.
1437 1841 200 66 Glos.
1571 1841 134 66 Id
1638 1841 178 66 est,
1727 1841 267 66 succurrere

515 1907 176 64 tis,
625 1907 154 64 qui
713 1907 220 64 carent
867 1907 308 64 praesidio,
1109 1907 242 64 tempore
1284 1907 374 64 necessitatis.
1592 1907 198 64 Talis
1724 1907 242 64 persona
1878 1907 110 64 mi¬-

502 1961 297 59 ferabilis
730 1961 183 59 erat
845 1961 183 59 illa
959 1961 251 59 Phcebe,
1141 1961 137 59 de
1210 1961 160 59 qua
1301 1961 274 59 loquitur
1507 1961 297 59 Apostolus
1735 1961 183 59 Rom,
1849 1961 183 59 vlt.

494 2025 187 73 Nam;
610 2025 210 73 sicut
750 2025 210 73 dicit
890 2025 233 73 Glossa
1054 2025 257 73 ibidem,
1240 2025 210 73 Romam
1380 2025 280 73 profecta
1590 2025 187 73 erat
1707 2025 163 73 pro
1777 2025 210 73 quibus¬-

494 2090 169 72 dam
591 2090 315 72 negotiis,
833 2090 194 72 vnde
954 2090 315 72 indigebat
1196 2090 291 72 auxilio;
1414 2090 242 72 vtpote
1583 2090 242 72 mulier
1729 2090 266 72 Christia¬-

505 2155 147 64 na
578 2155 221 64 inter
725 2155 294 64 Gentiles
946 2155 319 64 existens,
1191 2155 172 64 qui
1289 2155 196 64 tunc
1411 2155 221 64 Romae
1558 2155 417 64 dominabantur.
1877 2155 123 64 Li¬-

504 2219 219 73 citum
650 2219 195 73 ergo
771 2219 195 73 erat
893 2219 122 73 &
942 2219 341 73 meritorium
1209 2219 243 73 virioC
1380 2219 365 73 hristianis,
1672 2219 170 73 qui
1769 2219 195 73 tunc
1866 2219 122 73 de¬-

501 2291 276 81 gebant
695 2291 248 81 Romae
860 2291 193 81 sub
971 2291 304 81 Dominio
1191 2291 386 81 Gentilium,
1495 2291 276 81 dictam
1688 2291 359 81 mulierem,

514 2355 207 87 quasi
652 2355 346 87 miferabilem
929 2355 300 87 Personam,
1159 2355 138 87 in
1228 2355 277 87 negotiis
1436 2355 184 87 eius
1551 2355 300 87 adiuuare.
1782 2355 254 87 Preser¬

509 2425 170 59 tim
606 2425 146 59 in
679 2425 315 59 primitiua
921 2425 315 59 Ecclesia,
1164 2425 146 59 in
1237 2425 170 59 qua
1334 2425 243 59 nondum
1504 2425 340 59 prohibitum
1771 2425 194 59 erat
1868 2425 121 59 Mo¬-

503 2496 267 61 nachis,
697 2496 170 61 vel
794 2496 291 61 Clericis
1013 2496 219 61 curam
1158 2496 316 61 animarum,
1401 2496 170 61 vel
1498 2496 340 61 Personatus
1741 2496 243 61 habenti¬-

501 2554 187 66 bus.
617 2554 210 66 causa
757 2554 303 66 pietatis,
991 2554 210 66 etiam
1131 2554 373 66 saecularibus
1434 2554 257 66 aliorum
1597 2554 397 66 procurationibus

486 2619 153 81 se
562 2619 356 81 immiscere.
842 2619 204 81 Nunc
969 2619 254 81 autem,
1147 2619 229 81 iuxta
1300 2619 458 81 constitutiones
1682 2619 356 81 canonicas,

498 2698 187 80 viri
614 2698 304 80 eiusmodi,
848 2698 210 80 tales
988 2698 304 80 actiones,
1221 2698 210 80 etiam
1362 2698 163 80 pro
1455 2698 397 80 miferabilibus
1759 2698 233 80 Personis
