2592 3508
495 170 312 90 exercere
729 170 182 90 non
833 170 286 90 debent,
1041 170 208 90 nisi
1171 170 156 90 de
1249 170 286 90 mandato
1458 170 260 90 suorum
1640 170 390 90 Episcoporum
1926 170 104 90 id

530 266 177 72 quia
640 266 199 72 tales
773 266 288 72 actiones,
994 266 199 72 licet
1127 266 133 72 in
1193 266 133 72 se
1260 266 177 72 piae
1370 266 177 72 sint
1481 266 111 72 &
1525 266 332 72 meritoriae,
1791 266 199 72 tamen
1901 266 133 72 noni

516 327 361 73 conueniunt
800 327 283 73 illorum
1006 327 412 73 professioni.
1340 327 206 73 Vnde
1469 327 155 73 in
1546 327 309 73 Concilio
1752 327 232 73 Ealcede

525 383 231 91 nensi.
687 383 277 91 Decreuit
895 383 208 91 magna
1033 383 277 91 Sonodus,
1241 383 254 91 neminem
1426 383 208 91 eorum
1565 383 139 91 de
1634 383 254 91 inceps,
1819 383 162 91 hoc
1888 383 116 91 est

523 437 322 91 Episcopum,
776 437 161 91 seu
868 437 299 91 Clericum,
1098 437 161 91 aut
1190 437 299 91 Monachum,
1421 437 253 91 misceri
1605 437 368 91 saecularibus
1881 437 138 91 pro¬-

525 508 330 88 curationibus
794 508 206 88 posse;
938 508 165 88 nisi
1041 508 206 88 forte,
1186 508 144 88 qui
1268 508 227 88 legibus
1433 508 124 88 ad
1495 508 227 88 minorum
1661 508 227 88 aetatum
1826 508 248 88 tutelas,

523 576 176 84 siue
633 576 307 84 curationes
874 576 373 84 inexcusabiles
1182 576 351 84 attrabuntur;
1467 576 154 84 aut
1555 576 154 84 cui
1643 576 220 84 ipsius
1774 576 242 84 ciuitatis

524 642 308 74 Episcopus
761 642 474 74 Ecclesiasticarum
1164 642 213 74 rerum
1306 642 332 74 commiserit
1567 642 379 74 gubernacula;
1875 642 118 74 &
1899 642 118 74 or¬-

508 702 306 98 phanorum,
744 702 212 98 atque
885 702 282 98 Viduarum
1097 702 188 98 quae
1214 702 329 98 indefensae
1473 702 212 98 sunt,
1614 702 165 98 aut
1708 702 212 98 earum
1826 702 188 98 Perso¬-

513 766 228 75 narum,
673 766 182 75 quae
787 766 228 75 maxime
946 766 388 75 Ecclesiastico
1266 766 274 75 indigent
1471 766 342 75 adminiculo,
1744 766 251 75 propter
1904 766 114 75 ti¬-

505 837 220 88 morem
651 837 196 88 Dei,
774 837 147 88 vt
847 837 269 88 legitur
1042 837 220 88 dist.
1189 837 171 88 86.
1287 837 196 88 eanc
1409 837 318 88 Peruenit.
1654 837 196 88 Viri
1776 837 196 88 enim
1874 837 122 88 Re¬-

503 922 289 80 gulares,
720 922 169 80 qui
816 922 434 80 contemplationi
1178 922 241 80 vacare
1347 922 265 80 debent,
1540 922 241 80 vitare
1709 922 241 80 debent
1853 922 145 80 sacu

506 978 217 68 lares
650 978 313 68 actiones,
891 978 169 68 tam
988 978 169 68 pro
1084 978 169 68 se,
1181 978 193 68 quam
1301 978 169 68 pro
1398 978 217 68 aliis
1542 978 361 68 exercendas,
1831 978 145 68 vt
1880 978 120 68 me¬-

498 1043 203 73 lius
625 1043 457 73 contemplationi
1005 1043 254 73 vacare
1183 1043 305 73 possint;
1412 1043 203 73 Vnde
1539 1043 229 73 super
1691 1043 229 73 illud
1843 1043 178 73 Iob
1919 1043 102 73 4¬-

485 1127 276 71 Rugitus
685 1127 276 71 leonis,
886 1127 175 71 &c.
986 1127 225 71 dicit
1136 1127 326 71 Gregorius
1387 1127 150 71 in
1462 1127 200 71 lib.
1587 1127 150 71 5.
1662 1127 276 71 Moralii
1838 1127 200 71 Sancta

500 1172 196 88 mens,
631 1172 196 88 tanto
761 1172 261 88 alacrius
957 1172 131 88 ad
1023 1172 218 88 intima
1175 1172 261 88 vigilat,
1371 1172 218 88 quanto
1523 1172 131 88 se
1589 1172 131 88 ab
1654 1172 283 88 exteriore
1850 1172 174 88 inquie

502 1241 225 86 tudine
660 1241 293 86 occultat.
885 1241 180 86 Item
998 1241 203 86 super
1133 1241 203 86 illud
1268 1241 158 86 Iob
1358 1241 135 86 5.
1426 1241 338 86 Ingredieris
1696 1241 135 86 in
1741 1241 270 86 abundantia

513 1306 339 71 sepulchrum,
785 1306 203 71 dicit
920 1306 203 71 Greg.
1056 1306 136 71 in
1124 1306 181 71 lib.
1237 1306 136 71 6.
1304 1306 226 71 Moral.
1463 1306 384 71 Contemplatiua
1779 1306 181 71 vita
1869 1306 136 71 per¬-

484 1371 246 86 fectius
663 1371 268 86 sepelit,
864 1371 179 86 quia
976 1371 112 86 a
1020 1371 246 86 cunctis
1199 1371 201 86 mundi
1334 1371 336 86 lactionibus
1602 1371 268 86 funditus
1803 1371 268 86 dididit.

483 1436 188 90 Item
601 1436 212 90 super
742 1436 212 90 illud
884 1436 165 90 Iob
978 1436 141 90 6.
1048 1436 165 90 Aut
1143 1436 259 90 poterit
1331 1436 235 90 comedi
1496 1436 306 90 insulsum;
1731 1436 212 90 dicit
1872 1436 212 90 Gteg.

506 1504 127 71 in
569 1504 170 71 lib.
675 1504 127 71 8.
739 1504 212 71 Moral.
887 1504 212 71 Sancti
1036 1504 191 71 viri,
1163 1504 148 71 cum
1248 1504 318 71 aternitatis
1502 1504 297 71 desideriis
1735 1504 276 71 anpelant,
1926 1504 85 71 in

483 1569 205 82 tanta
620 1569 318 82 altitudine
870 1569 182 82 vita
983 1569 136 82 se
1052 1569 318 82 subleuant,
1302 1569 136 82 vt
1370 1569 227 82 audire
1529 1569 159 82 iam
1620 1569 182 82 quae
1733 1569 205 82 mundi
1870 1569 205 82 dunt.

472 1655 212 73 graue
614 1655 188 73 sibi
731 1655 141 73 ac
802 1655 306 73 deprimens
1037 1655 259 73 ponduae
1225 1655 282 73 credant;
1436 1655 212 73 valde
1577 1655 235 73 namque
1742 1655 282 73 insoleni
1930 1655 94 73 &c

471 1702 377 88 intolerabile
777 1702 330 88 aestimant,
1036 1702 282 88 quidquid
1248 1702 141 88 id
1319 1702 165 88 non
1413 1702 235 88 sonat,
1578 1702 188 88 quod
1695 1702 212 88 intus
1837 1702 235 88 amant.

467 1761 187 94 Item
584 1761 210 94 super
724 1761 210 94 illud
864 1761 164 94 Iob
958 1761 117 94 3
1004 1761 140 94 3.
1074 1761 164 94 Per
1168 1761 257 94 somnium
1355 1761 140 94 in
1425 1761 257 94 visione
1612 1761 304 94 nocturna,
1846 1761 234 94 dicit.

465 1833 308 90 Gregorius
702 1833 190 90 Iib.
821 1833 166 90 23.
916 1833 237 90 Moral.
1082 1833 142 90 Si
1153 1833 261 90 interna
1342 1833 356 90 contemplari
1627 1833 261 90 volumus
1817 1833 190 90 ,aab
1911 1833 119 90 exi

466 1897 143 95 na
538 1897 381 95 implicatione
847 1897 333 95 dormiamus.
1108 1897 143 95 Et
1180 1897 238 95 infra.
1346 1897 190 95 Icum
1465 1897 143 95 ab
1537 1897 285 95 externis
1727 1897 309 95 actionibus,

464 1964 190 96 mens
583 1964 285 96 sopitur,
797 1964 190 96 tunc
916 1964 262 96 plenius
1106 1964 333 96 mandatorum
1368 1964 166 96 Dei
1463 1964 238 96 pondus
1630 1964 357 96 agnescitur.
1891 1964 143 96 Tune

459 2031 211 86 verba
599 2031 164 86 Dei
693 2031 188 86 mens
810 2031 281 86 viuacius
1021 2031 305 86 penetrat,
1256 2031 164 86 cum
1349 2031 141 86 ad
1420 2031 141 86 se
1490 2031 305 86 admittere
1724 2031 281 86 curarumi
1912 2031 117 86 see

465 2107 284 80 cularium
679 2107 284 80 tumultus
892 2107 284 80 recusat.
1105 2107 142 80 Et
1177 2107 237 80 infra.
1342 2107 166 80 Dum
1437 2107 166 80 sic
1532 2107 237 80 animus
1698 2107 284 80 internis
1888 2107 142 80 erte

468 2166 189 89 diri
587 2166 284 89 appetit,
799 2166 142 89 vt
870 2166 213 89 tamen
1012 2166 284 89 alterius
1225 2166 355 89 implicetur;
1509 2166 189 89 vnde
1627 2166 284 89 exterius
1816 2166 213 89 auditum

470 2223 272 93 aperit,
668 2223 198 93 inde
792 2223 297 93 interius
1015 2223 396 93 obsurdescit.
1336 2223 198 93 Item
1460 2223 322 93 Amhrosius
1707 2223 148 93 De
1782 2223 198 93 fuga
1881 2223 148 93 laem

473 2305 209 88 culi.
612 2305 162 88 cui
705 2305 232 88 portio
867 2305 185 88 Deus
983 2305 185 88 est,
1099 2305 209 88 nihil
1238 2305 209 88 debet
1377 2305 255 88 habere,
1562 2305 185 88 nisi
1678 2305 232 88 Dreum,
1817 2305 209 88 nealte;

475 2363 188 88 rius
593 2363 330 88 impediatur
852 2363 377 88 necessitatis
1158 2363 259 88 monere;
1346 2363 188 88 quod
1464 2363 165 88 enm
1558 2363 141 88 ad
1629 2363 188 88 alia
1723 2363 306 88 psfitiacont

481 2437 235 62 fertur,
651 2437 149 62 hoc
737 2437 298 62 Religionis
971 2437 235 62 cultui,
1142 2437 192 62 atque
1270 2437 171 62 huid
1376 2437 235 62 nostros
1547 2437 235 62 pfficio
1717 2437 320 62 decerpitur.
1952 2437 85 62 Et

472 2491 251 100 habetur
655 2491 160 100 12.
746 2491 137 100 4.
815 2491 137 100 3.
883 2491 183 100 cap.
997 2491 160 100 cui
1089 2491 251 100 pottio.
1271 2491 137 100 Et
1340 2491 228 100 idleo,
1500 2491 137 100 ne
1568 2491 183 100 viri
1660 2491 365 100 Ecclessellicia

476 2573 274 88 Diuinis
675 2573 299 88 Officiis
900 2573 374 88 abducantur,
1199 2573 349 88 stacuerunt
1473 2573 249 88 Sancti
1647 2573 249 88 baltts
1822 2573 199 88 PIgi
1921 2573 100 88 si

481 2639 172 59 quis
589 2639 237 59 talibus
761 2639 258 59 Personis
955 2639 301 59 imposuerit
1191 2639 172 59 onus
1299 2639 258 59 tutelae,
1492 2639 151 59 vel
1578 2639 172 59 curg
1686 2639 301 59 saecilaris
1901 2639 129 59 ipro

481 2694 233 109 iloin
636 2694 285 109 Eclesia
843 2694 181 109 non
947 2694 259 109 oretur
1128 2694 207 109 Vnde
1257 2694 310 109 Cyprlaus
1490 2694 207 109 inci
1619 2694 207 109 pist
1723 2694 310 109 Reiflebemt
