2592 3508
536 136 245 96 sione)
708 136 343 96 illicitae,
978 136 270 96 quoniam
1174 136 147 96 ab
1247 136 221 96 eorum
1394 136 343 96 diserepant
1664 136 392 96 professione,
1958 136 98 96 vt

527 242 224 83 est.
667 242 391 83 baptieare,
974 242 196 83 vel
1086 242 168 83 de
1170 242 336 83 haptismo
1422 242 391 83 suscipere;
1729 242 308 83 mortuos
1925 242 140 83 se¬-

527 309 277 73 pelire,
728 309 252 73 pogulo
905 309 403 73 poenitentias
1232 309 227 73 dare;
1384 309 302 73 infirmos
1610 309 328 73 visitare,
1837 309 227 73 vnstio¬-

531 359 175 81 nes
631 359 275 81 facere,
831 359 300 81 publicas
1057 359 250 81 Missas
1232 359 300 81 cantare;
1457 359 451 81 Ecclesiasticas
1808 359 250 81 actiones

542 436 306 75 tractare,
778 436 259 75 publice
966 436 353 75 praedicare,
1249 436 283 75 Iudices,
1461 436 165 75 vel
1555 436 306 75 Arbitros,
1791 436 165 75 vel
1862 436 188 75 Procu¬-

531 508 287 75 ratores,
746 508 167 75 vel
842 508 335 75 Aduocatos,
1105 508 143 75 in
1177 508 239 75 causis
1344 508 215 75 etiam
1487 508 454 75 Ecclesiasticis,
1870 508 167 75 vol
1941 508 120 75 mi¬-

527 564 359 90 ferabilium
809 564 359 90 Personarum
1091 564 230 90 esse.
1244 564 230 90 Licet
1398 564 205 90 enim
1526 564 230 90 omnia
1680 564 205 90 ista
1808 564 154 90 in
1885 564 154 90 se
1936 564 128 90 pia

538 619 228 103 sint,
690 619 127 103 &
740 619 355 103 meritoria;
1019 619 177 103 non
1120 619 228 103 tamen
1272 619 355 103 conueniunt
1551 619 253 103 statui
1729 619 380 103 Regularium,

543 689 198 99 siue
667 689 371 99 Monachorum,
963 689 247 99 quorum
1136 689 173 99 est
1235 689 321 99 subiectos
1483 689 124 99 &
1532 689 272 99 quietos
1730 689 198 99 esse
1853 689 124 99 )
1878 689 173 99 ieiu¬-

532 767 166 82 nia
627 767 119 82 &
675 767 309 82 orationes
912 767 333 82 obseruare,
1174 767 143 82 in
1245 767 309 82 claustris
1483 767 261 82 morari,
1673 767 238 82 nullas
1839 767 261 82 causas,

542 820 176 98 siue
652 820 330 98 saeculares,
916 820 176 98 siue
1026 820 396 98 Ecclesiasticas
1356 820 286 98 tractare,
1576 820 176 98 Ioca
1686 820 242 98 publica
1862 820 154 98 non
1928 820 132 98 fre¬-

535 907 340 84 quentare,
796 907 288 84 numquam
1006 907 288 84 publice
1215 907 392 84 praedicare,
1529 907 183 84 nec
1633 907 314 84 publicas
1843 907 209 84 Missas

547 971 296 75 cantare,
769 971 173 75 nec
868 971 370 75 baptiaeare,
1164 971 173 75 nec
1262 971 148 75 de
1336 971 296 75 baptismo
1558 971 345 75 suscipere,
1829 971 173 75 nec
1903 971 148 75 mor¬-

548 1035 190 104 tuum
667 1035 309 104 sepelire,
905 1035 166 104 nec
1000 1035 380 104 poenitentias
1309 1035 214 104 dare,
1451 1035 166 104 nec
1546 1035 285 104 infirmos
1760 1035 309 104 visitare,
1974 1035 95 104 vt

544 1105 268 80 ostensum
745 1105 156 80 est
834 1105 201 80 supra
968 1105 156 80 pro
1057 1105 201 80 parte
1191 1105 201 80 dist.
1325 1105 134 80 1.
1392 1105 134 80 §.
1459 1105 268 80 Secundum
1660 1105 246 80 igitur,
1839 1105 112 80 &
1883 1105 134 80 §.
1928 1105 134 80 Rur¬-

540 1160 182 100 sus.
654 1160 182 100 Item
768 1160 137 100 in
836 1160 364 100 Calcedonensi
1132 1160 296 100 Concilio.
1360 1160 182 100 Eos,
1473 1160 159 100 qui
1564 1160 137 100 in
1633 1160 341 100 Monasteriis
1906 1160 205 100 sunt,

550 1235 215 73 placet
701 1235 194 73 nobis
830 1235 258 73 Episcopo
1024 1235 151 73 suo
1110 1235 172 73 esse
1218 1235 301 73 subiectos,
1454 1235 215 73 quieti
1605 1235 215 73 operam
1756 1235 194 73 dare,
1863 1235 194 73 igiunia

549 1303 112 90 &
593 1303 291 90 orationes
818 1303 314 90 obseruare,
1064 1303 135 90 in
1131 1303 224 90 locis,
1288 1303 135 90 in
1356 1303 224 90 quibus
1513 1303 135 90 se
1580 1303 538 90 Deosemelidoupuerunt,

552 1361 343 77 vermanentes;
830 1361 193 77 neque
959 1361 407 77 Ecclesiasticas,
1302 1361 193 77 neque
1430 1361 321 77 saeculares,
1687 1361 193 77 neque
1816 1361 236 77 aliquas
1966 1361 107 77 at¬-

542 1434 257 81 trectare
734 1434 278 81 actiones,
948 1434 342 81 relinquentes
1226 1434 235 81 propria
1398 1434 321 81 Monasteria;
1654 1434 171 81 gisi
1761 1434 193 81 forte
1868 1434 193 81 iubean¬-

535 1498 152 93 tur
622 1498 239 93 propter
796 1498 261 93 vrgentes
992 1498 348 93 necestitates
1275 1498 131 93 ab
1340 1498 218 93 ipsius
1492 1498 283 93 ciuitatis
1710 1498 283 93 Episcopo.
1927 1498 152 93 19.
1993 1498 65 93 &

536 1562 143 91 I.
608 1562 191 91 cap.
727 1562 167 91 Qui
823 1562 215 91 vere.
966 1562 191 91 Item
1086 1562 143 91 in
1158 1562 215 91 eadem
1301 1562 359 91 quaestione.
1588 1562 215 91 Iuxta
1707 1562 359 91 calcedonensis

540 1625 227 92 optimi
699 1625 272 92 Concilii
903 1625 272 92 tenorem,
1107 1625 272 92 Monachos
1312 1625 136 92 ad
1380 1625 250 92 normam.
1561 1625 136 92 B.
1629 1625 295 92 Renedicti
1856 1625 250 92 viuere,

543 1703 191 87 intra
670 1703 255 87 claustra
861 1703 212 87 morari
1009 1703 339 87 praecipimus;
1285 1703 212 87 vicos,
1434 1703 276 87 castella,
1646 1703 276 87 ciuitates
1837 1703 233 87 peragrare

539 1761 355 96 prohibemus;
823 1761 118 96 a
871 1761 308 96 populorum
1107 1761 402 96 praedicatione
1439 1761 237 96 omnino
1605 1761 260 96 cessare
1794 1761 331 96 censuimus.

535 1818 172 102 Item
642 1818 257 102 Pelagius
835 1818 150 102 16.
921 1818 129 102 q.
985 1818 129 102 I.
1050 1818 129 102 De
1114 1818 322 102 praesentium
1371 1818 300 102 portitore,
1607 1818 172 102 quod
1715 1818 257 102 defenfor
1886 1818 172 102 factus

527 1902 162 81 non
619 1902 185 81 est,
735 1902 208 81 nulla
873 1902 208 81 vobis
1012 1902 277 81 molestia
1219 1902 185 81 sit;
1335 1902 185 81 quia
1450 1902 208 81 satis
1588 1902 208 81 valde
1727 1902 323 81 amarigimum
1958 1902 115 81 ha¬-

537 1947 172 106 beo,
644 1947 129 106 de
708 1947 193 106 iusto
837 1947 279 106 proposito
1052 1947 129 106 ad
1116 1947 193 106 illud
1245 1947 236 106 homines
1417 1947 215 106 deduci
1568 1947 279 106 ofsicium,
1782 1947 129 106 in
1847 1947 150 106 quo
1911 1947 172 106 niullo

530 2019 218 77 modo,
675 2019 218 77 quaea
820 2019 290 77 Monachis
1038 2019 169 77 Deo
1135 2019 290 77 promissa
1352 2019 218 77 sunt,
1497 2019 266 77 valeant
1691 2019 339 77 adimpleri,
1933 2019 145 77 som¬-

530 2091 216 89 nimoda
681 2091 173 89 enim
789 2091 151 89 est
876 2091 216 89 illius
1027 2091 259 89 habitus,
1221 2091 108 89 &
1264 2091 216 89 istius
1415 2091 237 89 officii
1588 2091 324 89 diuersitas;
1847 2091 194 89 illio
1955 2091 129 89 enim

540 2167 232 77 quies,
702 2167 256 77 oratio,
888 2167 209 77 labor
1028 2167 256 77 manuum;
1213 2167 139 77 at
1283 2167 163 77 hic
1376 2167 279 77 causarum
1585 2167 302 77 cognitio,
1794 2167 279 77 conuentio¬-

535 2230 170 85 nes,
641 2230 212 85 actus,
789 2230 233 85 publica
959 2230 255 85 litigia,
1150 2230 106 85 &
1192 2230 318 85 quaecumque,
1447 2230 148 85 vel
1532 2230 361 85 Ecclesiastica
1807 2230 255 85 instituta;

554 2289 166 94 vel
649 2289 404 94 supplicantium
982 2289 333 94 necestitas
1244 2289 262 94 poscit.
1434 2289 166 94 Sic
1529 2289 190 94 ergo
1648 2289 238 94 patet,
1814 2289 190 94 quod
1909 2289 143 94 quae

540 2356 156 97 dam
629 2356 268 97 actiones
830 2356 246 97 licitae
1008 2356 179 97 sunt
1120 2356 290 97 Clericis,
1343 2356 201 97 quae,
1477 2356 201 97 licet
1611 2356 134 97 in
1678 2356 134 97 se
1745 2356 179 97 piae
1857 2356 112 97 &
1879 2356 201 97 sinctae

539 2416 220 108 sint,
685 2416 220 108 tamen
832 2416 318 108 illicitae
1077 2416 196 108 sunt
1199 2416 367 108 Regularibus
1493 2416 245 108 Viris,
1664 2416 269 108 propter
1836 2416 220 108 discre¬-

546 2489 291 106 pantiam
757 2489 449 106 professionis.
1127 2489 212 106 Haec
1259 2489 238 106 autem
1418 2489 238 106 omnia
1577 2489 344 106 intellige
1841 2489 159 106 de
1894 2489 185 106 Regu¬-

541 2553 290 97 laribus,
758 2553 169 97 non
855 2553 338 97 habentibus
1120 2553 290 97 populum,
1337 2553 169 97 nec
1434 2553 145 97 ad
1506 2553 434 97 Ecclesiasticas
1844 2553 217 97 praela¬-

531 2629 228 83 tiones
691 2629 319 83 assumptis,
941 2629 137 83 vt
1010 2629 228 83 dictum
1169 2629 160 83 est
1261 2629 205 83 supra
1397 2629 205 83 dist.
1534 2629 137 83 1.
1602 2629 137 83 §.
1671 2629 160 83 Sed
1762 2629 205 83 forte
1899 2629 228 83 dicet.

540 2674 223 133 Patet
689 2674 248 133 igitur
862 2674 149 133 ex
937 2674 372 133 praedictis,
1234 2674 198 133 quod
1358 2674 273 133 quaedam
1556 2674 322 133 actiones,
1780 2674 297 133 seuquaedam
