2592 3508
564 146 392 99 inueniuntur
877 146 366 99 Seductores
1165 146 366 99 praedicti.
1452 146 183 99 Nam
1557 146 157 99 in
1635 146 287 99 omnibus
1844 146 287 99 dictis,

539 215 175 71 vel
639 215 250 71 factis
814 215 225 71 suis,
963 215 250 71 quibus
1138 215 274 71 vtuntur
1337 215 150 71 ad
1412 215 399 71 decipiendum,
1737 215 299 71 simulant
1936 215 150 71 cha¬-

568 304 289 84 ritatem,
784 304 144 84 vt
857 304 216 84 magis
1001 304 289 84 decipere
1217 304 289 84 possint.
1434 304 192 84 Vnde
1554 304 144 84 2.
1626 304 361 84 Chorilnithr
1915 304 144 84 E.
1963 304 120 84 su¬-

577 370 154 82 per
665 370 220 82 illud,
819 370 132 82 In
885 370 286 82 charitate
1104 370 154 82 non
1192 370 220 82 ficta,
1346 370 198 82 dicit
1478 370 198 82 Glos.
1610 370 220 82 Pseudo
1763 370 264 82 simulant
1939 370 132 82 cha¬-

571 427 299 74 vitatem,
795 427 150 74 vt
870 427 349 74 decipiant.
1145 427 175 74 Non
1244 427 199 74 enim
1369 427 299 74 quaerunt
1593 427 399 74 Simulatores,
1892 427 175 74 ssine

559 482 350 83 Hypocritae
834 482 401 83 sanctitatem;
1160 482 175 83 sed
1260 482 225 83 solam
1410 482 376 83 apparentiam
1711 482 401 83 sanctitatis.

575 554 186 87 Vnde
691 554 209 87 super
830 554 209 87 illud
969 554 162 87 Iob
1062 554 162 87 29.
1155 554 186 87 Quae
1271 554 186 87 enim
1387 554 186 87 spes
1503 554 162 87 est
1596 554 325 87 Hypocrita;
1851 554 139 87 st
1898 554 162 87 huare

570 621 266 98 rapiat)
763 621 169 98 &c.
860 621 217 98 dicit
1005 621 314 98 Gregorius
1246 621 193 98 lib.
1367 621 169 98 16.
1463 621 241 98 Moral.
1632 621 338 98 Hypocrita;
1874 621 193 98 quiLa¬-

569 682 175 82 tina
679 682 219 82 lingua
832 682 241 82 dicitur
1007 682 307 82 Simulator,
1248 682 219 82 iustus
1402 682 175 82 esse
1511 682 153 82 non
1599 682 263 82 appetit,
1796 682 153 82 sed
1862 682 197 82 videri¬-

572 748 142 97 Et
643 748 237 97 infra.
810 748 380 97 Hypocritarum
1118 748 166 97 mos
1213 748 190 97 esse
1332 748 237 97 solet,
1498 748 142 97 vt
1569 748 119 97 &
1617 748 190 97 quod
1736 748 214 97 sunt,
1854 748 214 97 suppri¬-

561 827 215 81 mant,
705 827 120 81 &
752 827 191 81 quod
872 827 167 81 non
968 827 215 81 sunt,
1111 827 144 81 se
1183 827 191 81 esse
1303 827 311 81 hominibus
1542 827 383 81 innotescant;
1829 827 239 81 quatenus

554 880 284 73 mensuram
767 880 189 73 suam
885 880 166 73 per
980 880 402 73 aestimationem
1311 880 331 73 transeant,
1571 880 118 73 &
1619 880 260 73 praeire
1808 880 260 73 cateros
1973 880 95 73 se

566 955 327 79 ostendant,
822 955 303 79 refugiunt
1056 955 257 79 videri,
1242 955 187 79 quod
1359 955 210 79 sunt,
1499 955 117 79 &
1546 955 187 79 ante
1662 955 233 79 oculos
1826 955 280 79 hominum,

569 1017 109 85 s
613 1017 284 85 uperducta
832 1017 219 85 quadam
985 1017 328 85 innocentiae
1247 1017 284 85 honestate
1466 1017 131 85 se
1532 1017 284 85 vestiunt.
1751 1017 175 85 Item
1860 1017 175 85 Isa.
1969 1017 131 85 9.

554 1082 215 83 super
698 1082 239 83 illud,
865 1082 215 83 omnis
1009 1082 311 83 Hypocrita
1248 1082 167 83 est
1343 1082 120 83 &
1391 1082 263 83 nequam,
1583 1082 215 83 dicit
1726 1082 239 83 Glossa
1870 1082 191 83 Inter¬-

563 1138 292 82 linearis.
787 1138 314 82 Hypocrita,
1034 1138 202 82 aliud
1168 1138 157 82 est
1258 1138 292 82 simulans,
1483 1138 112 82 &
1527 1138 202 82 aliud
1662 1138 224 82 agens;
1797 1138 269 82 praeserens

550 1225 359 73 castitatem,
837 1225 120 73 &
885 1225 359 73 lasciuiens;
1173 1225 311 73 ostendens
1412 1225 383 73 paupertatem,
1724 1225 120 73 &
1748 1225 311 73 marsalpiont

548 1286 290 88 replens.
765 1286 193 88 Item
886 1286 217 88 super
1030 1286 217 88 illud
1175 1286 241 88 Matth.
1344 1286 169 88 23.
1441 1286 169 88 Qui
1537 1286 290 88 mundatis
1754 1286 193 88 quod
1851 1286 217 88 despris

558 1351 184 78 est,
673 1351 207 78 dicit
811 1351 391 78 Chrvsostomus.
1133 1351 322 78 Exteriorum
1386 1351 345 78 purgationum
1662 1351 207 78 multa
1800 1351 161 78 est
1892 1351 207 78 Eupd,

552 1405 329 102 interiorum
811 1405 188 102 vero
929 1405 235 102 nulla;
1093 1405 118 102 &
1140 1405 141 102 si
1211 1405 188 102 quis
1328 1405 376 102 conscientiam
1634 1405 329 102 scinderet,
1869 1405 188 102 multos

561 1475 269 73 vermes,
756 1475 122 73 &
805 1475 245 73 multam
977 1475 245 73 saniem
1148 1475 343 73 inueniret.
1417 1475 318 73 Exechiel.
1662 1475 147 73 6.
1736 1475 196 73 Tili
1834 1475 220 73 hominis

539 1536 183 70 fode
653 1536 297 70 parietem,
882 1536 320 70 ingredere,
1133 1536 114 70 &
1178 1536 183 70 vide
1293 1536 388 70 abominationes
1612 1536 297 70 pessimas,
1841 1536 183 70 quas
1932 1536 137 70 isti

550 1601 257 88 faciunt.
742 1601 214 88 Ephes.
892 1601 129 88 5.
957 1601 171 88 Quae
1064 1601 129 88 in
1128 1601 236 88 occulto
1299 1601 193 88 siunt
1428 1601 129 88 ab
1492 1601 214 88 ipsis,
1642 1601 193 88 turpe
1771 1601 150 88 est
1856 1601 236 88 digere,

558 1660 179 79 Non
661 1660 179 79 sic
763 1660 333 79 Apostolus
1020 1660 154 79 2.
1096 1660 307 79 Corinth.
1327 1660 154 79 4.
1404 1660 282 79 dicens.
1609 1660 333 79 Abdicamus
1839 1660 231 79 occulta

540 1737 285 96 dedecoris,
764 1737 143 96 non
845 1737 285 96 ambulantes
1069 1737 122 96 in
1130 1737 244 96 asturia,
1314 1737 183 96 Glos.
1436 1737 122 96 Id
1497 1737 143 96 est
1578 1737 122 96 in
1640 1737 285 96 hypocrisi,
1864 1737 122 96 vt
1904 1737 143 96 Pseu¬-

546 1790 143 79 do
618 1790 287 79 faciunt,
833 1790 167 79 qui
928 1790 287 79 videntur
1143 1790 287 79 humiles,
1358 1790 143 79 vt
1430 1790 215 79 etiam
1573 1790 334 79 persuadere
1836 1790 119 79 &
1860 1790 191 79 osten¬-

549 1866 208 92 tare
679 1866 312 92 valeant,
913 1866 156 92 se
991 1866 260 92 missos
1173 1866 208 92 esse
1303 1866 130 92 a
1354 1866 182 92 Deo
1458 1866 156 92 ad
1536 1866 390 92 procurandum
1822 1866 234 92 salutem

542 1934 329 95 animarum
788 1934 165 95 in
871 1934 329 95 Ecclesia
1118 1934 357 95 generali;
1392 1934 411 95 quemadmodum
1721 1934 329 95 asstrunt
1940 1934 110 95 de

544 1986 254 113 scipsis
729 1986 208 113 omnes
867 1986 415 113 Praedicatores,
1213 1986 208 113 etiam
1352 1986 323 113 Haeretici,
1606 1986 138 113 vt
1675 1986 254 113 legitur
1859 1986 231 113 Extra,

538 2065 145 99 De
610 2065 339 99 Hareticis,
877 2065 194 99 cap.
998 2065 170 99 Cum
1095 2065 145 99 ex
1168 2065 291 99 imuncto.
1386 2065 267 99 Idcireo
1580 2065 291 99 plurimas
1773 2065 267 99 supersti¬-

545 2126 234 93 tiosas
708 2126 350 93 traditiones
989 2126 327 93 inueniunt,
1246 2126 117 93 &
1292 2126 164 93 eas
1386 2126 164 93 sub
1479 2126 234 93 specie
1643 2126 327 93 Religionis
1876 2126 164 93 indu¬-

540 2203 205 73 cunt,
677 2203 137 73 vt
745 2203 319 73 ostendetur
995 2203 205 73 infra
1132 2203 205 73 dist.
1268 2203 137 73 4.
1337 2203 137 73 in
1405 2203 137 73 I.
1473 2203 114 73 &
1519 2203 159 73 ra.
1610 2203 228 73 signo;
1769 2203 228 73 quibus
1905 2203 137 73 tan¬-

532 2268 195 77 tam
644 2268 419 77 humilitatem
979 2268 140 77 &
1034 2268 391 77 Religionem
1341 2268 446 77 praetendunt,
1704 2268 223 77 quod
1816 2268 223 77 viden¬-

534 2331 185 96 tur
639 2331 211 96 esse
771 2331 238 96 quasi
930 2331 264 96 nuntii
1115 2331 211 96 Dei.
1247 2331 264 96 Tantam
1432 2331 396 96 humilitatem
1748 2331 132 96 &
1775 2331 264 96 Religio¬-

534 2401 186 73 nem
641 2401 452 73 praetendebant
1013 2401 266 73 quidam
1199 2401 266 73 Pseudo
1385 2401 160 73 in
1465 2401 319 73 Ecclesia
1704 2401 372 73 primitiua;
1970 2401 80 73 &

538 2466 223 70 tamen
687 2466 223 70 erant
836 2466 347 70 aduersarii
1109 2466 322 70 Ecclesiae
1357 2466 298 70 Christi.
1580 2466 198 70 Vnde
1704 2466 322 70 Apostolus
1927 2466 124 70 il¬-

533 2524 276 104 struens
734 2524 276 104 populum
935 2524 377 104 Christianum
1237 2524 251 104 contra
1413 2524 226 104 illos
1563 2524 276 104 Coloss.
1765 2524 151 104 2.
1840 2524 251 104 dicit.

532 2595 189 87 Nemo
650 2595 165 87 vos
745 2595 259 87 seducat
933 2595 142 87 in
1004 2595 354 87 humilitate,
1287 2595 118 87 &
1334 2595 307 87 Religione
1570 2595 354 87 Angeloruom.
1853 2595 236 87 Gloss.

547 2671 150 94 Qui
632 2671 257 94 videntur
825 2671 171 94 esse
932 2671 193 94 quasi
1060 2671 214 94 nuntii
1210 2671 171 94 Dei,
1317 2671 150 94 per
1402 2671 235 94 speciem
1573 2671 128 94 &s
1638 2671 364 94 hoomilitatorm
1916 2671 128 94 dto¬
