2592 3508
538 141 198 77 nis,
662 141 371 77 frequentius
959 141 222 77 vesci
1107 141 272 77 volunt;
1305 141 173 77 vel
1404 141 371 77 abstinentes
1700 141 124 77 a
1750 141 297 77 carnibus
1947 141 124 77 int

560 203 236 110 specie
725 203 283 110 propria,
938 203 306 110 vescuntur
1173 203 236 110 eisdem
1338 203 141 110 in
1409 203 236 110 specie
1574 203 236 110 aliena
1739 203 189 110 seer
1833 203 236 110 yminuent

565 281 159 87 tes
656 281 273 87 scilicet
861 281 159 87 eas
951 281 136 87 in
1020 281 363 87 mortariolis,
1315 281 114 87 &
1360 281 318 87 condientes
1610 281 159 87 eum
1701 281 295 87 speciebus
1905 281 114 87 art

565 345 296 103 maticis,
787 345 123 103 &
836 345 419 103 salsamentorum
1181 345 468 103 difficultatibus
1576 345 271 103 multis.
1773 345 246 103 Qontra
1921 345 123 103 quo

565 402 232 98 dicit
720 402 360 98 Hieronymus
1003 402 154 98 Ad
1080 402 386 98 Nepotianum.
1389 402 206 98 Sint
1518 402 206 98 tibi
1646 402 283 98 ieiunia
1826 402 232 98 modera¬-

562 482 139 71 ta
631 482 116 71 &
678 482 163 71 non
771 482 418 71 superstitiosa.
1119 482 186 71 Quid
1236 482 256 71 prodest
1421 482 186 71 oleo
1538 482 163 71 non
1631 482 232 71 vesci,
1793 482 116 71 &
1816 482 256 71 molestias

540 543 267 104 quasdam,
740 543 446 104 difficultatesque
1119 543 245 104 ciborum
1297 543 290 104 quaerere,
1520 543 267 104 caricas,
1721 543 223 104 nuces,
1876 543 223 104 piper,
2010 543 67 104 &

551 615 281 84 palmarum
761 615 281 84 fructus?
972 615 257 84 Caricae
1159 615 187 84 sunt
1276 615 211 84 ficus
1417 615 117 84 a
1463 615 211 84 copia
1604 615 328 84 nominatae,
1861 615 140 84 vt
1908 615 164 84 dicit

555 671 308 96 Isidorus
787 671 206 96 lib.
915 671 180 96 19.
1018 671 334 96 Etymolog.
1275 671 206 96 cap.
1403 671 154 96 De
1481 671 360 96 Arboribus.
1763 671 231 96 Tales
1892 671 154 96 Hypo

558 753 233 90 critae
721 753 116 90 a
767 753 210 90 cibis
907 753 326 90 communibus
1163 753 373 90 abstinentes,
1466 753 210 90 tamen
1606 753 210 90 aliis
1746 753 233 90 aesiue
1886 753 186 90 volupe

567 815 232 91 tuosis
729 815 278 91 vtentes,
938 815 116 91 &
984 815 162 91 sic
1077 815 278 91 suauiter
1285 815 232 91 viuere
1447 815 301 91 volentes,
1679 815 278 91 virtutes
1864 815 209 91 hlabere

554 880 236 82 videri
720 880 260 82 volunt,
908 880 165 82 sed
1003 880 283 82 virtutum
1215 880 260 82 labores
1404 880 118 82 &
1451 880 401 82 difficultates
1782 880 330 82 refugiunt.

569 933 216 93 Casti
713 933 192 93 enim
833 933 240 93 videri
1001 933 264 93 volunt,
1193 933 168 93 sed
1289 933 240 93 corpus
1458 933 288 93 macerare
1674 933 264 93 nolunt;
1842 933 216 93 patiens

555 1014 169 80 tes
651 1014 241 80 videri
820 1014 265 80 volunt,
1013 1014 169 80 sed
1109 1014 362 80 contumelias
1399 1014 217 80 ferre
1544 1014 169 80 non
1640 1014 289 80 possunt.
1857 1014 193 80 Vnde
1953 1014 121 80 su¬-

549 1079 156 92 per
638 1079 200 92 illud
771 1079 156 92 Iob
860 1079 133 92 6.
927 1079 289 92 Inuolntae
1149 1079 178 92 sunt
1260 1079 245 92 semitae
1438 1079 267 92 gressuum
1638 1079 222 92 eorum,
1794 1079 200 92 dicit
1905 1079 178 92 Grego¬-

534 1152 186 90 rius
650 1152 186 90 lib.
767 1152 117 90 .
813 1152 233 90 Moral.
977 1152 186 90 Sunt
1093 1152 256 90 quidam,
1280 1152 163 90 qui
1373 1152 256 90 humiles
1559 1152 186 90 esse
1676 1152 256 90 volunt,
1862 1152 163 90 sed
1932 1152 140 90 sine

547 1211 271 77 despectu;
756 1211 167 77 esse
860 1211 209 77 casti,
1006 1211 146 77 sed
1090 1211 167 77 sine
1194 1211 313 77 maceratione
1445 1211 271 77 corporis;
1654 1211 167 77 esse
1758 1211 292 77 patientes,
1967 1211 104 77 sed

543 1275 175 99 sine
652 1275 350 99 contumeliis.
937 1275 219 99 Cumque
1090 1275 262 99 virtutes
1287 1275 262 99 adipisci
1484 1275 284 99 quaerunt,
1702 1275 153 99 sed
1790 1275 241 99 labores
1943 1275 131 99 vir¬-

534 1337 206 96 tutum
672 1337 275 96 fugiunt;
878 1337 183 96 quid
992 1337 229 96 aliud,
1153 1337 183 96 quam
1267 1337 183 96 quod
1382 1337 206 96 belli
1519 1337 298 96 certamina
1748 1337 137 96 in
1817 1337 206 96 campo
1932 1337 137 96 nes¬-

534 1412 248 94 ciunt,
708 1412 124 94 &
757 1412 347 94 triumphare
1030 1412 149 94 in
1104 1412 272 94 vrbibus
1302 1412 421 94 concupiscunt?
1649 1412 149 94 De
1723 1412 272 94 talibus
1897 1412 173 94 dicit

537 1469 325 86 Bernardus.
792 1469 232 86 Volunt
954 1469 185 86 esse
1070 1469 255 86 humiles
1256 1469 185 86 sine
1371 1469 301 86 despectu,
1603 1469 278 86 pauperes
1812 1469 185 86 sine
1905 1469 162 86 dese¬-

538 1547 169 77 ctu,
643 1547 169 77 hene
749 1547 232 77 vestiri
918 1547 169 77 sine
1023 1547 380 77 sollicitudine,
1340 1547 253 77 delicate
1530 1547 190 77 pasci
1656 1547 169 77 sine
1762 1547 232 77 labore.
1909 1547 148 77 TAli¬-

540 1617 259 89 quando
721 1617 233 89 autem
877 1617 207 89 vere
1006 1617 129 89 &
1058 1617 285 89 austere
1265 1617 311 89 ieiunant
1498 1617 388 89 Hypocritae,
1782 1617 285 89 quoadopus

533 1683 327 79 exterius,
784 1683 327 79 macerando
1035 1683 301 79 scilicet
1261 1683 251 79 carnem
1437 1683 201 79 suam
1563 1683 201 79 fere
1688 1683 226 79 vsque
1839 1683 276 79 adimor,

532 1749 236 89 tem;
680 1749 207 89 sed
798 1749 266 89 totum
975 1749 325 89 faciunt
1212 1749 325 89 propter
1448 1749 325 89 humanam
1684 1749 325 89 laudem.
1891 1749 177 89 Vnde

553 1796 201 101 super
687 1796 201 101 illud
821 1796 157 101 Iob
911 1796 134 101 8.
978 1796 201 101 Sicut
1112 1796 179 101 tela
1224 1796 291 101 aranearum
1448 1796 246 101 fiducia
1627 1796 201 101 eius,
1761 1796 201 101 dicit
1873 1796 179 101 Grego¬-

536 1883 177 66 rius
647 1883 177 66 lib.
757 1883 133 66 8.
824 1883 221 66 Moral.
979 1883 310 66 Plaerumque
1222 1883 310 66 Hypocritae
1466 1883 177 66 mira
1577 1883 332 66 abstinentia
1843 1883 133 66 se
1887 1883 177 66 affli¬-

545 1945 214 94 gunt,
688 1945 190 94 omne
806 1945 214 94 robur
949 1945 285 94 corporis
1162 1945 308 94 atterunt,
1400 1945 119 94 &
1447 1945 214 94 quasi
1589 1945 237 94 carnis
1756 1945 214 94 vitam
1874 1945 190 94 sundi¬-

535 2013 160 77 tus
626 2013 137 77 in
695 2013 205 77 carne
831 2013 273 77 vinentes
1037 2013 319 77 extingunt;
1287 2013 228 77 sicque
1447 2013 160 77 per
1538 2013 365 77 abstinentiam
1834 2013 205 77 morti
1948 2013 114 77 ap¬-

531 2076 300 90 propiant,
762 2076 138 90 vt
831 2076 185 90 pene
946 2076 277 90 quotidie
1154 2076 300 90 morientes
1385 2076 254 90 viuant.
1569 2076 162 90 Nam
1662 2076 162 90 ora
1754 2076 346 90 pallescunt,

539 2136 223 77 corpus
695 2136 312 77 debilitate
940 2136 290 77 quatitur,
1163 2136 223 77 pectus
1319 2136 446 77 interrumpentibus
1698 2136 290 77 suspiriis
1899 2136 156 77 vrge¬-

544 2201 178 89 tur;
655 2201 156 89 sed
744 2201 200 89 inter
877 2201 156 89 hoc
966 2201 133 89 ab
1033 2201 156 89 ore
1122 2201 311 89 proximorum
1366 2201 222 89 sermo,
1522 2201 356 89 admirationis
1789 2201 245 89 quaeritur

526 2277 316 79 testante
762 2277 342 79 veritate,
1025 2277 210 79 quae
1157 2277 210 79 ait.
1288 2277 394 79 ENTIRMINANT
1604 2277 394 79 FACIESISTAS
1920 2277 131 79 ;
1946 2277 105 79 lm

535 2344 367 89 VIDEANTVR
817 2344 169 89 AB
901 2344 367 89 ROMINIBVS
1184 2344 423 89 IETVNANTES.
1522 2344 451 89 Contrastales
1861 2344 197 89 dicit

531 2391 256 117 Seneca
710 2391 153 117 Ad
787 2391 307 117 Eucilium
1017 2391 256 117 Epist.
1196 2391 153 117 6.
1272 2391 230 117 Nempe
1426 2391 358 117 propositum
1707 2391 281 117 nostrum
1886 2391 153 117 est;

536 2458 288 112 secundum
752 2458 264 112 naturam
943 2458 264 112 viuere.
1135 2458 168 112 Hoc
1231 2458 240 112 contra
1399 2458 264 112 naturam
1591 2458 192 112 est,
1710 2458 288 112 torquere
1902 2458 144 112 cor¬-

529 2542 169 99 pus
625 2542 217 99 suum,
770 2542 120 99 &
818 2542 265 99 faciles
1011 2542 241 99 odisse
1179 2542 337 99 munditias,
1444 2542 120 99 &
1492 2542 337 99 squallorem
1757 2542 313 99 appetere,
1974 2542 72 99 &

526 2609 217 89 cibis
670 2609 169 89 non
767 2609 241 89 tantum
935 2609 265 89 vilibus
1128 2609 193 89 vti,
1248 2609 169 89 sed
1345 2609 241 89 tetris
1513 2609 120 89 &
1561 2609 313 89 horridis.
1778 2609 265 89 Quemadmo¬-

534 2671 158 109 dum
625 2671 294 109 delicatas
851 2671 158 109 res
942 2671 339 109 desiderare,
1213 2671 271 109 luxuriae
1417 2671 181 109 est;
1530 2671 158 109 ita
1620 2671 294 109 vsitatas;
1846 2671 113 109 &
1892 2671 158 109 non
1960 2671 90 109 ma
