2592 3508
468 138 160 106 gno
560 138 298 106 parahiles
789 138 252 106 fugere,
972 138 298 106 dementiae
1202 138 183 106 est.
1316 138 367 106 Frugalitatem
1614 138 229 106 exigit
1752 138 229 106 Philoso¬-

469 203 228 106 phia,
621 203 177 106 non
722 203 278 106 poenam.
924 203 152 106 Et
1000 203 177 106 est
1101 203 354 106 frugalitas
1380 203 405 106 temperantia;
1709 203 177 106 nam
1785 203 202 106 secun¬-

471 275 166 82 dum
566 275 238 82 Papiam
733 275 214 82 Frugi
875 275 261 82 dicitur
1065 275 356 82 temperatus,
1350 275 309 82 abstinens
1588 275 261 82 alieno,
1754 275 214 82 conten¬-

468 339 171 82 tus
565 339 196 82 suo.
688 339 196 82 Illi
810 339 196 82 ergo
933 339 294 82 homines,
1153 339 171 82 qui
1251 339 245 82 nolunt
1423 339 245 82 habere
1594 339 294 82 proprium
1815 339 220 82 suum,

483 409 184 90 vel
588 409 316 90 commune,
825 409 184 90 sed
930 409 263 90 semper
1115 409 369 90 desiderare
1405 409 316 90 alienum;
1642 409 184 90 non
1721 409 263 90 videntur

483 492 187 65 esse
600 492 258 65 homines
787 492 234 65 frugi,
951 492 141 65 id
1021 492 164 65 est
1115 492 258 65 homines
1303 492 328 65 temperati.
1560 492 187 65 Ecce
1677 492 281 65 qualiter
1865 492 117 65 Se¬-

485 543 314 85 ductores
720 543 367 85 Hypocritae
1008 543 393 85 Religionem,
1323 543 183 85 vel
1427 543 393 85 sanctitatem
1715 543 262 85 simulant

487 624 269 67 eiunando.

549 673 146 98 §.
622 673 243 98 Orando
791 673 218 98 etiam
937 673 291 98 simulant
1156 673 388 98 sanctitatem,
1471 673 316 98 prolixius
1714 673 291 98 orantes,
1908 673 73 98 &

481 762 236 67 longas
647 762 307 67 orationes
882 762 330 67 facientes,
1142 762 142 67 vt
1213 762 330 67 sanctiores
1472 762 307 67 hominibus
1708 762 330 67 videantur,

484 810 161 82 ac
565 810 188 82 per
672 810 188 82 hoc
779 810 268 82 laudem
967 810 322 82 humanam,
1208 810 241 82 atque
1369 810 322 82 pecuniam
1611 810 429 82 assequantur,

491 873 135 84 vt
559 873 316 84 ostendetur
807 873 248 84 plenius
988 873 203 84 infra
1123 873 203 84 dist.
1258 873 135 84 4.
1326 873 135 84 in
1393 873 158 84 43.
1484 873 225 84 signo.

604 939 160 90 §.
684 939 240 90 Dando
844 939 240 90 etiam
1004 939 400 90 eleemosrnas
1324 939 320 90 simulant
1564 939 400 90 sanctitatem
1857 939 133 90 Hy¬-

481 1003 321 113 pocritae,
728 1003 222 113 pauca
877 1003 272 113 quaedam
1074 1003 222 113 coram
1222 1003 321 113 hominibus
1469 1003 346 113 tribuendo,
1741 1003 173 113 sed
1815 1003 173 113 multa

479 1095 356 62 importune
753 1095 329 62 petendo.
999 1095 164 62 De
1082 1095 274 62 quibus
1273 1095 247 62 dicit
1438 1095 384 62 Hieronymus
1739 1095 164 62 Ad
1794 1095 192 62 Nepo¬-

486 1162 272 58 tianum.
684 1162 198 58 Sunt
807 1162 173 58 qui
906 1162 346 58 pauperibus
1178 1162 222 58 parum
1326 1162 321 58 tribuunt,
1573 1162 148 58 vt
1647 1162 272 58 amplius
1820 1162 173 58 acci¬-

478 1209 239 99 piant;
646 1209 120 99 &
693 1209 168 99 sub
789 1209 311 99 praetextu
1029 1209 359 99 eleemosonae
1316 1209 287 99 quaerunt
1531 1209 311 99 diuitias.
1771 1209 191 99 Quae
1866 1209 120 99 ma¬-

494 1266 165 104 gis
589 1266 330 104 negotiatio
848 1266 330 104 appellanda
1107 1266 188 104 est,
1225 1266 188 104 quam
1342 1266 353 104 elcemosqua;
1625 1266 236 104 melius
1790 1266 165 104 est
1861 1266 141 104 enim

489 1340 162 80 non
581 1340 232 80 hubere
744 1340 185 80 quod
859 1340 278 80 tribuas,
1068 1340 185 80 quam
1184 1340 324 80 impudenter
1415 1340 255 80 quaerere.

583 1414 151 78 §.
658 1414 226 78 Aliis
809 1414 226 78 etiam
960 1414 226 78 modis
1111 1414 302 78 simulant
1338 1414 377 78 sanctitatem
1640 1414 327 78 quandoque
1866 1414 126 78 Hy¬-

488 1465 313 101 pocritae,
729 1465 169 101 per
825 1465 289 101 virtutum
1042 1465 217 101 opera
1186 1465 313 101 simulata;
1427 1465 289 101 vincendo
1644 1465 289 101 scilicet
1836 1465 169 101 mani¬-

489 1530 220 90 festa
635 1530 269 90 peccata
831 1530 171 90 per
929 1530 269 90 quaedam
1125 1530 269 90 peccata
1321 1530 294 90 occulta,
1541 1530 196 90 quae
1663 1530 294 90 putantur
1859 1530 147 90 esse

494 1593 351 91 virtutes.
764 1593 351 91 Aliquando
1034 1593 216 91 enim
1169 1593 189 91 per
1276 1593 324 91 occultum
1519 1593 324 91 peccatum
1762 1593 216 91 (per
1870 1593 135 91 su¬-

497 1667 265 99 perbiam
690 1667 313 99 scilicet,
931 1667 169 99 vel
1027 1667 217 99 vanam
1172 1667 265 99 gloriam
1364 1667 217 99 intus
1509 1667 145 99 in
1581 1667 217 99 corde
1726 1667 313 99 latentem)

493 1730 259 90 vincunt
682 1730 306 90 manifesta
917 1730 283 90 peccata,
1129 1730 188 90 quae
1247 1730 283 90 exterius
1459 1730 236 90 videri
1624 1730 283 90 possunt;
1836 1730 141 90 vt
1883 1730 118 90 vel

493 1795 164 90 sic
586 1795 281 90 simulent
797 1795 375 90 sanctitatem;
1102 1795 305 90 videlicet
1337 1795 305 90 auaritiam
1571 1795 211 90 palam
1712 1795 164 90 non
1782 1795 211 90 sectan¬-

499 1865 172 81 do,
598 1865 147 81 vt
671 1865 319 81 videantur
916 1865 294 81 diligere
1137 1865 368 81 largitatem;
1431 1865 294 81 pecuniam
1652 1865 221 81 palam
1799 1865 172 81 non
1872 1865 123 81 ha¬-

498 1929 238 88 bendo,
665 1929 143 88 vt
736 1929 309 88 videantur
973 1929 285 88 diligere
1187 1929 380 88 paupertatem;
1496 1929 119 88 a
1544 1929 238 88 carnis
1710 1929 261 88 luxuria
1876 1929 119 88 pa¬-

499 1994 173 96 lam
598 1994 371 96 continendo,
895 1994 124 96 &
944 1994 148 96 de
1018 1994 371 96 continentia
1314 1994 148 96 se
1389 1994 321 96 iactando,
1636 1994 222 96 alios
1784 1994 222 96 autem
1907 1994 99 96 de

505 2066 424 81 incontinentia
855 2066 350 81 deridendo,
1129 2066 150 81 vt
1204 2066 325 81 videantur
1454 2066 300 81 diligere
1678 2066 374 81 castitatem.

505 2130 200 84 Vnde
630 2130 275 84 August.
830 2130 150 84 De
905 2130 250 84 ciuit.
1080 2130 175 84 Dei
1180 2130 200 84 lib.
1305 2130 175 84 21.
1405 2130 200 84 cap.
1530 2130 175 84 19.
1630 2130 350 84 Nonnunquam
1880 2130 125 84 sa¬-

502 2185 137 100 ne
571 2185 343 100 apertissima
845 2185 206 100 vitia
983 2185 206 100 aliis
1120 2185 229 100 vitiis
1280 2185 298 100 vincuntur
1509 2185 298 100 occultis,
1738 2185 183 100 quae
1830 2185 183 100 putan¬-

513 2267 176 89 tur
613 2267 201 89 esse
739 2267 327 89 virtutes,
991 2267 151 89 in
1066 2267 252 89 quibus
1242 2267 252 89 regnat
1418 2267 302 89 superbia
1645 2267 126 89 &
1695 2267 277 89 quaedam
1871 2267 151 89 sibi

502 2333 306 95 placendi
731 2333 306 95 altitudo
960 2333 306 95 ruinosa.
1189 2333 255 95 QuiDAM
1367 2333 204 95 enim
1495 2333 382 95 Hypocritae,
1775 2333 229 95 humanae

498 2400 216 87 laudis
650 2400 216 87 auidi,
801 2400 194 87 huius
931 2400 194 87 vnius
1060 2400 238 87 ingenti
1233 2400 303 87 cupiditate
1471 2400 238 87 cateras
1644 2400 324 87 cupiditates
1881 2400 130 87 com¬-

501 2491 252 75 primunt
684 2491 137 75 vt
753 2491 206 75 dicit
890 2491 183 75 Aug.
1004 2491 137 75 De
1073 2491 229 75 ciuit.
1233 2491 160 75 Dei
1325 2491 183 75 lib.
1439 2491 137 75 5.
1508 2491 183 75 cap.
1622 2491 160 75 II.
1714 2491 160 75 sed
1805 2491 183 75 haec
1897 2491 114 75 om¬-

506 2548 166 71 nia
601 2548 356 71 simulatorie
886 2548 285 71 faciunt,
1100 2548 143 71 vt
1171 2548 261 71 apparet
1362 2548 309 71 quandoque
1599 2548 143 71 ex
1670 2548 190 71 post
1789 2548 261 71 factis,

516 2595 164 109 per
609 2595 187 109 quae
726 2595 257 109 ipsorum
913 2595 304 109 simulatio
1147 2595 327 109 reuelatur,
1404 2595 140 109 vt
1474 2595 327 109 ostendetur
1731 2595 210 109 infra
1872 2595 187 109 ead.

504 2671 209 88 dist.
643 2671 139 88 §.
713 2671 162 88 Sed
806 2671 232 88 forte,
968 2671 162 88 cum
1061 2671 255 88 quatuor
1247 2671 348 88 sequentibus
1525 2671 371 88 Paragraphis.
