2592 3508
442 174 305 103 Gregorius
676 174 188 103 lib.
794 174 164 103 20.
888 174 235 103 Moral.
1052 174 305 103 Simulator
1287 174 164 103 non
1381 174 141 103 se
1452 174 235 103 aperte
1616 174 235 103 quidem
1781 174 141 103 in
1828 174 117 103 hoc

436 225 250 130 saecalo
618 225 250 130 videtur
800 225 318 130 extollere,
1049 225 204 130 atque
1186 225 136 130 vt
1254 225 250 130 maiorem
1435 225 250 130 gloriam
1617 225 250 130 teneat,
1776 225 159 130 saepe

442 292 257 131 simulat
628 292 140 131 se
698 292 257 131 gloriam
885 292 327 131 declinare;
1142 292 187 131 quia
1259 292 187 131 enim
1376 292 187 131 ante
1492 292 233 131 oculos
1656 292 257 131 hominum
1819 292 117 131 se¬-

452 362 226 129 quendo
611 362 158 129 eam
701 362 362 129 apprehendere
995 362 158 129 non
1086 362 249 129 potest,
1267 362 226 129 studet
1425 362 317 129 plaerumque
1674 362 249 129 gloriam
1832 362 113 129 te¬-

446 443 192 98 nere
566 443 312 98 fugiendo.
806 443 192 98 Item
927 443 216 98 super
1071 443 216 98 illud
1215 443 168 98 Iob
1311 443 168 98 30.
1407 443 144 98 Et
1479 443 312 98 mandebant
1720 443 264 98 herbas,

450 488 172 125 &c.
549 488 221 125 dicit
696 488 221 125 Greg.
844 488 197 125 Iib.
967 488 172 125 20.
1065 488 246 125 Moral.
1237 488 197 125 Sunt
1360 488 320 125 nonnulli,
1606 488 172 125 qui
1704 488 172 125 cum
1778 488 172 125 huius

451 554 205 122 mundi
588 554 250 122 gloriam
769 554 250 122 eiusdem
951 554 205 122 mundi
1088 554 318 122 actionibus
1337 554 273 122 adipisci
1542 554 159 122 non
1633 554 273 122 possunt,
1815 554 136 122 spe¬-

464 641 181 99 ciem
577 641 339 99 sanctitatis
849 641 271 99 appetunt
1052 641 249 99 habitum
1233 641 384 99 venerationis,
1549 641 136 99 id
1617 641 158 99 est
1685 641 271 99 Religionis

457 690 316 130 assumunt,
700 690 340 130 imitatores
967 690 340 130 antiquorum
1234 690 243 130 Patrum
1404 690 243 130 videri
1574 690 413 130 concupiscunt,
1889 690 73 130 &

457 767 263 119 quaedam
648 767 239 119 quidem
815 767 215 119 parua
959 767 119 119 &
1007 767 263 119 leuiora
1198 767 311 119 peragunt,
1436 767 167 119 sed
1532 767 263 119 fortia,
1723 767 119 119 &
1771 767 191 119 quae
1866 767 96 119 ex

468 818 221 123 solius
623 818 310 123 charitatis
866 818 221 123 radice
1021 818 310 123 procedunt,
1264 818 243 123 imitari
1441 818 332 123 contemnunt.
1707 818 133 123 Et
1773 818 221 123 infra.

464 889 323 115 Plaerumque
718 889 208 115 tamen
857 889 115 115 &
903 889 254 115 quaedam
1087 889 208 115 quasi
1226 889 323 115 robustiora
1480 889 300 115 exercent,
1711 889 162 115 sed
1780 889 185 115 inten¬-

462 977 230 90 tionem
623 977 230 90 rectam
783 977 138 90 in
852 977 230 90 eisdem
1013 977 275 90 operibus
1220 977 161 90 non
1311 977 253 90 tenent.

563 1018 151 116 §.
638 1018 176 116 Non
739 1018 227 116 solum
890 1018 227 116 autem
1042 1018 176 116 per
1142 1018 302 116 virtutum
1369 1018 227 116 opera
1520 1018 302 116 consueta
1722 1018 252 116 simulant

471 1089 367 115 sanctitatem
764 1089 367 115 Simulatores
1058 1089 343 115 praedicti,
1327 1089 220 115 verum
1474 1089 220 115 etiam
1621 1089 122 115 &
1670 1089 147 115 in
1719 1089 245 115 virtutum

470 1154 322 116 operibus
712 1154 349 116 simulatis
980 1154 188 116 per
1088 1154 403 116 arrogantiam
1410 1154 134 116 &
1464 1154 376 116 desiderium
1732 1154 242 116 humanae

476 1217 262 116 laudis,
666 1217 214 116 miris
809 1217 404 116 inuentionibus
1142 1217 380 116 excrescendo;
1451 1217 214 116 nouas
1594 1217 285 116 scilicet
1784 1217 190 116 super¬-

466 1288 337 107 stitiones
725 1288 181 107 sub
829 1288 259 107 specie
1010 1288 363 107 Religionis
1295 1288 389 107 inueniendo,
1606 1288 155 107 vt
1658 1288 311 107 ostendetur

463 1346 292 133 plenius
676 1346 239 133 infra
835 1346 345 133 distinct.
1100 1346 159 133 4.
1180 1346 159 133 in
1259 1346 186 133 12.
1365 1346 265 133 signo.
1551 1346 212 133 Vnde
1684 1346 239 133 super
1816 1346 186 133 illud

481 1416 172 118 Iob
580 1416 147 118 8.
653 1416 221 118 Sicut
800 1416 196 118 tela
923 1416 343 118 Aranearum,
1193 1416 172 118 &c.
1291 1416 221 118 dicit
1438 1416 221 118 Greg.
1585 1416 196 118 Iib.
1708 1416 147 118 8.
1782 1416 245 118 Moral.

472 1505 322 92 Hycocritae,
729 1505 150 92 dum
815 1505 215 92 videri
965 1505 258 92 quotidie
1158 1505 300 92 semetipsos
1394 1505 258 92 altiores
1588 1505 236 92 cupiunt
1759 1505 193 92 miris
1867 1505 107 92 in¬-

482 1568 344 93 uentionibus
757 1568 138 93 in
826 1568 207 93 opere
964 1568 344 93 excrescunt.
1240 1568 184 93 Quia
1354 1568 207 93 sicnt
1492 1568 275 93 virtutes
1699 1568 184 93 omne
1790 1568 184 93 vitium

483 1636 301 96 eneruant,
714 1636 162 96 sic
807 1636 324 96 arrogantia
1061 1636 278 96 roborat;
1269 1636 208 96 cogit
1408 1636 185 96 enim
1524 1636 231 96 mentes
1662 1636 301 96 iuuenescere

494 1705 116 96 &
540 1705 209 96 supra
680 1705 209 96 vires
819 1705 256 96 valere;
1005 1705 186 96 quia
1122 1705 116 96 &
1168 1705 209 96 quodd
1308 1705 209 96 negat
1447 1705 209 96 vigor
1587 1705 372 96 valetudinis,
1866 1705 116 96 im¬-

495 1787 228 87 petrat
655 1787 183 87 amor
746 1787 206 87 laudis.

592 1826 158 107 §.
671 1826 394 107 Simulatores
986 1826 368 107 huiusmodi,
1275 1826 289 107 nouarum
1486 1826 473 107 superstitionum
1854 1826 131 107 in¬-

488 1903 284 89 uentores
701 1903 260 89 astuti,
890 1903 331 89 plaerumque
1150 1903 165 89 per
1245 1903 165 89 eas
1339 1903 142 89 in
1410 1903 331 89 sanctitate
1670 1903 236 89 famosi
1812 1903 165 89 esse¬-

497 1954 190 106 cti,
616 1954 237 106 facile
782 1954 213 106 siunt
924 1954 284 106 Rectores
1137 1954 261 106 populi,
1327 1954 166 106 qui
1421 1954 284 106 peccatis
1635 1954 190 106 suis
1729 1954 261 106 exigenti¬-

488 2025 172 100 bus
587 2025 270 100 meruere
783 2025 172 100 per
881 2025 172 100 eos
979 2025 270 100 seduci;
1175 2025 147 100 ad
1249 2025 245 100 instar
1420 2025 417 100 muliercularum
1739 2025 245 100 onerata¬-

487 2081 183 116 rum
592 2081 341 116 peccatis,
854 2081 210 116 quae
985 2081 288 116 propter
1194 2081 288 116 peccata
1404 2081 183 116 sua
1509 2081 288 116 meruere
1719 2081 288 116 seduci;
1902 2081 105 116 de

495 2161 261 103 quibus
678 2161 261 103 dictum
860 2161 183 103 est
965 2161 235 103 supra
1121 2161 235 103 dist.
1278 2161 157 103 1.
1356 2161 157 103 §.
1435 2161 209 103 Post
1565 2161 183 103 hec
1670 2161 261 103 autem.
1826 2161 157 103 Vnde

504 2233 184 94 Iob
609 2233 184 94 34.
714 2233 184 94 Qui
819 2233 289 94 regnare
1029 2233 236 94 facit
1187 2233 368 94 Hypocritam
1476 2233 289 94 propter
1686 2233 289 94 peccata
1870 2233 131 94 po¬

482 2330 151 82 puli¬-

570 2341 134 126 §.
637 2341 157 126 Sic
726 2341 179 126 ergo
838 2341 224 126 patet,
995 2341 269 126 qualiter
1196 2341 291 126 praedicti
1420 2341 313 126 Seductores
1666 2341 336 126 Hypocritae,
1912 2341 90 126 ad

500 2417 337 116 seducendum
765 2417 217 116 alios
910 2417 289 116 simulant
1126 2417 386 116 sanctitatem;
1440 2417 169 116 non
1536 2417 217 116 solum
1681 2417 265 116 blandis
1849 2417 145 116 ver¬-

512 2481 174 116 bis
612 2481 124 116 &
661 2481 273 116 moribus
860 2481 298 116 simulate
1084 2481 373 116 compositis,
1382 2481 124 116 &
1432 2481 248 116 habitu
1605 2481 373 116 Religionis;
1879 2481 124 116 sed

509 2560 233 101 etiam
664 2560 310 101 virtutum
897 2560 310 101 operibus
1130 2560 362 101 simulatis.
1414 2560 155 101 Ex
1492 2560 207 101 omni
1621 2560 207 101 enim
1750 2560 233 101 parte
1880 2560 129 101 si¬-

510 2618 254 114 mulant
687 2618 406 114 sanctitatem;
1018 2618 178 114 cum
1119 2618 229 114 tamen
1272 2618 229 114 intus
1424 2618 254 114 omnino
1602 2618 203 114 sint
1729 2618 229 114 vacui
1856 2618 152 114 san¬-

509 2698 324 99 ctitate.
752 2698 216 99 Vnde
887 2698 162 99 in
967 2698 243 99 libro
1129 2698 162 99 De
1210 2698 270 99 dictis
1399 2698 404 99 Modernorum.
1722 2698 162 99 Se
1803 2698 162 99 in
1857 2698 162 99 toto
