2592 3508
1026 1259 307 98 VARPA
1230 1259 579 98 DISTINGPIGNE.
1707 1259 204 98 Ad
1775 1259 273 98 qprub¬-

1034 1335 190 77 pter
1153 1335 166 77 ea,
1248 1335 190 77 quae
1367 1335 214 77 dicta
1509 1335 190 77 sunt
1628 1335 142 77 de
1675 1335 380 77 simulationibus

1032 1402 709 82 Pseudo-Prarelicatorum,
1659 1402 136 82 &
1686 1402 382 82 Penetrantium

1049 1466 253 91 domos,
1226 1466 126 91 &
1276 1466 303 91 aliorum.
1503 1466 404 91 Hypocritaruu
1832 1466 152 91 si
1907 1466 202 91 pos¬

1048 1538 179 80 sent
1159 1538 179 80 veri
1271 1538 379 80 Praedicacore;
1583 1538 268 80 Christis
1784 1538 134 80 ac
1851 1538 179 80 veli
1940 1538 112 80 Re¬-

1042 1603 255 92 ligiosi
1227 1603 232 92 (quocl
1389 1603 116 92 ;
1436 1603 232 92 absit)
1598 1603 139 92 in
1644 1603 417 92 aliquoenisnilarm

1035 1673 352 82 suspicionem
1316 1673 141 82 ad
1387 1673 211 82 duci;
1528 1673 352 82 praefertin;
1810 1673 235 82 adliim
1951 1673 117 82 dii

534 1745 284 74 dactores
747 1745 308 74 praedicti
984 1745 450 74 vranssigurantes
1363 1745 142 74 se
1434 1745 142 74 in
1505 1745 308 74 Apostelus
1742 1745 166 74 Clr
1813 1745 237 74 istisae;

537 1810 282 90 Corineh.
748 1810 165 90 VI.
842 1810 282 90 simulent
1054 1810 141 90 se
1124 1810 235 90 mistos
1289 1810 188 90 esse
1406 1810 118 90 a
1453 1810 188 90 Deo,
1571 1810 141 90 ad
1641 1810 400 90 pirocurandudm
1947 1810 118 90 sal

541 1867 222 68 lutem
690 1867 321 68 animarum,
937 1867 124 68 &
986 1867 371 68 supplerdums
1283 1867 494 68 fiegligentiauis,
1703 1867 173 68 vel
1802 1867 297 68 impotcn¬

544 1940 200 73 tium,
677 1940 155 73 vel
766 1940 333 73 ignorantiam
1032 1940 400 73 Praelatorurss,
1366 1940 133 73 vt
1432 1940 222 73 dictum
1588 1940 155 73 est
1676 1940 222 73 suprat
1832 1940 200 73 diste
1965 1940 133 73 3.

539 2011 131 60 §.
605 2011 153 60 Sic
692 2011 174 60 eigo
801 2011 218 60 patet,
954 2011 174 60 quod
1063 2011 262 60 Pselido;
1259 2011 240 60 idcireo
1433 2011 284 60 assighari
1652 2011 240 60 oportet
1826 2011 218 60 alique
1957 2011 109 60 si¬-

541 2074 172 88 gna
640 2074 270 88 Diuinae
836 2074 123 88 &
886 2074 320 88 Canonieae
1132 2074 369 88 Scripturae,
1427 2074 172 88 per
1525 2074 221 88 quae;
1673 2074 172 88 seu
1771 2074 172 88 per
1845 2074 221 88 quiorum

542 2139 393 64 collectionem
862 2139 270 64 possint
1059 2139 246 64 Pseudo
1231 2139 344 64 -Apostolis
1501 2139 172 64 seu
1575 2139 492 64 Pseudo-Praedicutu¬-

548 2203 166 78 res
643 2203 118 78 a
690 2203 237 78 vveris
856 2203 332 78 Apostolis,
1117 2203 166 78 sdu
1211 2203 213 78 veris
1354 2203 450 78 Praedicatoribus
1709 2203 355 78 compoleritetr

543 2266 326 76 discerni;
793 2266 150 76 vt
869 2266 150 76 in
944 2266 251 76 quibus
1119 2266 225 76 sieta
1269 2266 426 76 Apostoloruim,
1620 2266 301 76 vebliguu
1821 2266 251 76 catratia

545 2341 214 87 veris
688 2341 332 87 Aipostolis
949 2341 356 87 apparebulit
1234 2341 261 87 ssaltem
1424 2341 142 87 si
1495 2341 142 87 de
1566 2341 261 87 iptorum
1756 2341 356 87 Apostolati,

555 2396 164 88 seu
648 2396 281 88 canoniea
859 2396 328 88 mislsibure
1116 2396 187 88 nori
1234 2396 375 88 constiterity
1538 2396 258 88 Pseudos
1725 2396 304 88 Apostoli;
1936 2396 117 88 aut

568 2465 240 115 Pseuedo
743 2465 371 115 Praedicarores
1048 2465 240 115 certsum
1222 2465 240 115 possint
1396 2465 305 115 inculligis
1636 2465 327 115 vellaltetus
1898 2465 131 115 vt
1941 2465 131 115 cea¬-

559 2538 236 83 ieatur
725 2538 260 83 abieis,
914 2538 284 83 suspecti
1103 2538 260 83 habeti;;¬-

601 2603 146 75 §.
674 2603 292 75 Notandum
893 2603 244 75 autem,
1064 2603 195 75 quod
1186 2603 219 75 licet
1332 2603 195 75 tres
1454 2603 219 75 modos
1600 2603 292 75 taiustum
1795 2603 268 75 pslsigna¬-

553 2668 299 97 derituus;
783 2668 230 97 quibus
944 2668 253 97 aliquis
1128 2668 345 97 Praedicator
1403 2668 253 97 Pseiido
1587 2668 184 97 dici
1702 2668 230 97 pocest
1840 2668 230 97 crideli¬
