2592 3508
507 138 146 124 in
580 138 220 124 dolo,
726 138 146 124 od
799 138 317 124 faliendum
1043 138 146 124 ee
1117 138 342 124 seducendum
1385 138 293 124 suboosto
1605 138 122 124 t
1654 138 195 124 qlie
1776 138 195 124 ioir
1873 138 171 124 insei

503 235 242 111 ciendo
672 235 291 111 seilicat
890 235 170 111 eos
987 235 218 111 sibi;
1133 235 121 111 &
1181 235 121 111 I
1230 235 315 111 Praelatis
1472 235 266 111 ntopris
1666 235 170 111 que
1763 235 266 111 tunice,
1932 235 97 111 vi

508 305 269 92 ostensum
709 305 157 92 est
799 305 202 92 supra
934 305 202 92 dist.
1068 305 135 92 1.
1136 305 135 92 §.
1203 305 224 92 Quidam
1360 305 202 92 autoi
1472 305 269 92 Sanoniulis

563 375 160 86 §.
643 375 293 86 Quartum
857 375 267 86 Signum
1043 375 267 86 potest
1230 375 240 86 esse,
1390 375 213 86 Quod
1523 375 213 86 veri
1630 375 400 86 Praelitatores

506 451 175 82 non
606 451 324 82 penetrent
855 451 250 82 domos,
1030 451 274 82 rimando
1230 451 299 82 seilitet
1454 451 349 82 proepticet
1729 451 250 82 iua,tu
1878 451 150 82 nni¬-

498 522 333 78 scientias
754 522 307 78 hominum,
985 522 154 78 ad
1061 522 230 78 eorum
1215 522 307 78 regintes
1445 522 384 78 inlipeturse
1752 522 256 78 ssiiut
1906 522 128 78 rut

496 570 167 89 per
592 570 167 89 hoc
687 570 167 89 eos
783 570 287 89 redigant
998 570 167 89 ins
1094 570 191 89 suam
1214 570 359 89 potestatem,
1501 570 215 89 quasi
1644 570 144 89 va
1716 570 239 89 priuus
1860 570 167 89 Hloe¬-

505 656 193 68 enim
626 656 290 68 reprobat
843 656 338 68 Apostolus,
1108 656 265 68 tamquam
1301 656 314 68 Ecclesiae
1542 656 314 68 pericolos
1784 656 193 68 itum
1904 656 169 68 3I.

512 706 242 100 Timoth.
688 706 132 100 3.
754 706 132 100 vt
820 706 264 100 ostensum
1019 706 154 100 est
1107 706 198 100 supra
1239 706 198 100 dist.
1371 706 132 100 I.
1437 706 132 100 §.
1503 706 176 100 Post
1613 706 264 100 hecuutam
1790 706 242 100 llicenuas

495 766 208 117 dum.
625 766 286 117 Marime,
833 766 156 117 si
910 766 312 117 postquam
1144 766 260 117 rimati
1326 766 286 117 fuerint
1534 766 312 117 hominunl
1767 766 312 117 septera,

498 849 287 73 reuelent
713 849 239 73 aliis,
881 849 191 73 quae
1000 849 335 73 occultanda
1264 849 287 73 nouerunt
1479 849 191 73 iict
1598 849 144 73 si
1670 849 191 73 enim
1766 849 263 73 eliquorum

498 922 276 73 fecreta
699 922 301 73 nouerint
924 922 201 73 veri
1050 922 326 73 Apostoli,
1301 922 176 73 non
1401 922 226 73 tamen
1551 922 351 73 reuelaptea
1802 922 226 73 homini¬-

505 971 194 83 bus,
626 971 170 83 qui
723 971 243 83 obesse
893 971 291 83 valeant,
1112 971 170 83 non
1209 971 316 83 prodesse.
1452 971 219 83 Iuxta
1598 971 243 83 illiid
1768 971 267 83 Ecclese
1938 971 97 83 ag

522 1045 163 104 Qui
615 1045 255 104 denudat
800 1045 232 104 arcana
963 1045 232 104 Amici,
1125 1045 209 104 fidem
1265 1045 255 104 perdit.
1451 1045 139 104 Et
1520 1045 139 104 in
1590 1045 186 104 enu.
1706 1045 186 104 capi
1799 1045 232 104 Denidui¬-

508 1114 136 82 re
576 1114 204 82 Amici
713 1114 295 82 mosteria,
940 1114 159 82 des
1031 1114 250 82 peratio
1212 1114 159 82 est
1303 1114 204 82 anima
1439 1114 341 82 infaelicis.
1712 1114 227 82 Pseudo
1871 1114 204 82 vere,

509 1182 165 96 per
604 1182 188 96 quos
721 1182 306 96 instabunt
957 1182 259 96 tempora
1145 1182 353 96 periculosa,
1428 1182 283 96 reuelant
1640 1182 259 96 aliorum
1805 1182 212 96 secreta

518 1236 191 101 Vnde
638 1236 144 101 2.
710 1236 263 101 Timoth.
901 1236 144 101 3.
973 1236 287 101 appellat
1188 1236 168 101 eos
1284 1236 311 101 Apostolus
1523 1236 359 101 Proditores;
1787 1236 239 101 Glossas.

520 1297 310 105 secretorum
763 1297 288 105 alterius;
984 1297 155 105 dum
1073 1297 265 105 reuelant
1272 1297 265 105 inimicis
1471 1297 243 105 piorum;
1648 1297 177 105 quae
1736 1297 288 105 eccultandia

502 1385 329 97 nouerunt.
755 1385 152 97 Si
830 1385 177 97 qui
932 1385 202 97 ergo
1058 1385 430 97 Praedicatores
1412 1385 177 97 (de
1513 1385 253 97 quorum
1665 1385 354 97 canonicamis¬-

490 1444 247 88 sione,
663 1444 173 88 seu
762 1444 322 88 vocatione
1010 1444 173 88 non
1109 1444 297 88 constet)
1331 1444 247 88 talia,
1505 1444 173 88 non
1603 1444 247 88 semel,
1777 1444 173 88 vel
1851 1444 173 88 raros

495 1510 169 75 sed
592 1510 363 75 frequenter,
882 1510 121 75 &
930 1510 218 75 quasi
1075 1510 242 75 exmore
1244 1510 290 75 faciant;
1462 1510 169 75 non
1559 1510 290 75 videntur
1776 1510 193 75 esse
1873 1510 145 75 ver¬-

507 1562 146 83 ri
580 1562 317 83 Apostoli,
824 1562 171 83 sed
921 1562 268 83 Pseudo,
1117 1562 171 83 I¬¬
1190 1562 73 83 E

539 1626 158 111 §.
618 1626 289 111 Quintum
828 1626 263 111 Signum
1011 1626 263 111 potest
1195 1626 236 111 esse;
1353 1626 210 111 Quod
1484 1626 289 111 Pseudo,
1694 1626 184 111 cum
1773 1626 236 111 segiti¬-

498 1711 179 69 mam
601 1711 383 69 potestatem;
907 1711 179 69 seu
1009 1711 408 69 authoritatem
1341 1711 383 69 praedicandi
1647 1711 179 69 vel
1723 1711 281 69 animarum;

493 1780 284 70 regimen
700 1780 336 70 exercendi
958 1780 181 70 non
1061 1780 310 70 habeant,
1294 1780 155 70 eo
1371 1780 207 70 quod
1500 1780 232 70 missi
1655 1780 310 70 canonice
1862 1780 155 70 noni

498 1843 320 84 existant;
744 1843 148 84 vt
818 1843 221 84 tamen
966 1843 295 84 dominari
1187 1843 271 84 valeant
1384 1843 295 84 plebibus
1605 1843 295 84 alienis,
1802 1843 197 84 dictam

496 1913 342 87 potestatem
764 1913 147 87 in
838 1913 293 87 subditos
1057 1913 269 87 alienos
1253 1913 195 87 sibi
1375 1913 318 87 vsurpant.
1619 1913 147 87 Et
1692 1913 147 87 vt
1766 1913 220 87 magis
1888 1913 122 87 eis

490 1969 325 81 credatur,
740 1969 225 81 nomen
891 1969 200 81 sibi
1016 1969 376 81 authenticum
1316 1969 376 81 arrogantes,
1616 1969 250 81 nomini
1792 1969 175 81 suo
1867 1969 150 81 verm

496 2042 239 87 dicant
664 2042 383 87 authoritatem
974 2042 239 87 (orsan
1142 2042 359 87 appellantes
1429 2042 144 87 se
1501 2042 407 87 Praedicatores
1836 2042 120 87 s
1859 2042 144 87 seli

509 2104 424 83 opitulationes.
863 2104 283 83 Ecclesie
1075 2104 330 83 generales)
1334 2104 141 83 vt
1405 2104 377 83 authoritatem
1688 2104 306 83 praedicari;

494 2167 174 94 di,
594 2167 174 94 vel
693 2167 249 94 aliter
867 2167 299 94 animarum
1091 2167 274 94 regimen
1290 2167 348 94 oxercendi,
1564 2167 323 94 videantur
1788 2167 224 94 haberes

492 2242 172 94 cum
591 2242 221 94 tamen
738 2242 369 94 Praedicator
1033 2242 221 94 nomen
1180 2242 172 94 sit
1279 2242 221 94 actus
1426 2242 172 94 non
1525 2242 369 94 dignitatis,
1819 2242 172 94 vel
1893 2242 123 94 po¬-

492 2306 302 102 testatis;
724 2306 302 102 Apostolus
957 2306 209 102 autem
1097 2306 209 102 nomen
1236 2306 163 102 sit
1329 2306 349 102 dignitatis,
1608 2306 163 102 vel
1702 2306 349 102 potestatis;

485 2373 138 78 vt
554 2373 207 78 dicit
692 2373 230 78 Glossa
853 2373 207 78 super
990 2373 207 78 illud
1128 2373 138 78 I.
1197 2373 253 78 Timoth.
1381 2373 138 78 2.
1450 2373 138 78 In
1519 2373 184 78 quos
1633 2373 253 78 positus
1817 2373 161 78 sum
1886 2373 115 78 ago

488 2435 405 92 Praedicator,
817 2435 127 92 &
867 2435 354 92 Apostolus.
1146 2435 430 92 Opitulationes
1500 2435 202 92 vero
1626 2435 202 92 sum,
1753 2435 177 92 non
1829 2435 177 92 qutac

489 2493 296 117 ferendum
712 2493 198 117 opem
835 2493 321 117 Praelatis
1082 2493 371 117 Ecclesiarum
1379 2493 148 117 se
1453 2493 321 117 ingerunt;
1700 2493 272 117 seeiqui
1873 2493 124 117 per

484 2566 421 108 ordinationem.
831 2566 347 108 Ecclesiae,
1103 2566 149 108 vt
1178 2566 421 108 Archidiaconi;
1524 2566 173 108 aut
1624 2566 173 108 per
1698 2566 297 108 delegatio¬-

483 2641 197 76 nem
595 2641 309 76 Maiorum
820 2641 169 76 ad
904 2641 337 76 ferendum
1157 2641 225 76 opem
1298 2641 365 76 Maioribus
1579 2641 337 76 canonice
1803 2641 197 76 ordis

494 2707 181 105 nati
608 2707 295 105 existunt,
834 2707 136 105 vt
902 2707 272 105 ostensum
1106 2707 159 105 est
1197 2707 204 105 supra
1333 2707 204 105 dist.
1469 2707 136 105 1.
1537 2707 136 105 §.
1605 2707 249 105 Quoniam
1786 2707 249 105 igitur;
1944 2707 91 105 ve
