2592 3508
446 134 240 78 dictum
614 134 192 78 est.
734 134 192 78 Hoch
855 134 216 78 autem
999 134 168 78 non
1095 134 288 78 faciunt,
1311 134 144 78 id
1383 134 168 78 est
1479 134 336 78 potestatem
1744 134 168 78 non
1816 134 120 78 si¬-

449 193 148 68 bi
523 193 295 68 vsurpant
745 193 197 68 veri
868 193 320 68 Apostoli.
1114 193 197 68 Vnde
1237 193 221 68 super
1384 193 221 68 illud
1532 193 148 68 2.
1606 193 295 68 Corinth.
1827 193 172 68 10.

455 258 174 68 Non
555 258 199 68 enim
679 258 274 68 audemus
878 258 174 68 nos
978 258 324 68 inserere,
1227 258 174 68 aut
1327 258 324 68 comparare
1576 258 349 68 quibusdam,
1825 258 124 68 qui

463 324 255 64 serpsos
648 324 348 64 commendant,
926 324 209 64 dicit
1065 324 255 64 Glossa.
1251 324 185 64 Quia
1367 324 162 64 non
1459 324 209 64 sumus
1598 324 209 64 sicut
1737 324 255 64 Pseudo,

478 402 134 72 vt
545 402 313 72 potestatem
791 402 313 72 vsorpemus,
1036 402 156 72 sed
1126 402 112 72 a
1171 402 224 72 Domino
1327 402 224 72 electi
1484 402 313 72 accepimus,
1729 402 201 72 nihil
1841 402 112 72 vl¬-

470 458 157 66 tra
559 458 291 66 concessum
783 458 381 66 praesumentes.
1096 458 179 66 Illi
1208 458 201 66 autem
1343 458 157 66 non
1432 458 246 66 accepta
1611 458 313 66 potestate,
1835 458 112 66 sed

480 523 276 70 vsurpata
687 523 276 70 dominari
894 523 253 70 volunt,
1078 523 230 70 nomini
1239 523 161 70 suo
1331 523 345 70 vendicantes
1607 523 391 70 authoritatem.

478 594 188 84 Veri
595 594 188 84 ergo
712 594 305 84 Apostoli,
947 594 164 84 non
1041 594 188 84 nisi
1158 594 141 84 in
1229 594 235 84 Domino
1393 594 282 84 gloriari
1604 594 305 84 volentes,
1815 594 141 84 iux¬-

475 654 129 86 ta
539 654 193 86 illud
668 654 129 86 2.
732 654 258 86 Corinth.
925 654 150 86 19.
1011 654 150 86 Qui
1097 654 301 86 gloriatur,
1333 654 129 86 in
1398 654 215 86 Domino
1548 654 301 86 glorietur,
1784 654 215 86 Gloss.

464 721 161 74 Qui
556 721 322 74 patestatem
809 721 184 74 vult
923 721 299 74 exercere,
1153 721 276 74 exerceat
1360 721 161 74 eam
1452 721 138 74 in
1521 721 253 74 mensura
1704 721 184 74 sibi
1819 721 115 74 a
1842 721 115 74 Deo

473 786 220 96 data;
619 786 293 96 mensuram
839 786 195 96 sibi
961 786 122 96 a
1010 786 171 96 Deo
1107 786 220 96 datam
1254 786 171 96 non
1352 786 317 96 excedunt,
1596 786 171 96 sed
1669 786 293 96 diligenter

471 850 327 65 obseruant;
727 850 163 65 non
821 850 327 65 exercentes
1078 850 280 65 scilicet
1288 850 327 65 potestatem
1545 850 140 65 in
1615 850 280 65 subditos
1802 850 163 65 alie¬-

467 915 206 74 nos.
596 915 206 74 Vnde
724 915 154 74 2.
802 915 309 74 Corinth.
1033 915 180 74 10.
1136 915 154 74 vt
1213 915 309 74 ostendat
1445 915 334 74 Apostolus
1676 915 283 74 differen¬-

472 1000 214 52 tiam
606 1000 294 52 verorum
820 1000 401 52 Apostolorum
1141 1000 161 52 ad
1222 1000 268 52 Pseudo
1409 1000 268 52 dicit.
1596 1000 187 52 Nos
1703 1000 241 52 autem
1837 1000 134 52 non

490 1069 344 67 gloriabimur
765 1069 138 67 in
834 1069 298 67 immensum.
1064 1069 206 67 Glos.
1201 1069 138 67 Id
1270 1069 161 67 est
1362 1069 161 67 non
1453 1069 344 67 exercebimus
1706 1069 275 67 potestatem

494 1131 231 65 vltra
649 1131 309 65 mensuram
880 1131 309 65 nostram;
1112 1131 180 65 SED
1214 1131 386 65 gloriabimur
1523 1131 309 65 secundum
1729 1131 257 65 mersuram

477 1197 244 62 regula,
654 1197 155 62 qua
743 1197 222 62 mensus
898 1197 155 62 est
987 1197 200 62 nobis
1120 1197 200 62 Deus.
1253 1197 222 62 Gloss.
1408 1197 133 62 Id
1475 1197 155 62 est
1564 1197 266 62 secundum
1741 1197 222 62 mensura¬-

487 1243 156 74 tum
576 1243 178 74 mihi
687 1243 111 74 a
732 1243 156 74 Deo
821 1243 267 74 populum,
1021 1243 200 74 cuius
1154 1243 156 74 ego
1244 1243 156 74 sum
1333 1243 223 74 regula
1488 1243 134 74 ad
1555 1243 334 74 dirigendum.
1822 1243 134 74 Et
1889 1243 134 74 2.

482 1322 254 76 Corinh.
666 1322 161 76 10.
759 1322 207 76 dicit
897 1322 323 76 Apostolus.
1150 1322 161 76 Non
1243 1322 277 76 habentes
1450 1322 184 76 spem
1565 1322 277 76 gloriari
1773 1322 138 76 in
1819 1322 161 76 alie¬-

487 1381 139 78 na
556 1381 254 78 regula.
741 1381 139 78 Id
811 1381 162 78 est
903 1381 162 78 Non
996 1381 278 78 Speramus
1204 1381 278 78 exercere
1412 1381 324 78 potestatem
1666 1381 139 78 in
1736 1381 231 78 illis,
1874 1381 116 78 qui

494 1444 182 71 sunt
608 1444 136 71 de
676 1444 272 71 regimine
880 1444 250 71 alieno.
1062 1444 182 71 Vnde
1175 1444 227 71 Glossa
1334 1444 182 71 ibi.
1447 1444 159 71 Nec
1538 1444 204 71 illi,
1674 1444 159 71 qui
1765 1444 204 71 vltra
1879 1444 113 71 vos

495 1507 221 66 sunt,
642 1507 147 66 de
715 1507 245 66 alieno
887 1507 294 66 regimine
1107 1507 221 66 sunt.
1254 1507 196 66 Vnde
1377 1507 270 66 regulam
1573 1507 270 66 alienam
1744 1507 245 66 appellat

487 1578 224 66 illos,
643 1578 157 66 qui
733 1578 134 66 de
800 1578 269 66 alterius
1001 1578 224 66 regime
1158 1578 201 66 sunt.
1292 1578 269 66 Sequitur
1494 1578 134 66 in
1561 1578 246 66 Glossa.
1740 1578 224 66 Deinde
1874 1578 112 66 ex¬-

487 1643 220 82 ponit,
641 1643 154 82 qui
729 1643 242 82 dixerit
906 1643 132 82 IN
972 1643 220 82 ALIENA
1126 1643 242 82 RECVLA;
1303 1643 265 82 scilicet
1501 1643 132 82 In
1567 1643 154 82 hus
1655 1643 176 82 quae
1744 1643 242 82 praepara¬-

498 1707 134 64 ta
565 1707 201 64 sunt.
698 1707 245 64 Glossa.
877 1707 134 64 Ab
943 1707 201 64 aliis
1077 1707 446 64 Praedicatoribis;
1456 1707 178 64 quia
1568 1707 156 64 his
1657 1707 334 64 praedicabat
1902 1707 89 64 A¬-

491 1777 293 81 postolus,
716 1777 225 81 quibus
873 1777 158 81 non
963 1777 180 81 erat
1076 1777 360 81 annunciatum,
1368 1777 135 81 vt
1436 1777 270 81 gloriam,
1638 1777 270 81 scilicet
1818 1777 180 81 aeter¬-

495 1842 199 67 nam,
619 1842 174 67 suo
719 1842 248 67 labore
893 1842 348 67 quaereret.
1166 1842 273 67 Regulam
1365 1842 199 67 ergo
1489 1842 273 67 alienam
1688 1842 298 67 appellat
1887 1842 99 67 A¬-

515 1924 270 65 postolus
717 1924 225 65 illos,
874 1924 157 65 qui
964 1924 202 65 erant
1099 1924 135 65 de
1167 1924 270 65 alterius
1369 1924 292 65 regimine.
1594 1924 135 65 Si
1662 1924 157 65 qui
1752 1924 180 65 ergo
1842 1924 157 65 Prae¬-

493 1979 364 66 dicatores
773 1979 196 66 (de
885 1979 280 66 quorum
1080 1979 336 66 canonica
1332 1979 364 66 missione,
1612 1979 196 66 seu
1695 1979 308 66 vocatione

502 2042 195 65 non
613 2042 334 65 constet)
864 2042 167 65 ex
947 2042 223 65 more
1087 2042 278 65 nomini
1281 2042 223 65 suo,
1421 2042 362 65 vendicent
1671 2042 334 65 authorita¬-

498 2104 154 85 tem
586 2104 132 85 Ct
652 2104 132 85 si
718 2104 198 85 forte
850 2104 396 85 Praedicatores,
1180 2104 154 85 vel
1269 2104 374 85 opitulationes
1577 2104 264 85 Ecctrsie
1775 2104 132 85 se
1819 2104 176 85 appel¬-

501 2176 213 63 lent,
644 2176 142 63 vt
715 2176 237 63 dictum
881 2176 190 63 est)
999 2176 119 63 &
1047 2176 142 63 ex
1118 2176 142 63 eo
1189 2176 332 63 potestatem
1450 2176 379 63 praedicandi;
1758 2176 166 63 vel
1829 2176 166 63 aliud

493 2233 308 72 animarum
724 2233 282 72 regimen
929 2233 334 72 exercendi
1186 2233 205 72 sibi
1314 2233 308 72 vsurpent
1545 2233 154 72 in
1622 2233 308 72 lubditos
1827 2233 180 72 alie¬-

494 2323 191 70 nos;
614 2323 168 70 non
709 2323 287 70 videntur
925 2323 191 70 esse
1045 2323 191 70 verr
1164 2323 311 70 Apostoli;
1404 2323 168 70 sed
1499 2323 431 70 suspectipotius
1834 2323 168 70 hube¬-

500 2370 146 89 ri
573 2370 292 89 possunt;
792 2370 146 89 ne
865 2370 195 89 sint
963 2370 219 89 Pseudo¬-

569 2449 154 69 §.
646 2449 256 69 Sextum
826 2449 256 69 Signum
1005 2449 256 69 potest
1184 2449 231 69 esse;
1338 2449 205 69 Quod
1466 2449 205 69 veri
1594 2449 461 69 Praedicatores,

501 2521 337 75 priusquam
760 2521 363 75 potestatem
1045 2521 466 75 Ecclesiasticam
1434 2521 207 75 sibi
1563 2521 259 75 aliquo
1745 2521 207 75 modo
1849 2521 155 75 com¬-

498 2593 229 59 missam
659 2593 321 59 exerceant,
911 2593 138 59 an
979 2593 183 59 sint
1094 2593 115 59 a
1140 2593 183 59 Deo,
1255 2593 160 59 vel
1346 2593 138 59 ab
1415 2593 275 59 Ecclesia
1621 2593 206 59 recte
1759 2593 229 59 missi;
1896 2593 115 59 seu

499 2656 220 67 recte
645 2656 269 67 vocati,
841 2656 343 67 diligenter
1110 2656 343 67 attendunt;
1380 2656 171 67 quo
1478 2656 392 67 considerato,
1771 2656 245 67 terminos
