<?xml version="1.0" encoding="UTF-8"?>
<alto xmlns:xsi="http://www.w3.org/2001/XMLSchema-instance"
      xmlns="http://www.loc.gov/standards/alto/ns-v4#"
      xmlns:page="http://schema.primaresearch.org/PAGE/gts/pagecontent/2013-07-15"
      xsi:schemaLocation="http://www.loc.gov/standards/alto/ns-v4# https://www.loc.gov/standards/alto/v4/alto.xsd">
   <Description>
      <MeasurementUnit>pixel</MeasurementUnit>
      <OCRProcessing ID="IdOcr">
         <ocrProcessingStep>
            <processingDateTime>2021-04-28T07:31:38.585-04:00</processingDateTime>
            <processingSoftware>
               <softwareCreator>READ COOP</softwareCreator>
               <softwareName>Transkribus</softwareName>
            </processingSoftware>
         </ocrProcessingStep>
      </OCRProcessing>
   </Description>
   <Tags/>
   <Layout>
      <Page ID="Page1" PHYSICAL_IMG_NR="1" HEIGHT="3508" WIDTH="2592">
         <TopMargin HEIGHT="0" WIDTH="2592" VPOS="0" HPOS="0"/>
         <LeftMargin HEIGHT="3508" WIDTH="0" VPOS="0" HPOS="0"/>
         <RightMargin HEIGHT="3508" WIDTH="0" VPOS="0" HPOS="2592"/>
         <BottomMargin HEIGHT="0" WIDTH="2592" VPOS="3508" HPOS="0"/>
         <PrintSpace HEIGHT="3508" WIDTH="2592" VPOS="0" HPOS="0">
            <TextBlock ID="r2" HEIGHT="2665" WIDTH="1515" VPOS="110" HPOS="467">
               <Shape>
                  <Polygon POINTS="467,110 467,2775 1982,2775 1982,110"/>
               </Shape>
               <TextLine ID="r2l3"
                         BASELINE="470,225 543,227 617,227 691,227 765,227 839,227 913,227 986,227 1060,226 1134,225 1208,225 1282,225 1356,224 1430,224 1503,224 1577,222 1651,222 1725,221 1799,221 1873,219 1947,219"
                         HEIGHT="103"
                         WIDTH="1496"
                         VPOS="154"
                         HPOS="461">
                  <String HEIGHT="103"
                          WIDTH="166"
                          VPOS="154"
                          HPOS="437"
                          CONTENT="Non"/>
                  <SP HEIGHT="103" WIDTH="24" VPOS="154" HPOS="603"/>
                  <String HEIGHT="103"
                          WIDTH="190"
                          VPOS="154"
                          HPOS="532"
                          CONTENT="quod"/>
                  <SP HEIGHT="103" WIDTH="24" VPOS="154" HPOS="722"/>
                  <String HEIGHT="103"
                          WIDTH="166"
                          VPOS="154"
                          HPOS="651"
                          CONTENT="hoc"/>
                  <SP HEIGHT="103" WIDTH="24" VPOS="154" HPOS="817"/>
                  <String HEIGHT="103"
                          WIDTH="166"
                          VPOS="154"
                          HPOS="746"
                          CONTENT="non"/>
                  <SP HEIGHT="103" WIDTH="24" VPOS="154" HPOS="912"/>
                  <String HEIGHT="103"
                          WIDTH="285"
                          VPOS="154"
                          HPOS="841"
                          CONTENT="facerem,"/>
                  <SP HEIGHT="103" WIDTH="24" VPOS="154" HPOS="1126"/>
                  <String HEIGHT="103"
                          WIDTH="142"
                          VPOS="154"
                          HPOS="1055"
                          CONTENT="si"/>
                  <SP HEIGHT="103" WIDTH="24" VPOS="154" HPOS="1197"/>
                  <String HEIGHT="103"
                          WIDTH="380"
                          VPOS="154"
                          HPOS="1126"
                          CONTENT="contigisset,"/>
                  <SP HEIGHT="103" WIDTH="24" VPOS="154" HPOS="1506"/>
                  <String HEIGHT="103"
                          WIDTH="237"
                          VPOS="154"
                          HPOS="1435"
                          CONTENT="statim"/>
                  <SP HEIGHT="103" WIDTH="24" VPOS="154" HPOS="1672"/>
                  <String HEIGHT="103"
                          WIDTH="332"
                          VPOS="154"
                          HPOS="1601"
                          CONTENT="subiungit,"/>
                  <SP HEIGHT="103" WIDTH="24" VPOS="154" HPOS="1933"/>
                  <String HEIGHT="103"
                          WIDTH="119"
                          VPOS="154"
                          HPOS="1838"
                          CONTENT="Sed"/>
               </TextLine>
               <TextLine ID="r2l4"
                         BASELINE="467,293 540,293 614,293 688,293 761,293 835,293 909,293 982,293 1056,293 1130,292 1204,291 1277,291 1351,291 1425,290 1498,290 1572,288 1646,288 1719,287 1793,285 1867,284 1941,282"
                         HEIGHT="57"
                         WIDTH="1492"
                         VPOS="258"
                         HPOS="458">
                  <String HEIGHT="57"
                          WIDTH="256"
                          VPOS="258"
                          HPOS="435"
                          CONTENT="malebam"/>
                  <SP HEIGHT="57" WIDTH="23" VPOS="258" HPOS="691"/>
                  <String HEIGHT="57"
                          WIDTH="233"
                          VPOS="258"
                          HPOS="621"
                          CONTENT="iacere"/>
                  <SP HEIGHT="57" WIDTH="23" VPOS="258" HPOS="854"/>
                  <String HEIGHT="57"
                          WIDTH="350"
                          VPOS="258"
                          HPOS="784"
                          CONTENT="sundamentum"/>
                  <SP HEIGHT="57" WIDTH="23" VPOS="258" HPOS="1134"/>
                  <String HEIGHT="57"
                          WIDTH="233"
                          VPOS="258"
                          HPOS="1064"
                          CONTENT="fidei,"/>
                  <SP HEIGHT="57" WIDTH="23" VPOS="258" HPOS="1297"/>
                  <String HEIGHT="57"
                          WIDTH="163"
                          VPOS="258"
                          HPOS="1227"
                          CONTENT="vbi"/>
                  <SP HEIGHT="57" WIDTH="23" VPOS="258" HPOS="1391"/>
                  <String HEIGHT="57"
                          WIDTH="163"
                          VPOS="258"
                          HPOS="1321"
                          CONTENT="non"/>
                  <SP HEIGHT="57" WIDTH="23" VPOS="258" HPOS="1484"/>
                  <String HEIGHT="57"
                          WIDTH="210"
                          VPOS="258"
                          HPOS="1414"
                          CONTENT="erat,"/>
                  <SP HEIGHT="57" WIDTH="23" VPOS="258" HPOS="1624"/>
                  <String HEIGHT="57"
                          WIDTH="187"
                          VPOS="258"
                          HPOS="1554"
                          CONTENT="quam"/>
                  <SP HEIGHT="57" WIDTH="23" VPOS="258" HPOS="1740"/>
                  <String HEIGHT="57"
                          WIDTH="210"
                          VPOS="258"
                          HPOS="1670"
                          CONTENT="super"/>
                  <SP HEIGHT="57" WIDTH="23" VPOS="258" HPOS="1880"/>
                  <String HEIGHT="57"
                          WIDTH="163"
                          VPOS="258"
                          HPOS="1787"
                          CONTENT="alio¬"
                          SUBS_TYPE="HypPart1"
                          SUBS_CONTENT="aliorum"/>
                  <HYP CONTENT="-"/>
               </TextLine>
               <TextLine ID="r2l5"
                         BASELINE="473,359 546,359 620,359 693,359 767,359 840,359 914,359 987,359 1061,359 1134,359 1208,359 1281,357 1355,357 1428,357 1502,356 1575,356 1649,354 1722,353 1796,353 1869,351 1943,350"
                         HEIGHT="75"
                         WIDTH="1489"
                         VPOS="306"
                         HPOS="463">
                  <String HEIGHT="75"
                          WIDTH="168"
                          VPOS="306"
                          HPOS="439"
                          CONTENT="rum"
                          SUBS_TYPE="HypPart2"
                          SUBS_CONTENT="aliorum"/>
                  <SP HEIGHT="75" WIDTH="24" VPOS="306" HPOS="607"/>
                  <String HEIGHT="75"
                          WIDTH="456"
                          VPOS="306"
                          HPOS="535"
                          CONTENT="praedicationem."/>
                  <SP HEIGHT="75" WIDTH="24" VPOS="306" HPOS="991"/>
                  <String HEIGHT="75"
                          WIDTH="216"
                          VPOS="306"
                          HPOS="919"
                          CONTENT="Quasi"/>
                  <SP HEIGHT="75" WIDTH="24" VPOS="306" HPOS="1135"/>
                  <String HEIGHT="75"
                          WIDTH="288"
                          VPOS="306"
                          HPOS="1063"
                          CONTENT="diceret."/>
                  <SP HEIGHT="75" WIDTH="24" VPOS="306" HPOS="1352"/>
                  <String HEIGHT="75"
                          WIDTH="168"
                          VPOS="306"
                          HPOS="1280"
                          CONTENT="Hoc"/>
                  <SP HEIGHT="75" WIDTH="24" VPOS="306" HPOS="1448"/>
                  <String HEIGHT="75"
                          WIDTH="312"
                          VPOS="306"
                          HPOS="1376"
                          CONTENT="reputabam"/>
                  <SP HEIGHT="75" WIDTH="24" VPOS="306" HPOS="1688"/>
                  <String HEIGHT="75"
                          WIDTH="288"
                          VPOS="306"
                          HPOS="1616"
                          CONTENT="vtilius,"/>
                  <SP HEIGHT="75" WIDTH="24" VPOS="306" HPOS="1904"/>
                  <String HEIGHT="75"
                          WIDTH="144"
                          VPOS="306"
                          HPOS="1808"
                          CONTENT="quam"/>
               </TextLine>
               <TextLine ID="r2l7"
                         BASELINE="474,426 529,426 585,426 640,426 696,426 752,426 807,426 863,426 918,426 974,426 1030,426 1085,426 1141,425 1196,425 1252,425 1308,423 1363,423 1419,422 1474,421 1530,420 1586,419"
                         HEIGHT="67"
                         WIDTH="1131"
                         VPOS="370"
                         HPOS="464">
                  <String HEIGHT="67"
                          WIDTH="231"
                          VPOS="370"
                          HPOS="441"
                          CONTENT="illud."/>
                  <SP HEIGHT="67" WIDTH="23" VPOS="370" HPOS="672"/>
                  <String HEIGHT="67" WIDTH="138" VPOS="370" HPOS="602" CONTENT="Et"/>
                  <SP HEIGHT="67" WIDTH="23" VPOS="370" HPOS="741"/>
                  <String HEIGHT="67" WIDTH="162" VPOS="370" HPOS="672" CONTENT="hoc"/>
                  <SP HEIGHT="67" WIDTH="23" VPOS="370" HPOS="833"/>
                  <String HEIGHT="67"
                          WIDTH="323"
                          VPOS="370"
                          HPOS="764"
                          CONTENT="rationibus"/>
                  <SP HEIGHT="67" WIDTH="23" VPOS="370" HPOS="1087"/>
                  <String HEIGHT="67"
                          WIDTH="346"
                          VPOS="370"
                          HPOS="1018"
                          CONTENT="supradictis"/>
                  <SP HEIGHT="67" WIDTH="23" VPOS="370" HPOS="1364"/>
                  <String HEIGHT="67"
                          WIDTH="208"
                          VPOS="370"
                          HPOS="1295"
                          CONTENT="paulo"/>
                  <SP HEIGHT="67" WIDTH="23" VPOS="370" HPOS="1503"/>
                  <String HEIGHT="67"
                          WIDTH="208"
                          VPOS="370"
                          HPOS="1433"
                          CONTENT="ante."/>
                  <SP HEIGHT="67" WIDTH="23" VPOS="370" HPOS="1641"/>
                  <String HEIGHT="67" WIDTH="46" VPOS="370" HPOS="1549" CONTENT=""/>
               </TextLine>
               <TextLine ID="r2l8"
                         BASELINE="578,492 646,494 715,494 784,494 853,494 921,494 990,492 1059,492 1128,492 1196,491 1265,491 1334,489 1403,489 1471,488 1540,486 1609,486 1678,485 1746,485 1815,483 1884,483 1953,483"
                         HEIGHT="82"
                         WIDTH="1394"
                         VPOS="434"
                         HPOS="568">
                  <String HEIGHT="82" WIDTH="152" VPOS="434" HPOS="543" CONTENT="§."/>
                  <SP HEIGHT="82" WIDTH="25" VPOS="434" HPOS="695"/>
                  <String HEIGHT="82" WIDTH="152" VPOS="434" HPOS="619" CONTENT="De"/>
                  <SP HEIGHT="82" WIDTH="25" VPOS="434" HPOS="771"/>
                  <String HEIGHT="82"
                          WIDTH="304"
                          VPOS="434"
                          HPOS="695"
                          CONTENT="Narcisso"/>
                  <SP HEIGHT="82" WIDTH="25" VPOS="434" HPOS="999"/>
                  <String HEIGHT="82"
                          WIDTH="228"
                          VPOS="434"
                          HPOS="923"
                          CONTENT="autem"/>
                  <SP HEIGHT="82" WIDTH="25" VPOS="434" HPOS="1151"/>
                  <String HEIGHT="82"
                          WIDTH="380"
                          VPOS="434"
                          HPOS="1075"
                          CONTENT="Presbytero,"/>
                  <SP HEIGHT="82" WIDTH="25" VPOS="434" HPOS="1455"/>
                  <String HEIGHT="82"
                          WIDTH="177"
                          VPOS="434"
                          HPOS="1379"
                          CONTENT="non"/>
                  <SP HEIGHT="82" WIDTH="25" VPOS="434" HPOS="1556"/>
                  <String HEIGHT="82"
                          WIDTH="228"
                          VPOS="434"
                          HPOS="1480"
                          CONTENT="dicit"/>
                  <SP HEIGHT="82" WIDTH="25" VPOS="434" HPOS="1709"/>
                  <String HEIGHT="82"
                          WIDTH="279"
                          VPOS="434"
                          HPOS="1633"
                          CONTENT="Glossa,"/>
                  <SP HEIGHT="82" WIDTH="25" VPOS="434" HPOS="1911"/>
                  <String HEIGHT="82"
                          WIDTH="152"
                          VPOS="434"
                          HPOS="1810"
                          CONTENT="Quod"/>
               </TextLine>
               <TextLine ID="r2l9"
                         BASELINE="477,558 550,558 623,560 696,560 769,560 843,560 916,560 989,559 1062,558 1135,558 1209,557 1282,556 1355,555 1428,554 1501,552 1575,551 1648,551 1721,549 1794,548 1867,546 1941,545"
                         HEIGHT="70"
                         WIDTH="1483"
                         VPOS="518"
                         HPOS="467">
                  <String HEIGHT="70"
                          WIDTH="371"
                          VPOS="518"
                          HPOS="444"
                          CONTENT="peregrinando"/>
                  <SP HEIGHT="70" WIDTH="23" VPOS="518" HPOS="815"/>
                  <String HEIGHT="70"
                          WIDTH="255"
                          VPOS="518"
                          HPOS="745"
                          CONTENT="publice"/>
                  <SP HEIGHT="70" WIDTH="23" VPOS="518" HPOS="1000"/>
                  <String HEIGHT="70"
                          WIDTH="371"
                          VPOS="518"
                          HPOS="930"
                          CONTENT="praedicaret,"/>
                  <SP HEIGHT="70" WIDTH="23" VPOS="518" HPOS="1301"/>
                  <String HEIGHT="70"
                          WIDTH="255"
                          VPOS="518"
                          HPOS="1232"
                          CONTENT="tamquam"/>
                  <SP HEIGHT="70" WIDTH="23" VPOS="518" HPOS="1487"/>
                  <String HEIGHT="70"
                          WIDTH="232"
                          VPOS="518"
                          HPOS="1417"
                          CONTENT="habens"/>
                  <SP HEIGHT="70" WIDTH="23" VPOS="518" HPOS="1649"/>
                  <String HEIGHT="70"
                          WIDTH="348"
                          VPOS="518"
                          HPOS="1579"
                          CONTENT="Apostolicam"/>
                  <SP HEIGHT="70" WIDTH="23" VPOS="518" HPOS="1927"/>
                  <String HEIGHT="70"
                          WIDTH="116"
                          VPOS="518"
                          HPOS="1834"
                          CONTENT="po¬"
                          SUBS_TYPE="HypPart1"
                          SUBS_CONTENT="potestatem;"/>
                  <HYP CONTENT="-"/>
               </TextLine>
               <TextLine ID="r2l10"
                         BASELINE="482,626 558,626 635,626 712,626 789,626 865,624 942,624 1019,624 1096,623 1173,623 1249,621 1326,621 1403,620 1480,618 1557,618 1633,617 1710,615 1787,614 1864,614 1941,612"
                         HEIGHT="55"
                         WIDTH="1478"
                         VPOS="589"
                         HPOS="473">
                  <String HEIGHT="55"
                          WIDTH="305"
                          VPOS="589"
                          HPOS="450"
                          CONTENT="testatem;"
                          SUBS_TYPE="HypPart2"
                          SUBS_CONTENT="potestatem;"/>
                  <SP HEIGHT="55" WIDTH="23" VPOS="589" HPOS="755"/>
                  <String HEIGHT="55" WIDTH="164" VPOS="589" HPOS="684" CONTENT="sed"/>
                  <SP HEIGHT="55" WIDTH="23" VPOS="589" HPOS="848"/>
                  <String HEIGHT="55"
                          WIDTH="188"
                          VPOS="589"
                          HPOS="778"
                          CONTENT="quod"/>
                  <SP HEIGHT="55" WIDTH="23" VPOS="589" HPOS="966"/>
                  <String HEIGHT="55"
                          WIDTH="258"
                          VPOS="589"
                          HPOS="895"
                          CONTENT="Sanctos"/>
                  <SP HEIGHT="55" WIDTH="23" VPOS="589" HPOS="1153"/>
                  <String HEIGHT="55"
                          WIDTH="258"
                          VPOS="589"
                          HPOS="1083"
                          CONTENT="Fratres"/>
                  <SP HEIGHT="55" WIDTH="23" VPOS="589" HPOS="1341"/>
                  <String HEIGHT="55"
                          WIDTH="375"
                          VPOS="589"
                          HPOS="1271"
                          CONTENT="confirmabat;"/>
                  <SP HEIGHT="55" WIDTH="23" VPOS="589" HPOS="1646"/>
                  <String HEIGHT="55"
                          WIDTH="188"
                          VPOS="589"
                          HPOS="1576"
                          CONTENT="quod"/>
                  <SP HEIGHT="55" WIDTH="23" VPOS="589" HPOS="1763"/>
                  <String HEIGHT="55"
                          WIDTH="188"
                          VPOS="589"
                          HPOS="1693"
                          CONTENT="esse"/>
                  <SP HEIGHT="55" WIDTH="23" VPOS="589" HPOS="1881"/>
                  <String HEIGHT="55"
                          WIDTH="164"
                          VPOS="589"
                          HPOS="1787"
                          CONTENT="pote¬"
                          SUBS_TYPE="HypPart1"
                          SUBS_CONTENT="poterat"/>
                  <HYP CONTENT="-"/>
               </TextLine>
               <TextLine ID="r2l11"
                         BASELINE="488,692 561,692 634,693 707,693 781,692 854,692 927,692 1000,690 1074,690 1147,689 1220,687 1293,687 1367,686 1440,684 1513,684 1586,683 1660,683 1733,681 1806,681 1879,681 1953,681"
                         HEIGHT="72"
                         WIDTH="1485"
                         VPOS="635"
                         HPOS="478">
                  <String HEIGHT="72"
                          WIDTH="179"
                          VPOS="635"
                          HPOS="452"
                          CONTENT="rat"
                          SUBS_TYPE="HypPart2"
                          SUBS_CONTENT="poterat"/>
                  <SP HEIGHT="72" WIDTH="26" VPOS="635" HPOS="632"/>
                  <String HEIGHT="72" WIDTH="179" VPOS="635" HPOS="555" CONTENT="per"/>
                  <SP HEIGHT="72" WIDTH="26" VPOS="635" HPOS="734"/>
                  <String HEIGHT="72"
                          WIDTH="307"
                          VPOS="635"
                          HPOS="657"
                          CONTENT="priuatas"/>
                  <SP HEIGHT="72" WIDTH="26" VPOS="635" HPOS="964"/>
                  <String HEIGHT="72"
                          WIDTH="461"
                          VPOS="635"
                          HPOS="888"
                          CONTENT="exhortationes."/>
                  <SP HEIGHT="72" WIDTH="26" VPOS="635" HPOS="1349"/>
                  <String HEIGHT="72"
                          WIDTH="179"
                          VPOS="635"
                          HPOS="1272"
                          CONTENT="Vel"/>
                  <SP HEIGHT="72" WIDTH="26" VPOS="635" HPOS="1451"/>
                  <String HEIGHT="72"
                          WIDTH="256"
                          VPOS="635"
                          HPOS="1374"
                          CONTENT="potest"/>
                  <SP HEIGHT="72" WIDTH="26" VPOS="635" HPOS="1630"/>
                  <String HEIGHT="72"
                          WIDTH="230"
                          VPOS="635"
                          HPOS="1553"
                          CONTENT="dici,"/>
                  <SP HEIGHT="72" WIDTH="26" VPOS="635" HPOS="1784"/>
                  <String HEIGHT="72"
                          WIDTH="205"
                          VPOS="635"
                          HPOS="1707"
                          CONTENT="quod"/>
                  <SP HEIGHT="72" WIDTH="26" VPOS="635" HPOS="1912"/>
                  <String HEIGHT="72"
                          WIDTH="154"
                          VPOS="635"
                          HPOS="1809"
                          CONTENT="quia"/>
               </TextLine>
               <TextLine ID="r2l12"
                         BASELINE="498,756 570,756 643,758 715,758 788,758 861,758 933,758 1006,758 1078,758 1151,758 1224,756 1296,755 1369,755 1441,753 1514,752 1587,750 1659,749 1732,749 1804,747 1877,746 1950,744"
                         HEIGHT="81"
                         WIDTH="1471"
                         VPOS="706"
                         HPOS="488">
                  <String HEIGHT="81"
                          WIDTH="324"
                          VPOS="706"
                          HPOS="463"
                          CONTENT="Presbyter"/>
                  <SP HEIGHT="81" WIDTH="25" VPOS="706" HPOS="787"/>
                  <String HEIGHT="81"
                          WIDTH="199"
                          VPOS="706"
                          HPOS="712"
                          CONTENT="erat"/>
                  <SP HEIGHT="81" WIDTH="25" VPOS="706" HPOS="912"/>
                  <String HEIGHT="81" WIDTH="125" VPOS="706" HPOS="837" CONTENT="&amp;"/>
                  <SP HEIGHT="81" WIDTH="25" VPOS="706" HPOS="962"/>
                  <String HEIGHT="81"
                          WIDTH="249"
                          VPOS="706"
                          HPOS="887"
                          CONTENT="nullam"/>
                  <SP HEIGHT="81" WIDTH="25" VPOS="706" HPOS="1136"/>
                  <String HEIGHT="81"
                          WIDTH="349"
                          VPOS="706"
                          HPOS="1061"
                          CONTENT="Prouinciam"/>
                  <SP HEIGHT="81" WIDTH="25" VPOS="706" HPOS="1410"/>
                  <String HEIGHT="81"
                          WIDTH="199"
                          VPOS="706"
                          HPOS="1336"
                          CONTENT="sibi"/>
                  <SP HEIGHT="81" WIDTH="25" VPOS="706" HPOS="1535"/>
                  <String HEIGHT="81" WIDTH="150" VPOS="706" HPOS="1460" CONTENT="ad"/>
                  <SP HEIGHT="81" WIDTH="25" VPOS="706" HPOS="1610"/>
                  <String HEIGHT="81"
                          WIDTH="249"
                          VPOS="706"
                          HPOS="1535"
                          CONTENT="instar"/>
                  <SP HEIGHT="81" WIDTH="25" VPOS="706" HPOS="1784"/>
                  <String HEIGHT="81"
                          WIDTH="274"
                          VPOS="706"
                          HPOS="1685"
                          CONTENT="Apostolo¬"
                          SUBS_TYPE="HypPart1"
                          SUBS_CONTENT="Apostolorum"/>
                  <HYP CONTENT="-"/>
               </TextLine>
               <TextLine ID="r2l13"
                         BASELINE="494,824 566,824 639,825 712,825 785,825 858,825 931,825 1004,824 1077,824 1150,822 1223,822 1295,821 1368,819 1441,819 1514,818 1587,818 1660,816 1733,816 1806,815 1879,815 1952,815"
                         HEIGHT="74"
                         WIDTH="1476"
                         VPOS="762"
                         HPOS="485">
                  <String HEIGHT="74"
                          WIDTH="175"
                          VPOS="762"
                          HPOS="460"
                          CONTENT="rum"
                          SUBS_TYPE="HypPart2"
                          SUBS_CONTENT="Apostolorum"/>
                  <SP HEIGHT="74" WIDTH="25" VPOS="762" HPOS="635"/>
                  <String HEIGHT="74"
                          WIDTH="375"
                          VPOS="762"
                          HPOS="560"
                          CONTENT="specialiter"/>
                  <SP HEIGHT="74" WIDTH="25" VPOS="762" HPOS="935"/>
                  <String HEIGHT="74"
                          WIDTH="350"
                          VPOS="762"
                          HPOS="860"
                          CONTENT="assignatam"/>
                  <SP HEIGHT="74" WIDTH="25" VPOS="762" HPOS="1210"/>
                  <String HEIGHT="74"
                          WIDTH="275"
                          VPOS="762"
                          HPOS="1135"
                          CONTENT="habebat"/>
                  <SP HEIGHT="74" WIDTH="25" VPOS="762" HPOS="1411"/>
                  <String HEIGHT="74"
                          WIDTH="250"
                          VPOS="762"
                          HPOS="1336"
                          CONTENT="forsan"/>
                  <SP HEIGHT="74" WIDTH="25" VPOS="762" HPOS="1586"/>
                  <String HEIGHT="74"
                          WIDTH="325"
                          VPOS="762"
                          HPOS="1511"
                          CONTENT="commissum"/>
                  <SP HEIGHT="74" WIDTH="25" VPOS="762" HPOS="1836"/>
                  <String HEIGHT="74"
                          WIDTH="200"
                          VPOS="762"
                          HPOS="1761"
                          CONTENT="erat"/>
                  <SP HEIGHT="74" WIDTH="25" VPOS="762" HPOS="1961"/>
                  <String HEIGHT="74" WIDTH="100" VPOS="762" HPOS="1861" CONTENT="ei"/>
               </TextLine>
               <TextLine ID="r2l14"
                         BASELINE="485,890 557,890 630,891 703,891 776,891 848,891 921,891 994,890 1067,890 1139,889 1212,888 1285,887 1358,887 1430,885 1503,885 1576,884 1649,884 1721,882 1794,882 1867,881 1940,881"
                         HEIGHT="60"
                         WIDTH="1474"
                         VPOS="848"
                         HPOS="476">
                  <String HEIGHT="60" WIDTH="152" VPOS="848" HPOS="451" CONTENT="ab"/>
                  <SP HEIGHT="60" WIDTH="25" VPOS="848" HPOS="603"/>
                  <String HEIGHT="60"
                          WIDTH="330"
                          VPOS="848"
                          HPOS="527"
                          CONTENT="Ecclesia,"/>
                  <SP HEIGHT="60" WIDTH="25" VPOS="848" HPOS="857"/>
                  <String HEIGHT="60" WIDTH="152" VPOS="848" HPOS="781" CONTENT="vt"/>
                  <SP HEIGHT="60" WIDTH="25" VPOS="848" HPOS="933"/>
                  <String HEIGHT="60"
                          WIDTH="407"
                          VPOS="848"
                          HPOS="857"
                          CONTENT="peregrinando"/>
                  <SP HEIGHT="60" WIDTH="25" VPOS="848" HPOS="1264"/>
                  <String HEIGHT="60"
                          WIDTH="381"
                          VPOS="848"
                          HPOS="1188"
                          CONTENT="confirmaret"/>
                  <SP HEIGHT="60" WIDTH="25" VPOS="848" HPOS="1569"/>
                  <String HEIGHT="60"
                          WIDTH="280"
                          VPOS="848"
                          HPOS="1493"
                          CONTENT="Sanctos"/>
                  <SP HEIGHT="60" WIDTH="25" VPOS="848" HPOS="1772"/>
                  <String HEIGHT="60"
                          WIDTH="305"
                          VPOS="848"
                          HPOS="1696"
                          CONTENT="Fratres,"/>
                  <SP HEIGHT="60" WIDTH="25" VPOS="848" HPOS="2001"/>
                  <String HEIGHT="60" WIDTH="51" VPOS="848" HPOS="1899" CONTENT=""/>
               </TextLine>
               <TextLine ID="r2l15"
                         BASELINE="498,957 570,957 643,957 715,957 788,957 860,957 933,956 1005,956 1078,956 1150,956 1223,954 1296,954 1368,953 1441,953 1513,951 1586,950 1658,950 1731,948 1803,947 1876,945 1949,944"
                         HEIGHT="71"
                         WIDTH="1471"
                         VPOS="902"
                         HPOS="488">
                  <String HEIGHT="71"
                          WIDTH="245"
                          VPOS="902"
                          HPOS="461"
                          CONTENT="etiam"/>
                  <SP HEIGHT="71" WIDTH="27" VPOS="902" HPOS="706"/>
                  <String HEIGHT="71"
                          WIDTH="300"
                          VPOS="902"
                          HPOS="624"
                          CONTENT="publice"/>
                  <SP HEIGHT="71" WIDTH="27" VPOS="902" HPOS="924"/>
                  <String HEIGHT="71"
                          WIDTH="436"
                          VPOS="902"
                          HPOS="842"
                          CONTENT="praedicando."/>
                  <SP HEIGHT="71" WIDTH="27" VPOS="902" HPOS="1278"/>
                  <String HEIGHT="71"
                          WIDTH="245"
                          VPOS="902"
                          HPOS="1196"
                          CONTENT="Sicut"/>
                  <SP HEIGHT="71" WIDTH="27" VPOS="902" HPOS="1441"/>
                  <String HEIGHT="71"
                          WIDTH="354"
                          VPOS="902"
                          HPOS="1360"
                          CONTENT="commissum"/>
                  <SP HEIGHT="71" WIDTH="27" VPOS="902" HPOS="1714"/>
                  <String HEIGHT="71"
                          WIDTH="218"
                          VPOS="902"
                          HPOS="1632"
                          CONTENT="suit"/>
                  <SP HEIGHT="71" WIDTH="27" VPOS="902" HPOS="1850"/>
                  <String HEIGHT="71"
                          WIDTH="218"
                          VPOS="902"
                          HPOS="1741"
                          CONTENT="Ioanni"/>
               </TextLine>
               <TextLine ID="r2l16"
                         BASELINE="500,1022 576,1023 653,1023 730,1023 807,1023 883,1023 960,1023 1037,1022 1114,1022 1191,1022 1267,1020 1344,1020 1421,1019 1498,1018 1575,1017 1651,1016 1728,1014 1805,1013 1882,1011 1959,1010"
                         HEIGHT="72"
                         WIDTH="1477"
                         VPOS="962"
                         HPOS="491">
                  <String HEIGHT="72"
                          WIDTH="311"
                          VPOS="962"
                          HPOS="465"
                          CONTENT="Ephesios"/>
                  <SP HEIGHT="72" WIDTH="26" VPOS="962" HPOS="776"/>
                  <String HEIGHT="72"
                          WIDTH="363"
                          VPOS="962"
                          HPOS="698"
                          CONTENT="consirmare"/>
                  <SP HEIGHT="72" WIDTH="26" VPOS="962" HPOS="1061"/>
                  <String HEIGHT="72" WIDTH="155" VPOS="962" HPOS="983" CONTENT="ab"/>
                  <SP HEIGHT="72" WIDTH="26" VPOS="962" HPOS="1139"/>
                  <String HEIGHT="72"
                          WIDTH="207"
                          VPOS="962"
                          HPOS="1061"
                          CONTENT="alio"/>
                  <SP HEIGHT="72" WIDTH="26" VPOS="962" HPOS="1268"/>
                  <String HEIGHT="72"
                          WIDTH="363"
                          VPOS="962"
                          HPOS="1191"
                          CONTENT="conuersos."/>
                  <SP HEIGHT="72" WIDTH="26" VPOS="962" HPOS="1553"/>
                  <String HEIGHT="72"
                          WIDTH="233"
                          VPOS="962"
                          HPOS="1476"
                          CONTENT="Sicut"/>
                  <SP HEIGHT="72" WIDTH="26" VPOS="962" HPOS="1709"/>
                  <String HEIGHT="72"
                          WIDTH="233"
                          VPOS="962"
                          HPOS="1631"
                          CONTENT="etiam"/>
                  <SP HEIGHT="72" WIDTH="26" VPOS="962" HPOS="1864"/>
                  <String HEIGHT="72"
                          WIDTH="207"
                          VPOS="962"
                          HPOS="1761"
                          CONTENT="mitte¬"
                          SUBS_TYPE="HypPart1"
                          SUBS_CONTENT="mittebant"/>
                  <HYP CONTENT="-"/>
               </TextLine>
               <TextLine ID="r2l17"
                         BASELINE="498,1089 571,1089 644,1089 718,1089 791,1089 864,1089 938,1089 1011,1089 1084,1089 1158,1088 1231,1088 1304,1088 1378,1086 1451,1086 1524,1085 1598,1083 1671,1082 1744,1081 1818,1080 1891,1079 1965,1077"
                         HEIGHT="73"
                         WIDTH="1485"
                         VPOS="1042"
                         HPOS="488">
                  <String HEIGHT="73"
                          WIDTH="201"
                          VPOS="1042"
                          HPOS="463"
                          CONTENT="bant"
                          SUBS_TYPE="HypPart2"
                          SUBS_CONTENT="mittebant"/>
                  <SP HEIGHT="73" WIDTH="25" VPOS="1042" HPOS="664"/>
                  <String HEIGHT="73"
                          WIDTH="302"
                          VPOS="1042"
                          HPOS="589"
                          CONTENT="Apostoli"/>
                  <SP HEIGHT="73" WIDTH="25" VPOS="1042" HPOS="891"/>
                  <String HEIGHT="73"
                          WIDTH="352"
                          VPOS="1042"
                          HPOS="815"
                          CONTENT="Discipulos"/>
                  <SP HEIGHT="73" WIDTH="25" VPOS="1042" HPOS="1168"/>
                  <String HEIGHT="73"
                          WIDTH="201"
                          VPOS="1042"
                          HPOS="1092"
                          CONTENT="suos"/>
                  <SP HEIGHT="73" WIDTH="25" VPOS="1042" HPOS="1293"/>
                  <String HEIGHT="73"
                          WIDTH="151"
                          VPOS="1042"
                          HPOS="1218"
                          CONTENT="ad"/>
                  <SP HEIGHT="73" WIDTH="25" VPOS="1042" HPOS="1369"/>
                  <String HEIGHT="73"
                          WIDTH="252"
                          VPOS="1042"
                          HPOS="1293"
                          CONTENT="illos,"/>
                  <SP HEIGHT="73" WIDTH="25" VPOS="1042" HPOS="1545"/>
                  <String HEIGHT="73"
                          WIDTH="201"
                          VPOS="1042"
                          HPOS="1470"
                          CONTENT="quos"/>
                  <SP HEIGHT="73" WIDTH="25" VPOS="1042" HPOS="1671"/>
                  <String HEIGHT="73"
                          WIDTH="201"
                          VPOS="1042"
                          HPOS="1595"
                          CONTENT="ipsi"/>
                  <SP HEIGHT="73" WIDTH="25" VPOS="1042" HPOS="1797"/>
                  <String HEIGHT="73"
                          WIDTH="277"
                          VPOS="1042"
                          HPOS="1696"
                          CONTENT="conuerte¬"
                          SUBS_TYPE="HypPart1"
                          SUBS_CONTENT="conuerterant,"/>
                  <HYP CONTENT="-"/>
               </TextLine>
               <TextLine ID="r2l18"
                         BASELINE="501,1158 574,1157 647,1157 720,1156 793,1155 866,1155 939,1155 1012,1155 1085,1155 1158,1154 1231,1154 1304,1154 1377,1152 1450,1152 1523,1151 1596,1149 1669,1148 1742,1146 1815,1145 1888,1142 1962,1140"
                         HEIGHT="65"
                         WIDTH="1480"
                         VPOS="1107"
                         HPOS="491">
                  <String HEIGHT="65"
                          WIDTH="238"
                          VPOS="1107"
                          HPOS="465"
                          CONTENT="rant,"
                          SUBS_TYPE="HypPart2"
                          SUBS_CONTENT="conuerterant,"/>
                  <SP HEIGHT="65" WIDTH="26" VPOS="1107" HPOS="702"/>
                  <String HEIGHT="65"
                          WIDTH="449"
                          VPOS="1107"
                          HPOS="623"
                          CONTENT="confirmandos;"/>
                  <SP HEIGHT="65" WIDTH="26" VPOS="1107" HPOS="1072"/>
                  <String HEIGHT="65"
                          WIDTH="291"
                          VPOS="1107"
                          HPOS="993"
                          CONTENT="quoniam"/>
                  <SP HEIGHT="65" WIDTH="26" VPOS="1107" HPOS="1284"/>
                  <String HEIGHT="65"
                          WIDTH="211"
                          VPOS="1107"
                          HPOS="1205"
                          CONTENT="ipsi"/>
                  <SP HEIGHT="65" WIDTH="26" VPOS="1107" HPOS="1416"/>
                  <String HEIGHT="65"
                          WIDTH="159"
                          VPOS="1107"
                          HPOS="1337"
                          CONTENT="ad"/>
                  <SP HEIGHT="65" WIDTH="26" VPOS="1107" HPOS="1495"/>
                  <String HEIGHT="65"
                          WIDTH="185"
                          VPOS="1107"
                          HPOS="1416"
                          CONTENT="eos"/>
                  <SP HEIGHT="65" WIDTH="26" VPOS="1107" HPOS="1601"/>
                  <String HEIGHT="65"
                          WIDTH="344"
                          VPOS="1107"
                          HPOS="1522"
                          CONTENT="conuenire"/>
                  <SP HEIGHT="65" WIDTH="26" VPOS="1107" HPOS="1865"/>
                  <String HEIGHT="65"
                          WIDTH="211"
                          VPOS="1107"
                          HPOS="1760"
                          CONTENT="perso¬"
                          SUBS_TYPE="HypPart1"
                          SUBS_CONTENT="personaliter"/>
                  <HYP CONTENT="-"/>
               </TextLine>
               <TextLine ID="r2l19"
                         BASELINE="495,1224 568,1223 641,1223 714,1222 787,1221 860,1221 933,1221 1006,1221 1079,1220 1152,1220 1225,1220 1298,1220 1371,1218 1444,1218 1517,1217 1590,1217 1663,1215 1736,1214 1809,1212 1882,1211 1955,1208"
                         HEIGHT="57"
                         WIDTH="1479"
                         VPOS="1186"
                         HPOS="485">
                  <String HEIGHT="57"
                          WIDTH="254"
                          VPOS="1186"
                          HPOS="462"
                          CONTENT="naliter"
                          SUBS_TYPE="HypPart2"
                          SUBS_CONTENT="personaliter"/>
                  <SP HEIGHT="57" WIDTH="23" VPOS="1186" HPOS="716"/>
                  <String HEIGHT="57"
                          WIDTH="162"
                          VPOS="1186"
                          HPOS="647"
                          CONTENT="non"/>
                  <SP HEIGHT="57" WIDTH="23" VPOS="1186" HPOS="809"/>
                  <String HEIGHT="57"
                          WIDTH="300"
                          VPOS="1186"
                          HPOS="739"
                          CONTENT="valebant,"/>
                  <SP HEIGHT="57" WIDTH="23" VPOS="1186" HPOS="1040"/>
                  <String HEIGHT="57" WIDTH="139" VPOS="1186" HPOS="970" CONTENT="vt"/>
                  <SP HEIGHT="57" WIDTH="23" VPOS="1186" HPOS="1109"/>
                  <String HEIGHT="57"
                          WIDTH="277"
                          VPOS="1186"
                          HPOS="1040"
                          CONTENT="ostensum"/>
                  <SP HEIGHT="57" WIDTH="23" VPOS="1186" HPOS="1317"/>
                  <String HEIGHT="57"
                          WIDTH="162"
                          VPOS="1186"
                          HPOS="1248"
                          CONTENT="est"/>
                  <SP HEIGHT="57" WIDTH="23" VPOS="1186" HPOS="1409"/>
                  <String HEIGHT="57"
                          WIDTH="208"
                          VPOS="1186"
                          HPOS="1340"
                          CONTENT="supra"/>
                  <SP HEIGHT="57" WIDTH="23" VPOS="1186" HPOS="1548"/>
                  <String HEIGHT="57"
                          WIDTH="208"
                          VPOS="1186"
                          HPOS="1479"
                          CONTENT="dist."/>
                  <SP HEIGHT="57" WIDTH="23" VPOS="1186" HPOS="1687"/>
                  <String HEIGHT="57"
                          WIDTH="139"
                          VPOS="1186"
                          HPOS="1617"
                          CONTENT="1."/>
                  <SP HEIGHT="57" WIDTH="23" VPOS="1186" HPOS="1756"/>
                  <String HEIGHT="57"
                          WIDTH="139"
                          VPOS="1186"
                          HPOS="1687"
                          CONTENT="§."/>
                  <SP HEIGHT="57" WIDTH="23" VPOS="1186" HPOS="1825"/>
                  <String HEIGHT="57"
                          WIDTH="162"
                          VPOS="1186"
                          HPOS="1756"
                          CONTENT="Sed"/>
                  <SP HEIGHT="57" WIDTH="23" VPOS="1186" HPOS="1918"/>
                  <String HEIGHT="57"
                          WIDTH="139"
                          VPOS="1186"
                          HPOS="1825"
                          CONTENT="ite¬"
                          SUBS_TYPE="HypPart1"
                          SUBS_CONTENT="iterum"/>
                  <HYP CONTENT="-"/>
               </TextLine>
               <TextLine ID="r2l20"
                         BASELINE="494,1287 567,1287 641,1287 715,1287 788,1287 862,1287 936,1287 1009,1287 1083,1286 1157,1286 1231,1286 1304,1284 1378,1284 1452,1283 1525,1283 1599,1281 1673,1280 1746,1279 1820,1278 1894,1277 1968,1275"
                         HEIGHT="83"
                         WIDTH="1493"
                         VPOS="1232"
                         HPOS="484">
                  <String HEIGHT="83"
                          WIDTH="177"
                          VPOS="1232"
                          HPOS="459"
                          CONTENT="rum"
                          SUBS_TYPE="HypPart2"
                          SUBS_CONTENT="iterum"/>
                  <SP HEIGHT="83" WIDTH="25" VPOS="1232" HPOS="636"/>
                  <String HEIGHT="83"
                          WIDTH="253"
                          VPOS="1232"
                          HPOS="560"
                          CONTENT="dicet."/>
                  <SP HEIGHT="83" WIDTH="25" VPOS="1232" HPOS="813"/>
                  <String HEIGHT="83"
                          WIDTH="253"
                          VPOS="1232"
                          HPOS="737"
                          CONTENT="Potest"/>
                  <SP HEIGHT="83" WIDTH="25" VPOS="1232" HPOS="990"/>
                  <String HEIGHT="83"
                          WIDTH="228"
                          VPOS="1232"
                          HPOS="914"
                          CONTENT="etiam"/>
                  <SP HEIGHT="83" WIDTH="25" VPOS="1232" HPOS="1142"/>
                  <String HEIGHT="83"
                          WIDTH="228"
                          VPOS="1232"
                          HPOS="1066"
                          CONTENT="dici,"/>
                  <SP HEIGHT="83" WIDTH="25" VPOS="1232" HPOS="1294"/>
                  <String HEIGHT="83"
                          WIDTH="202"
                          VPOS="1232"
                          HPOS="1218"
                          CONTENT="quod"/>
                  <SP HEIGHT="83" WIDTH="25" VPOS="1232" HPOS="1420"/>
                  <String HEIGHT="83"
                          WIDTH="354"
                          VPOS="1232"
                          HPOS="1344"
                          CONTENT="Narcissus,"/>
                  <SP HEIGHT="83" WIDTH="25" VPOS="1232" HPOS="1699"/>
                  <String HEIGHT="83"
                          WIDTH="228"
                          VPOS="1232"
                          HPOS="1623"
                          CONTENT="etiam"/>
                  <SP HEIGHT="83" WIDTH="25" VPOS="1232" HPOS="1850"/>
                  <String HEIGHT="83"
                          WIDTH="228"
                          VPOS="1232"
                          HPOS="1749"
                          CONTENT="publice"/>
               </TextLine>
               <TextLine ID="r2l21"
                         BASELINE="498,1353 571,1353 644,1353 717,1353 790,1353 864,1353 937,1353 1010,1352 1083,1352 1156,1352 1230,1350 1303,1350 1376,1350 1449,1349 1522,1347 1596,1347 1669,1346 1742,1344 1815,1343 1888,1341 1962,1340"
                         HEIGHT="76"
                         WIDTH="1483"
                         VPOS="1312"
                         HPOS="488">
                  <String HEIGHT="76"
                          WIDTH="353"
                          VPOS="1312"
                          HPOS="464"
                          CONTENT="praedicando"/>
                  <SP HEIGHT="76" WIDTH="24" VPOS="1312" HPOS="818"/>
                  <String HEIGHT="76" WIDTH="141" VPOS="1312" HPOS="747" CONTENT="in"/>
                  <SP HEIGHT="76" WIDTH="24" VPOS="1312" HPOS="888"/>
                  <String HEIGHT="76"
                          WIDTH="282"
                          VPOS="1312"
                          HPOS="818"
                          CONTENT="diuersis"/>
                  <SP HEIGHT="76" WIDTH="24" VPOS="1312" HPOS="1100"/>
                  <String HEIGHT="76"
                          WIDTH="353"
                          VPOS="1312"
                          HPOS="1029"
                          CONTENT="Prouinciis,"/>
                  <SP HEIGHT="76" WIDTH="24" VPOS="1312" HPOS="1383"/>
                  <String HEIGHT="76"
                          WIDTH="212"
                          VPOS="1312"
                          HPOS="1312"
                          CONTENT="nulli"/>
                  <SP HEIGHT="76" WIDTH="24" VPOS="1312" HPOS="1524"/>
                  <String HEIGHT="76"
                          WIDTH="282"
                          VPOS="1312"
                          HPOS="1453"
                          CONTENT="Praelato"/>
                  <SP HEIGHT="76" WIDTH="24" VPOS="1312" HPOS="1736"/>
                  <String HEIGHT="76"
                          WIDTH="282"
                          VPOS="1312"
                          HPOS="1665"
                          CONTENT="iniuriam"/>
                  <SP HEIGHT="76" WIDTH="24" VPOS="1312" HPOS="1947"/>
                  <String HEIGHT="76"
                          WIDTH="118"
                          VPOS="1312"
                          HPOS="1853"
                          CONTENT="sa¬"
                          SUBS_TYPE="HypPart1"
                          SUBS_CONTENT="saciebat,"/>
                  <HYP CONTENT="-"/>
               </TextLine>
               <TextLine ID="r2l22"
                         BASELINE="512,1421 585,1421 658,1421 731,1421 804,1421 878,1421 951,1419 1024,1419 1097,1419 1170,1418 1244,1418 1317,1416 1390,1416 1463,1415 1536,1415 1610,1413 1683,1413 1756,1412 1829,1412 1902,1410 1976,1410"
                         HEIGHT="75"
                         WIDTH="1482"
                         VPOS="1361"
                         HPOS="503">
                  <String HEIGHT="75"
                          WIDTH="263"
                          VPOS="1361"
                          HPOS="479"
                          CONTENT="ciebat,"
                          SUBS_TYPE="HypPart2"
                          SUBS_CONTENT="saciebat,"/>
                  <SP HEIGHT="75" WIDTH="24" VPOS="1361" HPOS="742"/>
                  <String HEIGHT="75"
                          WIDTH="167"
                          VPOS="1361"
                          HPOS="670"
                          CONTENT="cum"/>
                  <SP HEIGHT="75" WIDTH="24" VPOS="1361" HPOS="838"/>
                  <String HEIGHT="75"
                          WIDTH="239"
                          VPOS="1361"
                          HPOS="766"
                          CONTENT="nondum"/>
                  <SP HEIGHT="75" WIDTH="24" VPOS="1361" HPOS="1005"/>
                  <String HEIGHT="75"
                          WIDTH="311"
                          VPOS="1361"
                          HPOS="933"
                          CONTENT="distincta"/>
                  <SP HEIGHT="75" WIDTH="24" VPOS="1361" HPOS="1244"/>
                  <String HEIGHT="75"
                          WIDTH="239"
                          VPOS="1361"
                          HPOS="1172"
                          CONTENT="essent"/>
                  <SP HEIGHT="75" WIDTH="24" VPOS="1361" HPOS="1411"/>
                  <String HEIGHT="75"
                          WIDTH="287"
                          VPOS="1361"
                          HPOS="1340"
                          CONTENT="officia;"/>
                  <SP HEIGHT="75" WIDTH="24" VPOS="1361" HPOS="1626"/>
                  <String HEIGHT="75"
                          WIDTH="143"
                          VPOS="1361"
                          HPOS="1555"
                          CONTENT="ex"/>
                  <SP HEIGHT="75" WIDTH="24" VPOS="1361" HPOS="1698"/>
                  <String HEIGHT="75"
                          WIDTH="167"
                          VPOS="1361"
                          HPOS="1626"
                          CONTENT="qua"/>
                  <SP HEIGHT="75" WIDTH="24" VPOS="1361" HPOS="1794"/>
                  <String HEIGHT="75"
                          WIDTH="287"
                          VPOS="1361"
                          HPOS="1698"
                          CONTENT="distinctio"/>
               </TextLine>
               <TextLine ID="r2l23"
                         BASELINE="498,1487 571,1487 644,1487 717,1487 790,1487 863,1487 936,1487 1009,1487 1082,1485 1155,1485 1228,1485 1301,1484 1374,1482 1447,1482 1520,1481 1593,1479 1666,1478 1739,1476 1812,1475 1885,1473 1958,1472"
                         HEIGHT="77"
                         WIDTH="1480"
                         VPOS="1425"
                         HPOS="488">
                  <String HEIGHT="77" WIDTH="139" VPOS="1425" HPOS="465" CONTENT="ne"/>
                  <SP HEIGHT="77" WIDTH="23" VPOS="1425" HPOS="604"/>
                  <String HEIGHT="77"
                          WIDTH="208"
                          VPOS="1425"
                          HPOS="534"
                          CONTENT="hodie"/>
                  <SP HEIGHT="77" WIDTH="23" VPOS="1425" HPOS="742"/>
                  <String HEIGHT="77"
                          WIDTH="185"
                          VPOS="1425"
                          HPOS="673"
                          CONTENT="alii"/>
                  <SP HEIGHT="77" WIDTH="23" VPOS="1425" HPOS="858"/>
                  <String HEIGHT="77"
                          WIDTH="301"
                          VPOS="1425"
                          HPOS="789"
                          CONTENT="Praelati,"/>
                  <SP HEIGHT="77" WIDTH="23" VPOS="1425" HPOS="1089"/>
                  <String HEIGHT="77"
                          WIDTH="185"
                          VPOS="1425"
                          HPOS="1020"
                          CONTENT="alii"/>
                  <SP HEIGHT="77" WIDTH="23" VPOS="1425" HPOS="1205"/>
                  <String HEIGHT="77"
                          WIDTH="185"
                          VPOS="1425"
                          HPOS="1136"
                          CONTENT="vero"/>
                  <SP HEIGHT="77" WIDTH="23" VPOS="1425" HPOS="1321"/>
                  <String HEIGHT="77"
                          WIDTH="254"
                          VPOS="1425"
                          HPOS="1251"
                          CONTENT="Subditi"/>
                  <SP HEIGHT="77" WIDTH="23" VPOS="1425" HPOS="1506"/>
                  <String HEIGHT="77"
                          WIDTH="370"
                          VPOS="1425"
                          HPOS="1436"
                          CONTENT="appellantur;"/>
                  <SP HEIGHT="77" WIDTH="23" VPOS="1425" HPOS="1806"/>
                  <String HEIGHT="77"
                          WIDTH="139"
                          VPOS="1425"
                          HPOS="1737"
                          CONTENT="vt"/>
                  <SP HEIGHT="77" WIDTH="23" VPOS="1425" HPOS="1876"/>
                  <String HEIGHT="77"
                          WIDTH="185"
                          VPOS="1425"
                          HPOS="1783"
                          CONTENT="osten¬"
                          SUBS_TYPE="HypPart1"
                          SUBS_CONTENT="ostensum"/>
                  <HYP CONTENT="-"/>
               </TextLine>
               <TextLine ID="r2l24"
                         BASELINE="503,1554 575,1554 648,1554 721,1554 794,1554 867,1553 940,1553 1013,1553 1086,1551 1159,1551 1232,1550 1304,1549 1377,1548 1450,1547 1523,1547 1596,1545 1669,1544 1742,1543 1815,1542 1888,1541 1961,1539"
                         HEIGHT="74"
                         WIDTH="1478"
                         VPOS="1505"
                         HPOS="492">
                  <String HEIGHT="74"
                          WIDTH="154"
                          VPOS="1505"
                          HPOS="470"
                          CONTENT="sum"
                          SUBS_TYPE="HypPart2"
                          SUBS_CONTENT="ostensum"/>
                  <SP HEIGHT="74" WIDTH="22" VPOS="1505" HPOS="624"/>
                  <String HEIGHT="74"
                          WIDTH="154"
                          VPOS="1505"
                          HPOS="558"
                          CONTENT="est"/>
                  <SP HEIGHT="74" WIDTH="22" VPOS="1505" HPOS="713"/>
                  <String HEIGHT="74"
                          WIDTH="199"
                          VPOS="1505"
                          HPOS="646"
                          CONTENT="supra"/>
                  <SP HEIGHT="74" WIDTH="22" VPOS="1505" HPOS="845"/>
                  <String HEIGHT="74"
                          WIDTH="199"
                          VPOS="1505"
                          HPOS="779"
                          CONTENT="dist."/>
                  <SP HEIGHT="74" WIDTH="22" VPOS="1505" HPOS="977"/>
                  <String HEIGHT="74" WIDTH="132" VPOS="1505" HPOS="911" CONTENT="1."/>
                  <SP HEIGHT="74" WIDTH="22" VPOS="1505" HPOS="1043"/>
                  <String HEIGHT="74" WIDTH="132" VPOS="1505" HPOS="977" CONTENT="§."/>
                  <SP HEIGHT="74" WIDTH="22" VPOS="1505" HPOS="1110"/>
                  <String HEIGHT="74"
                          WIDTH="154"
                          VPOS="1505"
                          HPOS="1043"
                          CONTENT="Sed"/>
                  <SP HEIGHT="74" WIDTH="22" VPOS="1505" HPOS="1198"/>
                  <String HEIGHT="74"
                          WIDTH="221"
                          VPOS="1505"
                          HPOS="1132"
                          CONTENT="iterum"/>
                  <SP HEIGHT="74" WIDTH="22" VPOS="1505" HPOS="1352"/>
                  <String HEIGHT="74"
                          WIDTH="199"
                          VPOS="1505"
                          HPOS="1286"
                          CONTENT="dicet"/>
                  <SP HEIGHT="74" WIDTH="22" VPOS="1505" HPOS="1485"/>
                  <String HEIGHT="74"
                          WIDTH="265"
                          VPOS="1505"
                          HPOS="1419"
                          CONTENT="aliquis."/>
                  <SP HEIGHT="74" WIDTH="22" VPOS="1505" HPOS="1683"/>
                  <String HEIGHT="74"
                          WIDTH="176"
                          VPOS="1505"
                          HPOS="1617"
                          CONTENT="Quae"/>
                  <SP HEIGHT="74" WIDTH="22" VPOS="1505" HPOS="1794"/>
                  <String HEIGHT="74"
                          WIDTH="265"
                          VPOS="1505"
                          HPOS="1705"
                          CONTENT="distinctio"/>
               </TextLine>
               <TextLine ID="r2l25"
                         BASELINE="492,1620 566,1622 640,1622 714,1620 788,1620 862,1620 936,1620 1010,1619 1084,1619 1158,1617 1233,1617 1307,1616 1381,1614 1455,1614 1529,1613 1603,1612 1677,1611 1751,1610 1825,1608 1899,1607 1974,1607"
                         HEIGHT="81"
                         WIDTH="1502"
                         VPOS="1571"
                         HPOS="482">
                  <String HEIGHT="81"
                          WIDTH="242"
                          VPOS="1571"
                          HPOS="458"
                          CONTENT="postea"/>
                  <SP HEIGHT="81" WIDTH="24" VPOS="1571" HPOS="700"/>
                  <String HEIGHT="81"
                          WIDTH="218"
                          VPOS="1571"
                          HPOS="627"
                          CONTENT="facta"/>
                  <SP HEIGHT="81" WIDTH="24" VPOS="1571" HPOS="845"/>
                  <String HEIGHT="81"
                          WIDTH="194"
                          VPOS="1571"
                          HPOS="773"
                          CONTENT="fuit"/>
                  <SP HEIGHT="81" WIDTH="24" VPOS="1571" HPOS="967"/>
                  <String HEIGHT="81" WIDTH="145" VPOS="1571" HPOS="894" CONTENT="ad"/>
                  <SP HEIGHT="81" WIDTH="24" VPOS="1571" HPOS="1039"/>
                  <String HEIGHT="81"
                          WIDTH="218"
                          VPOS="1571"
                          HPOS="967"
                          CONTENT="pacem"/>
                  <SP HEIGHT="81" WIDTH="24" VPOS="1571" HPOS="1185"/>
                  <String HEIGHT="81"
                          WIDTH="315"
                          VPOS="1571"
                          HPOS="1112"
                          CONTENT="Ecclesiae"/>
                  <SP HEIGHT="81" WIDTH="24" VPOS="1571" HPOS="1427"/>
                  <String HEIGHT="81"
                          WIDTH="291"
                          VPOS="1571"
                          HPOS="1354"
                          CONTENT="perpetuo"/>
                  <SP HEIGHT="81" WIDTH="24" VPOS="1571" HPOS="1645"/>
                  <String HEIGHT="81"
                          WIDTH="412"
                          VPOS="1571"
                          HPOS="1572"
                          CONTENT="conseruandam,"/>
                  <SP HEIGHT="81" WIDTH="24" VPOS="1571" HPOS="1984"/>
                  <String HEIGHT="81" WIDTH="97" VPOS="1571" HPOS="1887" CONTENT="vt"/>
               </TextLine>
               <TextLine ID="r2l26"
                         BASELINE="498,1686 571,1686 645,1686 718,1686 792,1685 865,1685 939,1685 1012,1683 1086,1683 1159,1682 1233,1682 1306,1680 1380,1680 1453,1679 1527,1679 1600,1677 1674,1676 1747,1676 1821,1674 1894,1674 1968,1673"
                         HEIGHT="75"
                         WIDTH="1489"
                         VPOS="1626"
                         HPOS="489">
                  <String HEIGHT="75"
                          WIDTH="271"
                          VPOS="1626"
                          HPOS="466"
                          CONTENT="ostensum"/>
                  <SP HEIGHT="75" WIDTH="23" VPOS="1626" HPOS="737"/>
                  <String HEIGHT="75"
                          WIDTH="158"
                          VPOS="1626"
                          HPOS="669"
                          CONTENT="est"/>
                  <SP HEIGHT="75" WIDTH="23" VPOS="1626" HPOS="827"/>
                  <String HEIGHT="75"
                          WIDTH="316"
                          VPOS="1626"
                          HPOS="760"
                          CONTENT="supradist."/>
                  <SP HEIGHT="75" WIDTH="23" VPOS="1626" HPOS="1076"/>
                  <String HEIGHT="75"
                          WIDTH="135"
                          VPOS="1626"
                          HPOS="1008"
                          CONTENT="I."/>
                  <SP HEIGHT="75" WIDTH="23" VPOS="1626" HPOS="1143"/>
                  <String HEIGHT="75"
                          WIDTH="135"
                          VPOS="1626"
                          HPOS="1076"
                          CONTENT="§."/>
                  <SP HEIGHT="75" WIDTH="23" VPOS="1626" HPOS="1211"/>
                  <String HEIGHT="75"
                          WIDTH="180"
                          VPOS="1626"
                          HPOS="1143"
                          CONTENT="Item"/>
                  <SP HEIGHT="75" WIDTH="23" VPOS="1626" HPOS="1324"/>
                  <String HEIGHT="75"
                          WIDTH="135"
                          VPOS="1626"
                          HPOS="1256"
                          CONTENT="in"/>
                  <SP HEIGHT="75" WIDTH="23" VPOS="1626" HPOS="1391"/>
                  <String HEIGHT="75"
                          WIDTH="158"
                          VPOS="1626"
                          HPOS="1324"
                          CONTENT="hoc"/>
                  <SP HEIGHT="75" WIDTH="23" VPOS="1626" HPOS="1482"/>
                  <String HEIGHT="75"
                          WIDTH="316"
                          VPOS="1626"
                          HPOS="1414"
                          CONTENT="consistit;"/>
                  <SP HEIGHT="75" WIDTH="23" VPOS="1626" HPOS="1730"/>
                  <String HEIGHT="75"
                          WIDTH="248"
                          VPOS="1626"
                          HPOS="1662"
                          CONTENT="quoniam"/>
                  <SP HEIGHT="75" WIDTH="23" VPOS="1626" HPOS="1910"/>
                  <String HEIGHT="75"
                          WIDTH="158"
                          VPOS="1626"
                          HPOS="1820"
                          CONTENT="pacem"/>
               </TextLine>
               <TextLine ID="r2l27"
                         BASELINE="485,1754 558,1754 632,1754 705,1752 779,1752 853,1752 926,1751 1000,1751 1074,1749 1147,1749 1221,1748 1295,1746 1368,1746 1442,1745 1516,1743 1589,1743 1663,1742 1737,1742 1810,1740 1884,1740 1958,1739"
                         HEIGHT="70"
                         WIDTH="1493"
                         VPOS="1702"
                         HPOS="475">
                  <String HEIGHT="70"
                          WIDTH="289"
                          VPOS="1702"
                          HPOS="451"
                          CONTENT="turbant,"/>
                  <SP HEIGHT="70" WIDTH="24" VPOS="1702" HPOS="740"/>
                  <String HEIGHT="70"
                          WIDTH="169"
                          VPOS="1702"
                          HPOS="668"
                          CONTENT="qui"/>
                  <SP HEIGHT="70" WIDTH="24" VPOS="1702" HPOS="836"/>
                  <String HEIGHT="70"
                          WIDTH="265"
                          VPOS="1702"
                          HPOS="764"
                          CONTENT="officia"/>
                  <SP HEIGHT="70" WIDTH="24" VPOS="1702" HPOS="1029"/>
                  <String HEIGHT="70"
                          WIDTH="361"
                          VPOS="1702"
                          HPOS="957"
                          CONTENT="Praelatorum"/>
                  <SP HEIGHT="70" WIDTH="24" VPOS="1702" HPOS="1318"/>
                  <String HEIGHT="70"
                          WIDTH="193"
                          VPOS="1702"
                          HPOS="1246"
                          CONTENT="sibi"/>
                  <SP HEIGHT="70" WIDTH="24" VPOS="1702" HPOS="1438"/>
                  <String HEIGHT="70"
                          WIDTH="289"
                          VPOS="1702"
                          HPOS="1366"
                          CONTENT="assumunt"/>
                  <SP HEIGHT="70" WIDTH="24" VPOS="1702" HPOS="1655"/>
                  <String HEIGHT="70"
                          WIDTH="241"
                          VPOS="1702"
                          HPOS="1583"
                          CONTENT="absque"/>
                  <SP HEIGHT="70" WIDTH="24" VPOS="1702" HPOS="1824"/>
                  <String HEIGHT="70"
                          WIDTH="241"
                          VPOS="1702"
                          HPOS="1727"
                          CONTENT="canonica"/>
               </TextLine>
               <TextLine ID="r2l28"
                         BASELINE="485,1818 558,1818 631,1820 705,1820 778,1818 851,1818 925,1818 998,1817 1071,1816 1145,1815 1218,1814 1291,1812 1365,1811 1438,1811 1511,1809 1585,1808 1658,1807 1731,1806 1805,1805 1878,1804 1952,1803"
                         HEIGHT="79"
                         WIDTH="1485"
                         VPOS="1756"
                         HPOS="476">
                  <String HEIGHT="79"
                          WIDTH="280"
                          VPOS="1756"
                          HPOS="454"
                          CONTENT="missione,"/>
                  <SP HEIGHT="79" WIDTH="22" VPOS="1756" HPOS="734"/>
                  <String HEIGHT="79" WIDTH="129" VPOS="1756" HPOS="670" CONTENT="vt"/>
                  <SP HEIGHT="79" WIDTH="22" VPOS="1756" HPOS="799"/>
                  <String HEIGHT="79"
                          WIDTH="258"
                          VPOS="1756"
                          HPOS="734"
                          CONTENT="ostensum"/>
                  <SP HEIGHT="79" WIDTH="22" VPOS="1756" HPOS="993"/>
                  <String HEIGHT="79"
                          WIDTH="151"
                          VPOS="1756"
                          HPOS="928"
                          CONTENT="est"/>
                  <SP HEIGHT="79" WIDTH="22" VPOS="1756" HPOS="1079"/>
                  <String HEIGHT="79"
                          WIDTH="194"
                          VPOS="1756"
                          HPOS="1014"
                          CONTENT="supra"/>
                  <SP HEIGHT="79" WIDTH="22" VPOS="1756" HPOS="1208"/>
                  <String HEIGHT="79"
                          WIDTH="194"
                          VPOS="1756"
                          HPOS="1143"
                          CONTENT="dist."/>
                  <SP HEIGHT="79" WIDTH="22" VPOS="1756" HPOS="1337"/>
                  <String HEIGHT="79"
                          WIDTH="129"
                          VPOS="1756"
                          HPOS="1272"
                          CONTENT="I."/>
                  <SP HEIGHT="79" WIDTH="22" VPOS="1756" HPOS="1401"/>
                  <String HEIGHT="79"
                          WIDTH="129"
                          VPOS="1756"
                          HPOS="1337"
                          CONTENT="§."/>
                  <SP HEIGHT="79" WIDTH="22" VPOS="1756" HPOS="1466"/>
                  <String HEIGHT="79"
                          WIDTH="151"
                          VPOS="1756"
                          HPOS="1401"
                          CONTENT="Cum"/>
                  <SP HEIGHT="79" WIDTH="22" VPOS="1756" HPOS="1552"/>
                  <String HEIGHT="79"
                          WIDTH="215"
                          VPOS="1756"
                          HPOS="1488"
                          CONTENT="igitur"/>
                  <SP HEIGHT="79" WIDTH="22" VPOS="1756" HPOS="1703"/>
                  <String HEIGHT="79"
                          WIDTH="129"
                          VPOS="1756"
                          HPOS="1638"
                          CONTENT="vt"/>
                  <SP HEIGHT="79" WIDTH="22" VPOS="1756" HPOS="1767"/>
                  <String HEIGHT="79"
                          WIDTH="215"
                          VPOS="1756"
                          HPOS="1703"
                          CONTENT="dictum"/>
                  <SP HEIGHT="79" WIDTH="22" VPOS="1756" HPOS="1918"/>
                  <String HEIGHT="79"
                          WIDTH="129"
                          VPOS="1756"
                          HPOS="1832"
                          CONTENT="est."/>
               </TextLine>
               <TextLine ID="r2l29"
                         BASELINE="623,1883 689,1884 756,1884 822,1884 889,1884 956,1883 1022,1883 1089,1881 1156,1881 1222,1880 1289,1878 1356,1877 1422,1877 1489,1875 1556,1874 1622,1874 1689,1872 1756,1872 1822,1871 1889,1871 1956,1871"
                         HEIGHT="82"
                         WIDTH="1351"
                         VPOS="1826"
                         HPOS="614">
                  <String HEIGHT="82" WIDTH="150" VPOS="1826" HPOS="589" CONTENT="§."/>
                  <SP HEIGHT="82" WIDTH="25" VPOS="1826" HPOS="739"/>
                  <String HEIGHT="82" WIDTH="150" VPOS="1826" HPOS="664" CONTENT="Si"/>
                  <SP HEIGHT="82" WIDTH="25" VPOS="1826" HPOS="814"/>
                  <String HEIGHT="82"
                          WIDTH="175"
                          VPOS="1826"
                          HPOS="739"
                          CONTENT="qui"/>
                  <SP HEIGHT="82" WIDTH="25" VPOS="1826" HPOS="914"/>
                  <String HEIGHT="82"
                          WIDTH="200"
                          VPOS="1826"
                          HPOS="839"
                          CONTENT="ergo"/>
                  <SP HEIGHT="82" WIDTH="25" VPOS="1826" HPOS="1039"/>
                  <String HEIGHT="82"
                          WIDTH="450"
                          VPOS="1826"
                          HPOS="964"
                          CONTENT="-Praedicatores"/>
                  <SP HEIGHT="82" WIDTH="25" VPOS="1826" HPOS="1415"/>
                  <String HEIGHT="82"
                          WIDTH="175"
                          VPOS="1826"
                          HPOS="1340"
                          CONTENT="(de"/>
                  <SP HEIGHT="82" WIDTH="25" VPOS="1826" HPOS="1515"/>
                  <String HEIGHT="82"
                          WIDTH="250"
                          VPOS="1826"
                          HPOS="1440"
                          CONTENT="quorum"/>
                  <SP HEIGHT="82" WIDTH="25" VPOS="1826" HPOS="1690"/>
                  <String HEIGHT="82"
                          WIDTH="300"
                          VPOS="1826"
                          HPOS="1615"
                          CONTENT="Canonica"/>
                  <SP HEIGHT="82" WIDTH="25" VPOS="1826" HPOS="1915"/>
                  <String HEIGHT="82"
                          WIDTH="150"
                          VPOS="1826"
                          HPOS="1815"
                          CONTENT="mis¬"
                          SUBS_TYPE="HypPart1"
                          SUBS_CONTENT="missione,"/>
                  <HYP CONTENT="-"/>
               </TextLine>
               <TextLine ID="r2l30"
                         BASELINE="494,1950 571,1950 649,1952 727,1952 805,1952 883,1950 961,1950 1038,1949 1116,1949 1194,1947 1272,1946 1350,1944 1428,1943 1505,1942 1583,1940 1661,1940 1739,1938 1817,1937 1895,1935 1973,1935"
                         HEIGHT="68"
                         WIDTH="1498"
                         VPOS="1903"
                         HPOS="484">
                  <String HEIGHT="68"
                          WIDTH="268"
                          VPOS="1903"
                          HPOS="457"
                          CONTENT="sione,"
                          SUBS_TYPE="HypPart2"
                          SUBS_CONTENT="missione,"/>
                  <SP HEIGHT="68" WIDTH="27" VPOS="1903" HPOS="725"/>
                  <String HEIGHT="68"
                          WIDTH="187"
                          VPOS="1903"
                          HPOS="645"
                          CONTENT="sen"/>
                  <SP HEIGHT="68" WIDTH="27" VPOS="1903" HPOS="832"/>
                  <String HEIGHT="68"
                          WIDTH="348"
                          VPOS="1903"
                          HPOS="752"
                          CONTENT="vocatione"/>
                  <SP HEIGHT="68" WIDTH="27" VPOS="1903" HPOS="1099"/>
                  <String HEIGHT="68"
                          WIDTH="187"
                          VPOS="1903"
                          HPOS="1019"
                          CONTENT="non"/>
                  <SP HEIGHT="68" WIDTH="27" VPOS="1903" HPOS="1206"/>
                  <String HEIGHT="68"
                          WIDTH="321"
                          VPOS="1903"
                          HPOS="1126"
                          CONTENT="constet)"/>
                  <SP HEIGHT="68" WIDTH="27" VPOS="1903" HPOS="1447"/>
                  <String HEIGHT="68"
                          WIDTH="187"
                          VPOS="1903"
                          HPOS="1367"
                          CONTENT="non"/>
                  <SP HEIGHT="68" WIDTH="27" VPOS="1903" HPOS="1554"/>
                  <String HEIGHT="68"
                          WIDTH="321"
                          VPOS="1903"
                          HPOS="1474"
                          CONTENT="habentes"/>
                  <SP HEIGHT="68" WIDTH="27" VPOS="1903" HPOS="1795"/>
                  <String HEIGHT="68"
                          WIDTH="294"
                          VPOS="1903"
                          HPOS="1688"
                          CONTENT="generalem"/>
               </TextLine>
               <TextLine ID="r2l31"
                         BASELINE="504,2019 579,2019 655,2018 731,2018 806,2016 882,2016 958,2016 1034,2015 1109,2015 1185,2013 1261,2013 1337,2012 1412,2010 1488,2010 1564,2009 1640,2008 1715,2007 1791,2006 1867,2004 1943,2003"
                         HEIGHT="63"
                         WIDTH="1458"
                         VPOS="1971"
                         HPOS="494">
                  <String HEIGHT="63"
                          WIDTH="391"
                          VPOS="1971"
                          HPOS="468"
                          CONTENT="legationem,"/>
                  <SP HEIGHT="63" WIDTH="26" VPOS="1971" HPOS="859"/>
                  <String HEIGHT="63" WIDTH="156" VPOS="1971" HPOS="780" CONTENT="ad"/>
                  <SP HEIGHT="63" WIDTH="26" VPOS="1971" HPOS="937"/>
                  <String HEIGHT="63"
                          WIDTH="260"
                          VPOS="1971"
                          HPOS="859"
                          CONTENT="instar"/>
                  <SP HEIGHT="63" WIDTH="26" VPOS="1971" HPOS="1119"/>
                  <String HEIGHT="63"
                          WIDTH="260"
                          VPOS="1971"
                          HPOS="1041"
                          CONTENT="Pauli;"/>
                  <SP HEIGHT="63" WIDTH="26" VPOS="1971" HPOS="1301"/>
                  <String HEIGHT="63"
                          WIDTH="182"
                          VPOS="1971"
                          HPOS="1223"
                          CONTENT="vel"/>
                  <SP HEIGHT="63" WIDTH="26" VPOS="1971" HPOS="1405"/>
                  <String HEIGHT="63"
                          WIDTH="260"
                          VPOS="1971"
                          HPOS="1327"
                          CONTENT="saltem"/>
                  <SP HEIGHT="63" WIDTH="26" VPOS="1971" HPOS="1588"/>
                  <String HEIGHT="63"
                          WIDTH="260"
                          VPOS="1971"
                          HPOS="1509"
                          CONTENT="certas"/>
                  <SP HEIGHT="63" WIDTH="26" VPOS="1971" HPOS="1770"/>
                  <String HEIGHT="63"
                          WIDTH="286"
                          VPOS="1971"
                          HPOS="1666"
                          CONTENT="Ecclesias"/>
               </TextLine>
               <TextLine ID="r2l32"
                         BASELINE="504,2085 577,2085 650,2084 723,2084 796,2084 870,2084 943,2082 1016,2082 1089,2081 1162,2081 1236,2079 1309,2078 1382,2076 1455,2076 1528,2075 1602,2073 1675,2073 1748,2072 1821,2070 1894,2069 1968,2069"
                         HEIGHT="64"
                         WIDTH="1483"
                         VPOS="2037"
                         HPOS="494">
                  <String HEIGHT="64"
                          WIDTH="170"
                          VPOS="2037"
                          HPOS="470"
                          CONTENT="vel"/>
                  <SP HEIGHT="64" WIDTH="24" VPOS="2037" HPOS="640"/>
                  <String HEIGHT="64"
                          WIDTH="243"
                          VPOS="2037"
                          HPOS="567"
                          CONTENT="certas"/>
                  <SP HEIGHT="64" WIDTH="24" VPOS="2037" HPOS="810"/>
                  <String HEIGHT="64"
                          WIDTH="340"
                          VPOS="2037"
                          HPOS="737"
                          CONTENT="Prouincias"/>
                  <SP HEIGHT="64" WIDTH="24" VPOS="2037" HPOS="1077"/>
                  <String HEIGHT="64"
                          WIDTH="194"
                          VPOS="2037"
                          HPOS="1005"
                          CONTENT="sibi"/>
                  <SP HEIGHT="64" WIDTH="24" VPOS="2037" HPOS="1199"/>
                  <String HEIGHT="64"
                          WIDTH="146"
                          VPOS="2037"
                          HPOS="1126"
                          CONTENT="ad"/>
                  <SP HEIGHT="64" WIDTH="24" VPOS="2037" HPOS="1272"/>
                  <String HEIGHT="64"
                          WIDTH="243"
                          VPOS="2037"
                          HPOS="1199"
                          CONTENT="instar"/>
                  <SP HEIGHT="64" WIDTH="24" VPOS="2037" HPOS="1442"/>
                  <String HEIGHT="64"
                          WIDTH="267"
                          VPOS="2037"
                          HPOS="1369"
                          CONTENT="aliorum"/>
                  <SP HEIGHT="64" WIDTH="24" VPOS="2037" HPOS="1637"/>
                  <String HEIGHT="64"
                          WIDTH="365"
                          VPOS="2037"
                          HPOS="1564"
                          CONTENT="Apostolorum"/>
                  <SP HEIGHT="64" WIDTH="24" VPOS="2037" HPOS="1928"/>
                  <String HEIGHT="64"
                          WIDTH="146"
                          VPOS="2037"
                          HPOS="1831"
                          CONTENT="spe¬"
                          SUBS_TYPE="HypPart1"
                          SUBS_CONTENT="specialiter"/>
                  <HYP CONTENT="-"/>
               </TextLine>
               <TextLine ID="r2l33"
                         BASELINE="497,2153 570,2153 644,2151 717,2151 791,2150 864,2150 938,2148 1011,2148 1085,2147 1158,2145 1232,2145 1306,2144 1379,2142 1453,2141 1526,2141 1600,2139 1673,2139 1747,2138 1820,2138 1894,2138 1968,2138"
                         HEIGHT="73"
                         WIDTH="1491"
                         VPOS="2090"
                         HPOS="487">
                  <String HEIGHT="73"
                          WIDTH="308"
                          VPOS="2090"
                          HPOS="461"
                          CONTENT="cialiter"
                          SUBS_TYPE="HypPart2"
                          SUBS_CONTENT="specialiter"/>
                  <SP HEIGHT="73" WIDTH="26" VPOS="2090" HPOS="770"/>
                  <String HEIGHT="73" WIDTH="129" VPOS="2090" HPOS="693" CONTENT="&amp;"/>
                  <SP HEIGHT="73" WIDTH="26" VPOS="2090" HPOS="821"/>
                  <String HEIGHT="73"
                          WIDTH="308"
                          VPOS="2090"
                          HPOS="744"
                          CONTENT="canonice"/>
                  <SP HEIGHT="73" WIDTH="26" VPOS="2090" HPOS="1053"/>
                  <String HEIGHT="73"
                          WIDTH="386"
                          VPOS="2090"
                          HPOS="975"
                          CONTENT="assignatas,"/>
                  <SP HEIGHT="73" WIDTH="26" VPOS="2090" HPOS="1361"/>
                  <String HEIGHT="73"
                          WIDTH="257"
                          VPOS="2090"
                          HPOS="1284"
                          CONTENT="omissa"/>
                  <SP HEIGHT="73" WIDTH="26" VPOS="2090" HPOS="1541"/>
                  <String HEIGHT="73"
                          WIDTH="386"
                          VPOS="2090"
                          HPOS="1464"
                          CONTENT="multitudine"/>
                  <SP HEIGHT="73" WIDTH="26" VPOS="2090" HPOS="1849"/>
                  <String HEIGHT="73"
                          WIDTH="231"
                          VPOS="2090"
                          HPOS="1747"
                          CONTENT="immensa"/>
               </TextLine>
               <TextLine ID="r2l34"
                         BASELINE="500,2219 573,2219 647,2219 720,2217 794,2217 868,2217 941,2216 1015,2214 1089,2214 1162,2213 1236,2211 1310,2210 1383,2210 1457,2208 1531,2207 1604,2207 1678,2205 1752,2205 1825,2204 1899,2204 1973,2204"
                         HEIGHT="82"
                         WIDTH="1493"
                         VPOS="2153"
                         HPOS="490">
                  <String HEIGHT="82"
                          WIDTH="393"
                          VPOS="2153"
                          HPOS="464"
                          CONTENT="infidelium,"/>
                  <SP HEIGHT="82" WIDTH="26" VPOS="2153" HPOS="857"/>
                  <String HEIGHT="82"
                          WIDTH="210"
                          VPOS="2153"
                          HPOS="778"
                          CONTENT="quae"/>
                  <SP HEIGHT="82" WIDTH="26" VPOS="2153" HPOS="988"/>
                  <String HEIGHT="82"
                          WIDTH="236"
                          VPOS="2153"
                          HPOS="909"
                          CONTENT="adhuc"/>
                  <SP HEIGHT="82" WIDTH="26" VPOS="2153" HPOS="1145"/>
                  <String HEIGHT="82"
                          WIDTH="288"
                          VPOS="2153"
                          HPOS="1066"
                          CONTENT="remanet"/>
                  <SP HEIGHT="82" WIDTH="26" VPOS="2153" HPOS="1354"/>
                  <String HEIGHT="82"
                          WIDTH="419"
                          VPOS="2153"
                          HPOS="1276"
                          CONTENT="conuertenda,"/>
                  <SP HEIGHT="82" WIDTH="26" VPOS="2153" HPOS="1695"/>
                  <String HEIGHT="82"
                          WIDTH="210"
                          VPOS="2153"
                          HPOS="1616"
                          CONTENT="sine"/>
                  <SP HEIGHT="82" WIDTH="26" VPOS="2153" HPOS="1826"/>
                  <String HEIGHT="82"
                          WIDTH="262"
                          VPOS="2153"
                          HPOS="1721"
                          CONTENT="canonica"/>
               </TextLine>
               <TextLine ID="r2l35"
                         BASELINE="503,2285 576,2286 650,2286 723,2286 797,2285 870,2285 944,2283 1017,2283 1091,2282 1164,2280 1238,2279 1312,2278 1385,2276 1459,2276 1532,2274 1606,2273 1679,2271 1753,2271 1826,2270 1900,2270 1974,2270"
                         HEIGHT="82"
                         WIDTH="1489"
                         VPOS="2219"
                         HPOS="494">
                  <String HEIGHT="82"
                          WIDTH="308"
                          VPOS="2219"
                          HPOS="468"
                          CONTENT="missione"/>
                  <SP HEIGHT="82" WIDTH="26" VPOS="2219" HPOS="776"/>
                  <String HEIGHT="82" WIDTH="154" VPOS="2219" HPOS="699" CONTENT="se"/>
                  <SP HEIGHT="82" WIDTH="26" VPOS="2219" HPOS="853"/>
                  <String HEIGHT="82" WIDTH="154" VPOS="2219" HPOS="776" CONTENT="ex"/>
                  <SP HEIGHT="82" WIDTH="26" VPOS="2219" HPOS="930"/>
                  <String HEIGHT="82"
                          WIDTH="205"
                          VPOS="2219"
                          HPOS="853"
                          CONTENT="more"/>
                  <SP HEIGHT="82" WIDTH="26" VPOS="2219" HPOS="1059"/>
                  <String HEIGHT="82"
                          WIDTH="308"
                          VPOS="2219"
                          HPOS="982"
                          CONTENT="ingerant"/>
                  <SP HEIGHT="82" WIDTH="26" VPOS="2219" HPOS="1290"/>
                  <String HEIGHT="82"
                          WIDTH="154"
                          VPOS="2219"
                          HPOS="1213"
                          CONTENT="ad"/>
                  <SP HEIGHT="82" WIDTH="26" VPOS="2219" HPOS="1367"/>
                  <String HEIGHT="82"
                          WIDTH="411"
                          VPOS="2219"
                          HPOS="1290"
                          CONTENT="praedicandum"/>
                  <SP HEIGHT="82" WIDTH="26" VPOS="2219" HPOS="1701"/>
                  <String HEIGHT="82"
                          WIDTH="334"
                          VPOS="2219"
                          HPOS="1624"
                          CONTENT="fidelibus"/>
                  <SP HEIGHT="82" WIDTH="26" VPOS="2219" HPOS="1957"/>
                  <String HEIGHT="82"
                          WIDTH="128"
                          VPOS="2219"
                          HPOS="1855"
                          CONTENT="iam"/>
               </TextLine>
               <TextLine ID="r2l36"
                         BASELINE="507,2354 579,2354 652,2354 725,2352 798,2352 871,2351 944,2351 1016,2349 1089,2349 1162,2348 1235,2346 1308,2345 1381,2343 1454,2343 1526,2342 1599,2340 1672,2339 1745,2337 1818,2337 1891,2336 1964,2336"
                         HEIGHT="82"
                         WIDTH="1476"
                         VPOS="2282"
                         HPOS="497">
                  <String HEIGHT="82"
                          WIDTH="333"
                          VPOS="2282"
                          HPOS="473"
                          CONTENT="conuersis,"/>
                  <SP HEIGHT="82" WIDTH="24" VPOS="2282" HPOS="806"/>
                  <String HEIGHT="82"
                          WIDTH="333"
                          VPOS="2282"
                          HPOS="735"
                          CONTENT="habentibus"/>
                  <SP HEIGHT="82" WIDTH="24" VPOS="2282" HPOS="1068"/>
                  <String HEIGHT="82"
                          WIDTH="286"
                          VPOS="2282"
                          HPOS="997"
                          CONTENT="proprios"/>
                  <SP HEIGHT="82" WIDTH="24" VPOS="2282" HPOS="1283"/>
                  <String HEIGHT="82"
                          WIDTH="333"
                          VPOS="2282"
                          HPOS="1211"
                          CONTENT="Apostolos,"/>
                  <SP HEIGHT="82" WIDTH="24" VPOS="2282" HPOS="1544"/>
                  <String HEIGHT="82"
                          WIDTH="143"
                          VPOS="2282"
                          HPOS="1473"
                          CONTENT="vt"/>
                  <SP HEIGHT="82" WIDTH="24" VPOS="2282" HPOS="1616"/>
                  <String HEIGHT="82"
                          WIDTH="238"
                          VPOS="2282"
                          HPOS="1544"
                          CONTENT="dictum"/>
                  <SP HEIGHT="82" WIDTH="24" VPOS="2282" HPOS="1783"/>
                  <String HEIGHT="82"
                          WIDTH="167"
                          VPOS="2282"
                          HPOS="1711"
                          CONTENT="est"/>
                  <SP HEIGHT="82" WIDTH="24" VPOS="2282" HPOS="1878"/>
                  <String HEIGHT="82"
                          WIDTH="190"
                          VPOS="2282"
                          HPOS="1783"
                          CONTENT="supra;"/>
               </TextLine>
               <TextLine ID="r2l37"
                         BASELINE="497,2420 570,2420 644,2420 717,2420 791,2420 864,2418 938,2418 1011,2417 1085,2415 1158,2414 1232,2414 1305,2412 1379,2411 1452,2409 1526,2408 1599,2406 1673,2406 1746,2405 1820,2403 1893,2403 1967,2402"
                         HEIGHT="81"
                         WIDTH="1489"
                         VPOS="2371"
                         HPOS="486">
                  <String HEIGHT="81" WIDTH="128" VPOS="2371" HPOS="460" CONTENT="&amp;"/>
                  <SP HEIGHT="81" WIDTH="26" VPOS="2371" HPOS="589"/>
                  <String HEIGHT="81" WIDTH="154" VPOS="2371" HPOS="512" CONTENT="ex"/>
                  <SP HEIGHT="81" WIDTH="26" VPOS="2371" HPOS="666"/>
                  <String HEIGHT="81"
                          WIDTH="180"
                          VPOS="2371"
                          HPOS="589"
                          CONTENT="hoc"/>
                  <SP HEIGHT="81" WIDTH="26" VPOS="2371" HPOS="768"/>
                  <String HEIGHT="81"
                          WIDTH="231"
                          VPOS="2371"
                          HPOS="691"
                          CONTENT="etiam"/>
                  <SP HEIGHT="81" WIDTH="26" VPOS="2371" HPOS="922"/>
                  <String HEIGHT="81"
                          WIDTH="359"
                          VPOS="2371"
                          HPOS="845"
                          CONTENT="glorientur"/>
                  <SP HEIGHT="81" WIDTH="26" VPOS="2371" HPOS="1205"/>
                  <String HEIGHT="81"
                          WIDTH="154"
                          VPOS="2371"
                          HPOS="1128"
                          CONTENT="se"/>
                  <SP HEIGHT="81" WIDTH="26" VPOS="2371" HPOS="1282"/>
                  <String HEIGHT="81"
                          WIDTH="308"
                          VPOS="2371"
                          HPOS="1205"
                          CONTENT="plurimum"/>
                  <SP HEIGHT="81" WIDTH="26" VPOS="2371" HPOS="1513"/>
                  <String HEIGHT="81"
                          WIDTH="334"
                          VPOS="2371"
                          HPOS="1436"
                          CONTENT="occupatos"/>
                  <SP HEIGHT="81" WIDTH="26" VPOS="2371" HPOS="1770"/>
                  <String HEIGHT="81"
                          WIDTH="154"
                          VPOS="2371"
                          HPOS="1693"
                          CONTENT="in"/>
                  <SP HEIGHT="81" WIDTH="26" VPOS="2371" HPOS="1847"/>
                  <String HEIGHT="81"
                          WIDTH="231"
                          VPOS="2371"
                          HPOS="1744"
                          CONTENT="militia"/>
               </TextLine>
               <TextLine ID="r2l38"
                         BASELINE="509,2486 582,2486 655,2486 728,2487 801,2486 874,2486 947,2486 1020,2484 1093,2484 1166,2483 1239,2481 1312,2480 1385,2480 1458,2478 1531,2477 1604,2475 1677,2473 1750,2471 1823,2471 1896,2469 1970,2468"
                         HEIGHT="81"
                         WIDTH="1480"
                         VPOS="2419"
                         HPOS="499">
                  <String HEIGHT="81"
                          WIDTH="278"
                          VPOS="2419"
                          HPOS="476"
                          CONTENT="Christi;"/>
                  <SP HEIGHT="81" WIDTH="23" VPOS="2419" HPOS="753"/>
                  <String HEIGHT="81"
                          WIDTH="278"
                          VPOS="2419"
                          HPOS="684"
                          CONTENT="videntur"/>
                  <SP HEIGHT="81" WIDTH="23" VPOS="2419" HPOS="962"/>
                  <String HEIGHT="81"
                          WIDTH="208"
                          VPOS="2419"
                          HPOS="892"
                          CONTENT="velle"/>
                  <SP HEIGHT="81" WIDTH="23" VPOS="2419" HPOS="1100"/>
                  <String HEIGHT="81"
                          WIDTH="278"
                          VPOS="2419"
                          HPOS="1031"
                          CONTENT="gloriari"/>
                  <SP HEIGHT="81" WIDTH="23" VPOS="2419" HPOS="1308"/>
                  <String HEIGHT="81"
                          WIDTH="139"
                          VPOS="2419"
                          HPOS="1239"
                          CONTENT="in"/>
                  <SP HEIGHT="81" WIDTH="23" VPOS="2419" HPOS="1378"/>
                  <String HEIGHT="81"
                          WIDTH="278"
                          VPOS="2419"
                          HPOS="1308"
                          CONTENT="plebibus"/>
                  <SP HEIGHT="81" WIDTH="23" VPOS="2419" HPOS="1586"/>
                  <String HEIGHT="81"
                          WIDTH="278"
                          VPOS="2419"
                          HPOS="1517"
                          CONTENT="alienis;"/>
                  <SP HEIGHT="81" WIDTH="23" VPOS="2419" HPOS="1794"/>
                  <String HEIGHT="81" WIDTH="116" VPOS="2419" HPOS="1725" CONTENT="&amp;"/>
                  <SP HEIGHT="81" WIDTH="23" VPOS="2419" HPOS="1840"/>
                  <String HEIGHT="81"
                          WIDTH="185"
                          VPOS="2419"
                          HPOS="1771"
                          CONTENT="ideo"/>
                  <SP HEIGHT="81" WIDTH="23" VPOS="2419" HPOS="1956"/>
                  <String HEIGHT="81"
                          WIDTH="116"
                          VPOS="2419"
                          HPOS="1863"
                          CONTENT="non"/>
               </TextLine>
               <TextLine ID="r2l39"
                         BASELINE="510,2553 583,2553 656,2553 729,2553 803,2553 876,2552 949,2552 1023,2550 1096,2550 1169,2549 1243,2547 1316,2547 1389,2546 1462,2544 1536,2543 1609,2542 1682,2540 1756,2540 1829,2538 1902,2537 1976,2535"
                         HEIGHT="56"
                         WIDTH="1485"
                         VPOS="2516"
                         HPOS="500">
                  <String HEIGHT="56"
                          WIDTH="274"
                          VPOS="2516"
                          HPOS="477"
                          CONTENT="videntur"/>
                  <SP HEIGHT="56" WIDTH="23" VPOS="2516" HPOS="751"/>
                  <String HEIGHT="56"
                          WIDTH="183"
                          VPOS="2516"
                          HPOS="683"
                          CONTENT="esse"/>
                  <SP HEIGHT="56" WIDTH="23" VPOS="2516" HPOS="866"/>
                  <String HEIGHT="56"
                          WIDTH="183"
                          VPOS="2516"
                          HPOS="797"
                          CONTENT="veri"/>
                  <SP HEIGHT="56" WIDTH="23" VPOS="2516" HPOS="980"/>
                  <String HEIGHT="56"
                          WIDTH="297"
                          VPOS="2516"
                          HPOS="911"
                          CONTENT="Apostoli;"/>
                  <SP HEIGHT="56" WIDTH="23" VPOS="2516" HPOS="1208"/>
                  <String HEIGHT="56"
                          WIDTH="160"
                          VPOS="2516"
                          HPOS="1140"
                          CONTENT="sed"/>
                  <SP HEIGHT="56" WIDTH="23" VPOS="2516" HPOS="1300"/>
                  <String HEIGHT="56"
                          WIDTH="228"
                          VPOS="2516"
                          HPOS="1231"
                          CONTENT="potius"/>
                  <SP HEIGHT="56" WIDTH="23" VPOS="2516" HPOS="1460"/>
                  <String HEIGHT="56"
                          WIDTH="274"
                          VPOS="2516"
                          HPOS="1391"
                          CONTENT="suspecti"/>
                  <SP HEIGHT="56" WIDTH="23" VPOS="2516" HPOS="1665"/>
                  <String HEIGHT="56"
                          WIDTH="228"
                          VPOS="2516"
                          HPOS="1597"
                          CONTENT="haberi"/>
                  <SP HEIGHT="56" WIDTH="23" VPOS="2516" HPOS="1825"/>
                  <String HEIGHT="56"
                          WIDTH="274"
                          VPOS="2516"
                          HPOS="1757"
                          CONTENT="possunt,"/>
                  <SP HEIGHT="56" WIDTH="23" VPOS="2516" HPOS="2031"/>
                  <String HEIGHT="56" WIDTH="46" VPOS="2516" HPOS="1939" CONTENT=""/>
               </TextLine>
               <TextLine ID="r2l40"
                         BASELINE="486,2622 512,2621 538,2621 564,2621 591,2621 617,2621 643,2621 670,2619 696,2619 722,2619 748,2619 775,2619 801,2619 827,2619 854,2618"
                         HEIGHT="67"
                         WIDTH="388"
                         VPOS="2570"
                         HPOS="476">
                  <String HEIGHT="67" WIDTH="155" VPOS="2570" HPOS="450" CONTENT="ne"/>
                  <SP HEIGHT="67" WIDTH="26" VPOS="2570" HPOS="605"/>
                  <String HEIGHT="67"
                          WIDTH="207"
                          VPOS="2570"
                          HPOS="528"
                          CONTENT="sint"/>
                  <SP HEIGHT="67" WIDTH="26" VPOS="2570" HPOS="735"/>
                  <String HEIGHT="67"
                          WIDTH="233"
                          VPOS="2570"
                          HPOS="631"
                          CONTENT="Pseudo."/>
               </TextLine>
               <TextLine ID="r2l41"
                         BASELINE="587,2687 656,2687 726,2688 796,2687 866,2687 935,2687 1005,2685 1075,2685 1145,2684 1214,2682 1284,2681 1354,2680 1424,2679 1493,2678 1563,2676 1633,2675 1703,2673 1772,2673 1842,2672 1912,2670 1982,2670"
                         HEIGHT="90"
                         WIDTH="1413"
                         VPOS="2618"
                         HPOS="578">
                  <String HEIGHT="90" WIDTH="151" VPOS="2618" HPOS="553" CONTENT="§."/>
                  <SP HEIGHT="90" WIDTH="25" VPOS="2618" HPOS="704"/>
                  <String HEIGHT="90"
                          WIDTH="278"
                          VPOS="2618"
                          HPOS="628"
                          CONTENT="Octauum"/>
                  <SP HEIGHT="90" WIDTH="25" VPOS="2618" HPOS="906"/>
                  <String HEIGHT="90"
                          WIDTH="252"
                          VPOS="2618"
                          HPOS="830"
                          CONTENT="Signum"/>
                  <SP HEIGHT="90" WIDTH="25" VPOS="2618" HPOS="1083"/>
                  <String HEIGHT="90"
                          WIDTH="252"
                          VPOS="2618"
                          HPOS="1007"
                          CONTENT="potest"/>
                  <SP HEIGHT="90" WIDTH="25" VPOS="2618" HPOS="1259"/>
                  <String HEIGHT="90"
                          WIDTH="227"
                          VPOS="2618"
                          HPOS="1184"
                          CONTENT="esse,"/>
                  <SP HEIGHT="90" WIDTH="25" VPOS="2618" HPOS="1411"/>
                  <String HEIGHT="90"
                          WIDTH="202"
                          VPOS="2618"
                          HPOS="1335"
                          CONTENT="Quod"/>
                  <SP HEIGHT="90" WIDTH="25" VPOS="2618" HPOS="1537"/>
                  <String HEIGHT="90"
                          WIDTH="202"
                          VPOS="2618"
                          HPOS="1461"
                          CONTENT="veri"/>
                  <SP HEIGHT="90" WIDTH="25" VPOS="2618" HPOS="1663"/>
                  <String HEIGHT="90"
                          WIDTH="454"
                          VPOS="2618"
                          HPOS="1587"
                          CONTENT="Praedicatores,"/>
                  <SP HEIGHT="90" WIDTH="25" VPOS="2618" HPOS="2041"/>
                  <String HEIGHT="90" WIDTH="50" VPOS="2618" HPOS="1941" CONTENT=""/>
               </TextLine>
               <TextLine ID="r2l42"
                         BASELINE="489,2757 566,2759 644,2759 722,2759 800,2759 878,2757 956,2757 1033,2756 1111,2754 1189,2753 1267,2751 1345,2748 1423,2747 1500,2745 1578,2744 1656,2742 1734,2741 1812,2741 1890,2739 1968,2739"
                         HEIGHT="87"
                         WIDTH="1498"
                         VPOS="2690"
                         HPOS="479">
                  <String HEIGHT="87"
                          WIDTH="254"
                          VPOS="2690"
                          HPOS="454"
                          CONTENT="quando"/>
                  <SP HEIGHT="87" WIDTH="25" VPOS="2690" HPOS="708"/>
                  <String HEIGHT="87" WIDTH="152" VPOS="2690" HPOS="631" CONTENT="in"/>
                  <SP HEIGHT="87" WIDTH="25" VPOS="2690" HPOS="784"/>
                  <String HEIGHT="87"
                          WIDTH="355"
                          VPOS="2690"
                          HPOS="708"
                          CONTENT="legationem"/>
                  <SP HEIGHT="87" WIDTH="25" VPOS="2690" HPOS="1063"/>
                  <String HEIGHT="87"
                          WIDTH="355"
                          VPOS="2690"
                          HPOS="987"
                          CONTENT="mittuntur,"/>
                  <SP HEIGHT="87" WIDTH="25" VPOS="2690" HPOS="1342"/>
                  <String HEIGHT="87"
                          WIDTH="254"
                          VPOS="2690"
                          HPOS="1266"
                          CONTENT="vadunt"/>
                  <SP HEIGHT="87" WIDTH="25" VPOS="2690" HPOS="1520"/>
                  <String HEIGHT="87"
                          WIDTH="152"
                          VPOS="2690"
                          HPOS="1444"
                          CONTENT="in"/>
                  <SP HEIGHT="87" WIDTH="25" VPOS="2690" HPOS="1596"/>
                  <String HEIGHT="87"
                          WIDTH="203"
                          VPOS="2690"
                          HPOS="1520"
                          CONTENT="suam"/>
                  <SP HEIGHT="87" WIDTH="25" VPOS="2690" HPOS="1723"/>
                  <String HEIGHT="87"
                          WIDTH="381"
                          VPOS="2690"
                          HPOS="1647"
                          CONTENT="legationem,"/>
                  <SP HEIGHT="87" WIDTH="25" VPOS="2690" HPOS="2028"/>
                  <String HEIGHT="87" WIDTH="51" VPOS="2690" HPOS="1926" CONTENT=""/>
               </TextLine>
            </TextBlock>
         </PrintSpace>
      </Page>
   </Layout>
</alto>
