2592 3508
531 155 311 85 quentiam
764 155 259 85 maxime
946 155 415 85 perfectionis
1283 155 389 85 insintando,
1593 155 389 85 artificiose
1879 155 155 85 com¬-

522 197 308 111 mendant,
753 197 154 111 in
830 197 410 111 depressionem
1164 197 231 111 etiam
1318 197 308 111 aliorum;
1549 197 205 111 quod
1677 197 180 111 non
1779 197 180 111 est
1856 197 180 111 lici¬-

522 263 179 101 tum
625 263 384 101 Christiano,
932 263 154 101 vt
1009 263 358 101 ostendetur
1291 263 256 101 infra,
1470 263 282 101 proximo
1675 263 256 101 signo.
1854 263 154 101 §.
1905 263 128 101 Sed

522 333 252 102 forte.
698 333 201 102 Item
824 333 453 102 Praedicatores,
1201 333 151 102 de
1276 333 277 102 quoruim
1478 333 302 102 canonica
1704 333 302 102 missione
1905 333 126 102 non

532 411 309 57 constat,
764 411 180 57 non
867 411 283 57 propter
1073 411 283 57 salutem
1280 411 335 57 animarum,
1537 411 180 57 sed
1640 411 155 57 ad
1718 411 180 57 sui
1795 411 232 57 commen¬-

536 467 297 72 dationem
759 467 346 72 praedicare
1031 467 322 72 videntur.
1279 467 198 72 Vnde
1402 467 223 72 super
1551 467 223 72 illud
1699 467 148 72 2.
1774 467 297 72 Corinth.

530 545 178 90 1o.
631 545 178 90 Non
733 545 203 90 enim
860 545 178 90 qui
962 545 280 90 seipsum
1165 545 331 90 commendat
1420 545 178 90 &c.
1521 545 229 90 dicit
1674 545 229 90 Glos.
1801 545 229 90 Seipsum

534 609 339 66 commendat,
800 609 170 66 qui
897 609 315 66 praedicat
1140 609 170 66 non
1237 609 267 66 missus.
1431 609 194 66 Item
1552 609 267 66 serpsum
1746 609 339 66 commendat,

538 670 187 73 qui
645 670 240 73 facta
805 670 187 73 sua
912 670 374 73 commendat,
1206 670 214 73 quod
1339 670 187 73 est
1446 670 320 73 peccatum
1686 670 320 73 maximum.
1900 670 133 73 Vn¬-

524 738 145 90 de
596 738 218 90 super
741 738 218 90 illud
887 738 169 90 Iob
983 738 169 90 31.
1080 738 145 90 Si
1153 738 314 90 osculatus
1394 738 169 90 sum
1491 738 242 90 manuum
1660 738 193 90 meam
1781 738 169 90 ore
1878 738 193 90 meo,

531 810 184 70 quae
646 810 161 70 est
738 810 298 70 iniquitas
967 810 252 70 maxima,
1151 810 207 70 dicit
1289 810 207 70 Glos.
1426 810 207 70 Manum
1564 810 184 70 suam
1679 810 298 70 osculatur
1885 810 161 70 orae¬

505 851 114 38 c

526 866 164 82 suo,
629 866 144 82 qui
711 866 205 82 laudat
855 866 164 82 quae
958 866 205 82 facit,

610 938 159 89 §.
689 938 185 89 Sed
795 938 265 89 forsan
980 938 238 89 dicet
1139 938 609 89 Pseudo-Praedicator.
1669 938 238 89 Nonne
1802 938 238 89 Aposto¬-

522 999 257 92 stolus
702 999 385 92 commendauit
1010 999 282 92 seipsum
1215 999 154 92 2.
1293 999 282 92 Corinth
1498 999 180 92 II.
1601 999 282 92 dicens.
1780 999 257 92 Ministri

525 1074 267 68 Christi
719 1074 219 68 sunt,
865 1074 121 68 &
913 1074 194 68 ego,
1035 1074 146 68 in
1108 1074 316 68 laboribus
1351 1074 316 68 plurimis,
1594 1074 170 68 &c.
1691 1074 121 68 &
1739 1074 146 68 2.
1788 1074 243 68 Corinth¬-

535 1146 162 74 r2.
628 1146 255 74 Ioquens
813 1146 139 74 de
883 1146 232 74 seipso
1045 1146 232 74 dicit.
1208 1146 255 74 Quoniam
1393 1146 232 74 raptus
1556 1146 162 74 est
1649 1146 209 74 vsque
1788 1146 139 74 ad
1834 1146 209 74 pertium

524 1210 261 86 ccelum,
714 1210 118 86 &
761 1210 261 86 qudiuit
951 1210 261 86 areana,
1140 1210 189 86 quae
1258 1210 166 86 non
1353 1210 213 86 licet
1495 1210 237 86 homini
1661 1210 237 86 loqui;
1827 1210 118 86 &
1851 1210 189 86 multas

519 1273 179 81 tam
622 1273 205 81 ibi,
750 1273 205 81 quam
878 1273 231 81 alibi
1032 1273 231 81 dicit
1186 1273 154 81 ad
1262 1273 461 81 commendationem
1647 1273 205 81 sui.
1749 1273 282 81 Similiter

535 1331 257 96 deatus
715 1331 180 96 Iob
818 1331 205 96 cap.
946 1331 180 96 29.
1048 1331 385 96 commendauit
1356 1331 282 96 seipsum
1562 1331 282 96 dicens.
1767 1331 257 96 Oculus
1921 1331 128 96 fui

520 1397 244 64 caeco,
690 1397 171 64 pes
788 1397 268 64 claudo;
983 1397 122 64 &
1032 1397 220 64 multa
1178 1397 220 64 talia
1325 1397 220 64 dicit
1471 1397 146 64 ad
1545 1397 171 64 sui
1642 1397 464 64 commendationem.

525 1458 173 98 Cum
624 1458 248 98 igitur
798 1458 322 98 Apostoli,
1046 1458 124 98 &
1095 1458 198 98 alii
1219 1458 248 98 Sancti
1393 1458 198 98 Viri
1517 1458 273 98 seipsos
1715 1458 372 98 commendent;

521 1529 426 107 Relinquitur,
868 1529 213 107 quod
1001 1529 373 107 commendare
1294 1529 293 107 seipsum
1507 1529 187 107 non
1614 1529 187 107 est
1720 1529 293 107 signum,
1907 1529 133 107 per

528 1611 190 65 quod
647 1611 261 65 aliquis
837 1611 356 65 Praedicator
1122 1611 238 65 Psuudo
1288 1611 238 65 debeat
1455 1611 309 65 reputari.

591 1641 148 115 §.
665 1641 148 115 Ad
740 1641 198 115 quod
863 1641 296 115 dicendum
1085 1641 198 115 est,
1209 1641 198 115 quod
1332 1641 198 115 Viri
1456 1641 247 115 Iusti,
1629 1641 173 115 non
1728 1641 198 115 nisi
1826 1641 198 115 progis

526 1737 222 75 morum
674 1737 321 75 vtilitate
921 1737 296 75 inducti,
1143 1737 173 75 vel
1242 1737 247 75 nimia,
1415 1737 370 75 necessitare
1711 1737 272 75 coacti,
1884 1737 148 75 com¬-

524 1803 278 88 mendant
726 1803 303 88 seipsos.
954 1803 202 88 Vnde
1080 1803 329 88 Gregorius
1333 1803 152 88 in
1409 1803 152 88 9.
1485 1803 253 88 Homil.
1662 1803 152 88 2e
1738 1803 228 88 part,
1864 1803 177 88 super

527 1866 304 64 Exechiel.
761 1866 234 64 dicit.
925 1866 140 64 De
995 1866 234 64 Iustis
1159 1866 281 64 sciendum
1369 1866 211 64 esti,
1510 1866 187 64 quod
1627 1866 257 64 numquam
1814 1866 164 64 sud
1884 1866 164 64 honae

523 1929 286 85 deregunt,
743 1929 176 85 nisi
853 1929 154 85 eos
941 1929 308 85 proximorum
1183 1929 286 85 vtilitas,
1404 1929 198 85 aAuE,
1536 1929 220 85 ceire,
1690 1929 220 85 nomiae
1822 1929 220 85 neressi¬-

517 2001 190 78 tas
626 2001 272 78 cogat.
816 2001 217 78 Vnde
952 2001 299 78 Paulus,
1169 2001 190 78 cum
1278 2001 326 78 virtutes
1523 2001 245 78 suas,
1658 2001 381 78 enumerassete

524 2051 331 104 subiunxit,
784 2051 236 104 Factus
950 2051 165 104 sum
1044 2051 331 104 insipiens,
1304 2051 165 104 vos
1399 2051 142 104 me
1470 2051 331 104 coegistus;
1730 2051 189 104 quod
1824 2051 213 104 sumprum

534 2133 183 90 est
638 2133 157 90 2.
717 2133 313 90 Corinth.
951 2133 183 90 12.
1056 2133 209 90 Quod
1186 2133 209 90 ergo
1317 2133 339 90 Apostolus
1577 2133 391 90 commendauit
1864 2133 183 90 seip¬-

522 2184 200 87 sum,
647 2184 175 87 hac
747 2184 375 87 necessitate
1047 2184 275 87 coactus
1247 2184 250 87 fecit;
1423 2184 200 87 quia
1548 2184 325 87 Corinthii
1773 2184 275 87 occasione

530 2250 292 98 Pseudo-
743 2250 425 98 Apostolorum,
1088 2250 239 98 minus
1247 2250 372 98 sentiebant
1539 2250 159 98 de
1618 2250 239 98 ipso;
1778 2250 133 98 &
1804 2250 239 98 quoniam

537 2334 384 94 praeferebant
849 2334 264 94 Pseudo-
1041 2334 312 94 Apostolos
1281 2334 216 94 veris
1426 2334 216 94 causa
1570 2334 288 94 accurati
1786 2334 312 94 sermonis,

540 2385 144 87 vt
612 2385 288 87 ostensum
828 2385 168 87 est
924 2385 216 87 supra
1068 2385 216 87 dist.
1212 2385 144 87 1.
1284 2385 144 87 §.
1356 2385 144 87 Ex
1428 2385 168 87 hae
1524 2385 216 87 autem
1668 2385 360 87 seductione,
1932 2385 120 87 &e¬-

530 2443 149 121 Vt
605 2443 249 121 igitur
779 2443 249 121 Corint
953 2443 174 121 hii
1053 2443 174 121 non
1153 2443 398 121 deciperentur
1476 2443 125 121 a
1526 2443 249 121 Pseudo
1700 2443 224 121 (quos
1825 2443 224 121 praese¬-

531 2521 246 75 rebant
703 2521 246 75 Paulo,
875 2521 123 75 &
925 2521 221 75 aliis
1072 2521 221 75 veris
1219 2521 344 75 Apostolis)
1490 2521 147 75 ad
1564 2521 172 75 hoc
1662 2521 369 75 impediendum
1932 2521 123 75 co¬-

515 2595 309 66 gebatur
740 2595 393 66 commendare
1049 2595 337 66 seipsum.
1302 2595 225 66 Vnde
1442 2595 169 66 2.
1526 2595 337 66 Corinth.
1779 2595 169 66 3.
1835 2595 225 66 super¬-

524 2657 230 93 illud,
685 2657 299 93 Incipimus
915 2657 345 93 nosmetipsos
1192 2657 230 93 iterum
1353 2657 345 93 commendare,
1629 2657 207 93 dicit
1768 2657 230 93 Gloss.
1929 2657 184 93 Noe,
