2592 3508
465 153 216 90 vtique
617 153 173 90 vane
725 153 346 90 commendantes
1007 153 152 90 hoc
1093 153 260 90 dicimus;
1288 153 173 90 sed,
1396 153 130 90 ne
1461 153 130 90 ab
1526 153 195 90 aliis
1656 153 346 90 decipiamini,

459 217 153 91 id
535 217 280 91 cogimur
738 217 331 91 memorare.
993 217 178 91 Sic
1095 217 204 91 ergo
1222 217 254 91 patet,
1400 217 204 91 quod
1527 217 331 91 Apostolus
1756 217 204 91 neces¬-

453 309 271 64 sitate
643 309 298 64 coactus
860 309 163 64 se
941 309 434 64 commendabat.
1294 309 217 64 Vnde
1429 309 163 64 2.
1511 309 326 64 Corinth.
1755 309 190 64 II.
1836 309 136 64 cum

456 354 149 85 se
531 354 398 85 commendasset
854 354 273 85 dicens,
1053 354 298 85 Ministri
1276 354 273 85 Christi
1475 354 224 85 sunt,
1624 354 124 85 &
1674 354 199 85 ego,
1773 354 199 85 statim

473 418 320 87 subiunxit.
724 418 137 87 Vt
793 418 205 87 minus
930 418 251 87 sapiens
1112 418 205 87 dico,
1249 418 183 87 plus
1363 418 183 87 Ego.
1478 418 251 87 Glossa.
1660 418 137 87 Vt
1729 418 205 87 minus
1843 418 114 87 sa¬-

472 489 217 89 piens,
624 489 173 89 quam
732 489 173 89 esse
841 489 260 89 deberem;
1036 489 173 89 quia
1144 489 152 89 non
1231 489 152 89 est
1318 489 238 89 hominis
1491 489 282 89 sapientis
1708 489 130 89 se
1751 489 217 89 laudare.

471 545 169 98 PER
568 545 169 98 ROC
664 545 218 98 AVTEM
810 545 290 98 ostendit
1027 545 145 98 se
1100 545 266 98 coactum
1293 545 145 98 in
1366 545 242 98 laudem
1535 545 194 98 suam
1656 545 363 98 prorupisse,

476 617 146 91 vt
549 617 219 91 dicit
694 617 243 91 Gloss.
864 617 219 91 Quasi
1010 617 267 91 diceret
1204 617 340 91 Apostolus.
1471 617 146 91 In
1544 617 243 91 verbis
1690 617 291 91 praemissis

470 681 233 97 videor
633 681 140 97 in
703 681 233 97 laudem
866 681 187 97 meam
983 681 233 97 temere
1146 681 350 97 prorupisse;
1426 681 117 97 &
1472 681 140 97 in
1542 681 163 97 hoc
1636 681 210 97 minus
1752 681 210 97 sapien¬-

471 746 160 97 ter
563 746 251 97 egisse,
745 746 183 97 quod
860 746 206 97 verum
997 746 228 97 esset,
1157 746 137 97 vt
1225 746 320 97 praedictum
1476 746 183 97 est,
1591 746 183 97 nisi
1682 746 297 97 necessitate

458 819 264 88 coactus
650 819 168 88 hoc
746 819 312 88 fecisset.
986 819 192 88 Illi
1106 819 216 88 ergo,
1251 819 168 88 qui
1347 819 144 88 ad
1419 819 240 88 instar
1587 819 288 88 Apostoli
1779 819 192 88 iniun¬-

463 897 195 75 ctum
585 897 244 75 habent
755 897 293 75 officium
975 897 390 75 praedicandi,
1291 897 146 75 si
1365 897 390 75 probabiliter
1657 897 317 75 arbitrentur

481 970 441 66 praedicationem
848 970 196 66 suam
971 970 294 66 despici,
1191 970 147 66 eo
1265 970 196 66 quod
1387 970 221 66 eorum
1534 970 368 66 conuersatio
1804 970 172 66 igno¬-

470 1027 270 81 retur;
659 1027 216 81 tunc
794 1027 297 81 propter
1009 1027 351 81 Auditorum
1279 1027 270 81 suorum
1468 1027 377 81 vtilitatem
1737 1027 243 81 possunt

474 1076 343 97 commendare
744 1076 294 97 seipsos.
965 1076 196 97 Vnde
1088 1076 221 97 super
1235 1076 221 97 illud
1382 1076 172 97 Iob
1480 1076 172 97 29.
1578 1076 245 97 Oculus
1750 1076 172 97 fui
1824 1076 147 97 cae¬-

465 1146 163 92 co,
558 1146 163 92 &c.
651 1146 210 92 dicit
791 1146 303 92 Gregorius
1024 1146 187 92 lib.
1141 1146 163 92 19.
1234 1146 233 92 Moral.
1397 1146 210 92 Bonae
1537 1146 233 92 nostra
1677 1146 303 92 occultentur

470 1216 233 107 studio,
639 1216 318 107 necessitate
894 1216 339 107 publicentur;
1169 1216 127 107 vt
1233 1216 191 107 eorum
1360 1216 297 107 occultatio
1593 1216 148 107 sit
1678 1216 254 107 custodia
1848 1216 127 107 pro¬-

472 1301 197 84 pria,
604 1301 263 84 eorumque
801 1301 307 84 publicatio
1043 1301 154 84 sit
1130 1301 263 84 vtilitas
1328 1301 241 84 aliena.
1503 1301 132 84 Et
1569 1301 219 84 infra.
1723 1301 241 84 Sancti,
1876 1301 110 84 dum

471 1362 229 88 sancta
631 1362 343 88 praedicant,
906 1362 206 88 eorum
1043 1362 343 88 praedicatio
1318 1362 206 88 forte
1455 1362 343 88 despicitur,
1730 1362 183 88 quia
1822 1362 160 88 eorum

482 1409 192 106 vita
602 1409 312 106 nescitur.
842 1409 384 106 Compelluntur
1154 1409 192 106 ergo
1273 1409 216 106 vitam
1417 1409 192 106 suam
1537 1409 264 106 dicere,
1729 1409 144 106 vt
1777 1409 216 106 Audito¬-

482 1482 169 87 rum
578 1482 242 87 suorum
748 1482 266 87 valeant
941 1482 217 87 vitam
1086 1482 266 87 mutare;
1279 1482 121 87 &
1328 1482 217 87 facta
1473 1482 169 87 sua
1569 1482 314 87 reserunt,
1811 1482 145 87 vt
1859 1482 121 87 ve¬-

470 1568 297 68 nerationi
699 1568 206 68 sint;
836 1568 274 68 venerari
1041 1568 274 68 appetunt
1247 1568 137 68 vt
1315 1568 320 68 reuerenter
1567 1568 320 68 audiantur.
1818 1568 137 68 Et
1864 1568 114 68 in¬-

472 1611 178 90 fra.
583 1611 178 90 Hinc
694 1611 155 90 est
783 1611 200 90 ergo,
916 1611 178 90 quod
1027 1611 377 90 Praedicatores
1337 1611 200 90 boni,
1471 1611 111 90 &
1515 1611 244 90 honorem
1692 1611 244 90 propter
1848 1611 133 90 ela¬-

465 1674 244 91 tionem
635 1674 292 91 fugiunt;
854 1674 122 91 &
903 1674 292 91 honorari
1122 1674 244 91 tantum
1293 1674 268 91 propter
1488 1674 365 91 imitationem
1780 1674 268 91 volunt.

477 1756 175 73 Sic
577 1756 200 73 ergo
702 1756 251 73 patet,
878 1756 200 73 quod
1003 1756 251 73 Sancti
1178 1756 426 73 Praedicatores
1529 1756 326 73 aliquando
1755 1756 225 73 propter

463 1827 324 79 salutem
698 1827 413 79 proximorum
1022 1827 354 79 coguntur
1288 1827 413 79 commendare
1612 1827 354 79 seipsos.
1848 1827 147 79 Hoc

473 1888 230 77 autem
627 1888 332 77 intellige
883 1888 153 77 de
959 1888 230 77 illis
1113 1888 486 77 Praedicatoribus
1522 1888 281 77 tantum,
1726 1888 153 77 de
1777 1888 205 77 quorum

478 1939 281 97 constat
683 1939 307 97 canonica
913 1939 333 97 missione;
1169 1939 256 97 aliter
1348 1939 205 97 enim
1476 1939 179 97 sua
1579 1939 384 97 commendatio
1860 1939 128 97 ma¬-

473 2003 181 114 gis
577 2003 337 114 indicaret
836 2003 181 114 eos
939 2003 259 114 Pseudo
1121 2003 233 114 esse,
1276 2003 155 114 vt
1354 2003 311 114 ostensum
1587 2003 181 114 est
1690 2003 233 114 supra
1820 2003 181 114 eodem

488 2121 211 67 ligno.

616 2137 165 100 §.
698 2137 357 100 Aliquando
973 2137 247 100 etiam
1137 2137 330 100 coguntut
1385 2137 275 100 Sancti
1577 2137 385 100 commendare
1852 2137 137 100 se¬-

480 2223 257 88 ipsos,
660 2223 283 88 propter
866 2223 309 88 propriam
1098 2223 309 88 salutem;
1329 2223 154 88 vt
1406 2223 180 88 cum
1509 2223 154 88 in
1561 2223 437 88 tribulationibus

488 2289 265 97 positi
673 2289 318 97 coguntur
912 2289 212 97 bona
1044 2289 186 97 sua
1150 2289 371 97 reuocarean
1442 2289 345 97 memoriam,
1707 2289 159 97 ne
1760 2289 239 97 propter

498 2352 443 85 tribulationes
862 2352 365 85 desperent.
1149 2352 156 85 In
1227 2352 182 85 quo
1331 2352 208 85 casu
1461 2352 182 85 Iob
1565 2352 391 85 commendauit
1852 2352 130 85 se¬-

486 2402 223 112 ipsum
635 2402 174 112 Iob
734 2402 174 112 39.
833 2402 273 112 dicens.
1032 2402 248 112 Oculus
1205 2402 174 112 fui
1305 2402 248 112 caeco,
1478 2402 174 112 &c.
1577 2402 198 112 Vnde
1701 2402 223 112 super
1825 2402 174 112 illud

490 2470 220 103 verbum
644 2470 198 103 dicit
776 2470 198 103 Greg.
908 2470 132 103 in
974 2470 176 103 lib.
1084 2470 154 103 19.
1172 2470 220 103 Moral.
1326 2470 154 103 Iob
1414 2470 198 103 inter
1546 2470 154 103 tot
1634 2470 242 103 dolores
1788 2470 220 103 vulneris

486 2538 116 110 &
532 2538 209 110 verba
671 2538 417 110 desperationis,
1019 2538 162 110 cum
1112 2538 185 110 bona
1228 2538 185 110 quae
1344 2538 371 110 fecitnarrat,
1645 2538 209 110 quasi
1761 2538 255 110 collapsum

495 2610 247 99 verbis
668 2610 124 99 &
718 2610 346 99 verberibus
990 2610 148 99 ad
1064 2610 198 99 spem
1187 2610 247 99 animum
1360 2610 321 99 resormat.
1608 2610 222 99 Dicat
1756 2610 198 99 ergo
1855 2610 148 99 bona

477 2691 173 103 quae
586 2691 217 103 fecit,
737 2691 130 103 vt
803 2691 152 103 non
889 2691 238 103 cogatur
1063 2691 195 103 inter
1193 2691 173 103 mala
1301 2691 173 103 dese
1410 2691 282 103 desperare
1626 2691 173 103 quae
1735 2691 217 103 audit.
1865 2691 130 103 Item
