2592 3508
518 156 190 87 cum
626 156 379 87 voluntaria
924 156 352 87 paupertas
1195 156 271 87 habita
1385 156 298 87 propter
1602 156 325 87 Christum
1818 156 217 87 statum

533 218 343 101 perfectionis
811 218 236 101 faciat,
983 218 193 101 iuxta
1111 218 193 101 illud
1240 218 193 101 Matt.
1368 218 150 101 19.
1454 218 129 101 Si
1518 218 150 101 vis
1604 218 279 101 perfectus
1818 218 193 101 esse;
1925 218 86 101 va

521 275 164 96 de,
614 275 117 96 &
661 275 210 96 vende
801 275 210 96 omnia
941 275 187 96 quae
1058 275 234 96 habes,
1222 275 117 96 &
1268 275 140 96 da
1338 275 350 96 pauperibus;
1619 275 117 96 &
1666 275 210 96 maior
1806 275 164 96 sit
1876 275 140 96 pau¬-

522 347 274 99 pertas,
721 347 224 99 nihil
870 347 249 99 habere
1044 347 149 99 in
1119 347 298 99 proprio,
1343 347 224 99 neque
1492 347 149 99 in
1566 347 298 99 communi;
1790 347 199 99 quim
1890 347 124 99 ha¬-

530 422 187 76 bere
646 422 257 76 aliquid
833 422 140 76 in
903 422 280 76 communi,
1114 422 210 76 licet
1254 422 164 76 non
1347 422 140 76 in
1418 422 280 76 proprio;
1628 422 140 76 Si
1698 422 210 76 ille;
1838 422 164 76 qui
1908 422 117 76 est

528 477 148 88 de
602 477 222 88 primo
751 477 247 88 statu,
924 477 346 88 velOrdine,
1196 477 173 88 qui
1295 477 297 88 secundum
1517 477 371 88 traditiones
1814 477 198 88 suas
1912 477 124 88 non

523 553 256 99 potest
702 553 256 99 habere
881 553 332 99 proprium,
1137 553 179 99 nec
1239 553 307 99 commune,
1469 553 256 99 statum
1648 553 230 99 suum,
1801 553 179 99 vel
1903 553 179 99 Or¬

531 611 274 88 dinem,
722 611 301 88 tamquam
941 611 438 88 perfectiorem
1298 611 383 88 commendet,
1599 611 411 88 praeferendo
1900 611 137 88 eum

530 679 366 85 illistatui,
822 679 171 85 vel
920 679 268 85 Ordini,
1115 679 171 85 qui
1212 679 219 85 habet
1358 679 293 85 communes
1578 679 414 85 poffessiones,
1895 679 146 85 tam¬-

528 740 205 103 quam
657 740 231 103 minus
810 740 333 103 perfecto,
1067 740 154 103 vt
1144 740 154 103 ad
1221 740 256 103 statum
1400 740 205 103 suum
1528 740 436 103 perfectiorem,
1862 740 179 103 quos¬-

533 811 229 88 cumque
694 811 252 88 potest,
877 811 275 88 inuitet;
1084 811 275 88 Videtur,
1290 811 184 88 quod
1405 811 138 88 in
1474 811 161 88 hoc
1565 811 206 88 nihil
1703 811 321 88 delinquat,
1932 811 115 88 sed

534 898 248 82 potius
708 898 323 82 mereatur,

649 922 152 114 §.
725 922 152 114 Ad
801 922 203 114 quod
927 922 304 114 dicendum
1155 922 203 114 est,
1282 922 203 114 quod
1408 922 253 114 Beatus
1585 922 253 114 Paulus
1763 922 253 114 statum
1914 922 127 114 Do¬-

542 993 261 100 ctorum,
732 993 166 100 seu
827 993 427 100 Praedicatorum,
1182 993 190 100 vel,
1301 993 190 100 quod
1420 993 237 100 verius
1586 993 190 100 est,
1704 993 379 100 Praelatorum,

540 1080 176 78 non
641 1080 151 78 ex
716 1080 227 78 suis,
867 1080 176 78 vel
968 1080 277 78 aliorum
1169 1080 378 78 Apostolorum
1472 1080 453 78 traditionibus;
1850 1080 176 78 vel
1925 1080 126 78 in¬-

537 1150 379 70 uentionibus
840 1150 404 70 commendauit,
1168 1150 379 70 praeferendo
1471 1150 177 70 eum
1572 1150 253 70 alteri
1749 1150 253 70 statui
1900 1150 152 70 per¬-

537 1190 341 100 fectionis.
804 1190 195 100 Sed,
926 1190 243 100 vtapud
1096 1190 268 100 fideles
1291 1190 268 100 Christi
1485 1190 292 100 Praelati
1704 1190 243 100 eorum,
1850 1190 195 100 maxime

554 1272 426 94 praedicationi
904 1272 325 94 vacantes,
1155 1272 401 94 recommendati
1480 1272 350 94 haberentur
1756 1272 275 94 propter
1931 1272 125 94 la¬-

557 1349 231 71 borem
712 1349 360 71 regiminis;
995 1349 154 71 ac
1072 1349 180 71 eis
1175 1349 309 71 animarum
1406 1349 334 71 regimini,
1663 1349 129 71 &
1715 1349 257 71 maxime
1869 1349 180 71 prae¬-

554 1410 305 80 dicationi
788 1410 351 80 vacantibus,
1069 1410 141 80 ab
1139 1410 211 80 eorum
1280 1410 281 80 subditis
1491 1410 211 80 vitae
1631 1410 328 80 necessaria
1866 1410 187 80 offer¬-

550 1480 271 74 rentur;
748 1480 197 74 ideo
871 1480 296 74 officium
1093 1480 370 74 Praelatorum
1389 1480 148 74 in
1463 1480 296 74 regimine
1685 1480 345 74 subditorum
1932 1480 123 74 sa¬-

548 1528 370 91 borantium,
838 1528 211 91 apud
970 1528 264 91 eosdem
1155 1528 317 91 subditos
1393 1528 423 91 commendauit;
1736 1528 370 91 ostendens,

554 1599 187 86 non
661 1599 187 86 per
768 1599 401 86 traditiones
1089 1599 321 86 humanas,
1329 1599 187 86 sed
1436 1599 187 86 per
1543 1599 427 86 authoritates
1890 1599 214 86 Noui
1997 1599 80 86 &

575 1660 254 91 Veteris
759 1660 346 91 Testamenti,
1036 1660 254 91 sumptus
1221 1660 323 91 Praelatis,
1474 1660 115 91 &
1521 1660 300 91 praecipue
1751 1660 254 91 officio
1913 1660 161 91 prae¬-

561 1722 329 97 dicationis
820 1722 353 97 vacantibus,
1103 1722 141 97 ab
1173 1722 353 97 Auditoribus
1455 1722 118 97 &
1502 1722 306 97 Subiectis
1738 1722 188 97 suis
1855 1722 259 97 deberi.

566 1791 191 94 Vnde
686 1791 287 94 postquam
901 1791 239 94 dixit,
1069 1791 168 94 Qui
1164 1791 191 94 hene
1284 1791 287 94 praesunt
1500 1791 359 94 Presbyteri,
1787 1791 263 94 duplici
1954 1791 120 94 ho¬-

556 1866 202 79 nore
682 1866 227 79 digni
834 1866 354 79 habeantur,
1112 1866 253 79 statim
1289 1866 152 79 ad
1364 1866 329 79 probandum
1617 1866 278 79 sumptus
1794 1866 278 79 Praedica¬-

560 1939 256 79 toribus
746 1939 302 79 Praelatis
978 1939 232 79 deberi
1141 1939 325 79 subiunxit.
1396 1939 163 79 Non
1489 1939 302 79 alligabis
1721 1939 139 79 os
1791 1939 186 79 boui
1884 1939 186 79 trita¬-

561 1986 244 98 ranti.
732 1986 220 98 Deut.
878 1986 171 98 26.
976 1986 196 98 Item
1098 1986 244 98 Dignus
1269 1986 171 98 est
1367 1986 318 98 operarius
1612 1986 269 98 mercede
1807 1986 196 98 sua.
1929 1986 196 98 Eue.

563 2069 179 79 1o.
666 2069 308 79 Hocautem
897 2069 179 79 non
999 2069 282 79 propter
1204 2069 154 79 se
1281 2069 256 79 fecit,
1461 2069 179 79 cum
1563 2069 205 79 ipse
1691 2069 154 79 ab
1743 2069 333 79 Auditoribus

569 2144 181 68 suis
682 2144 249 68 sumptus
863 2144 158 68 non
954 2144 339 68 raeciperet,
1225 2144 136 68 vt
1293 2144 271 68 ostensum
1497 2144 158 68 est
1587 2144 204 68 supra
1723 2144 204 68 dist.
1859 2144 136 68 2.
1927 2144 136 68 §.
1972 2144 113 68 Hoc

574 2191 214 86 autem
717 2191 286 86 faciebat
931 2191 333 86 Apostolus;
1193 2191 167 86 sed
1288 2191 262 86 propter
1479 2191 214 86 alios
1622 2191 429 86 Praedicatores;
1955 2191 119 86 vi¬-

568 2255 302 88 delicet,
794 2255 151 88 ne
869 2255 276 88 propter
1071 2255 377 88 indigentiam
1372 2255 302 88 sumptuum
1598 2255 452 88 contristentur;
1950 2255 126 88 nec

579 2317 258 109 propter
766 2317 305 109 vilitatem
1001 2317 281 109 inopiae,
1212 2317 211 109 eorum
1352 2317 305 109 instantia
1587 2317 117 109 &
1634 2317 328 109 authoritas
1891 2317 141 109 in
1938 2317 141 109 ali¬-

572 2385 173 111 quo
671 2385 396 111 remittantur.
993 2385 198 111 Vnde
1117 2385 223 111 super
1265 2385 248 111 illud,
1439 2385 173 111 Qui
1538 2385 198 111 hene
1661 2385 297 111 praesunt
1859 2385 223 111 Presby¬-

565 2456 200 89 teri,
698 2456 156 89 &c.
787 2456 200 89 dicit
921 2456 245 89 Glossa.
1099 2456 178 89 Boni
1211 2456 379 89 Dispensatores
1522 2456 111 89 &
1567 2456 267 89 fideles,
1767 2456 156 89 non
1856 2456 200 89 solum
1968 2456 111 89 ho¬-

568 2525 177 80 nore
679 2525 244 80 sublimi
856 2525 310 80 praeueniri
1099 2525 244 80 debent,
1277 2525 155 80 sed
1365 2525 111 80 &
1410 2525 266 80 terreno;
1609 2525 133 80 vt
1675 2525 155 80 non
1742 2525 332 80 contristentur

576 2580 324 90 indigentia
831 2580 301 90 sumptuum,
1062 2580 116 90 &
1108 2580 278 90 gaudeant
1317 2580 324 90 obedientia
1572 2580 394 90 spiritualium.
1873 2580 185 90 Instan

567 2646 196 94 tior
690 2646 196 94 enim
813 2646 172 94 fit
911 2646 393 94 Praedicator,
1230 2646 147 94 si
1304 2646 172 94 non
1402 2646 368 94 humilietur,
1696 2646 147 94 id
1770 2646 196 94 est,
1893 2646 147 94 si
1942 2646 98 94 ne
