2592 3508
543 155 180 86 bita
655 155 270 86 secundum
857 155 270 86 seruitii
1060 155 157 86 sui
1150 155 270 86 meritum,
1352 155 157 86 vel
1442 155 247 86 ordinem
1622 155 247 86 canonum
1802 155 112 86 a
1824 155 270 86 Sacerdoti¬-

541 242 144 67 bus
624 242 351 67 consequantur.
913 242 124 67 1.
975 242 124 67 4.
1037 242 124 67 2.
1098 242 165 67 cap.
1202 242 248 67 Clerici,

604 282 141 114 §.
675 282 141 114 Si
746 282 212 114 forte
887 282 282 114 dicatur,
1098 282 188 114 quod
1216 282 259 114 Clerici
1404 282 282 114 deberent
1616 282 165 114 vti
1710 282 212 114 bonis
1828 282 235 114 Ecclesie

549 372 407 65 communibus,
874 372 190 65 non
983 372 163 65 in
1064 372 298 65 domibus
1281 372 352 65 propriis,
1552 372 190 65 sed
1660 372 163 65 in
1742 372 217 65 domo
1850 372 217 65 commu¬-

544 460 177 56 ni,
645 460 228 56 sicut
797 460 279 56 faciunt
999 460 329 56 Regulares
1253 460 228 56 Viri;
1405 460 304 56 Dicendum
1633 460 203 56 est,
1759 460 203 56 quod
1886 460 152 56 ad
1936 460 127 56 hoc

557 520 268 82 praeter
752 520 219 82 alias
898 520 317 82 canonicas
1141 520 365 82 sanctiones,
1434 520 244 82 habent
1604 520 390 82 authoritatem
1896 520 171 82 Pros¬-

538 578 191 75 peri
658 578 143 75 in
729 578 215 75 libro
873 578 143 75 2.
944 578 143 75 De
1016 578 191 75 vita
1135 578 406 75 contemplatiua
1470 578 311 75 dicentis.
1709 578 263 75 Clerici
1876 578 191 75 quoque

548 640 205 68 (quos
685 640 296 68 pauperes,
913 640 159 68 aut
1004 640 296 68 voluntas,
1231 640 159 68 aut
1323 640 296 68 natiuitas
1550 640 228 68 fecit)
1710 640 159 68 cum
1778 640 296 68 perfectione

552 698 261 102 virtutis
748 698 196 102 vitae
878 698 326 102 necessaria,
1139 698 174 102 siue
1248 698 130 102 in
1313 698 239 102 domibus
1487 698 196 102 suis,
1617 698 174 102 siue
1726 698 130 102 in
1770 698 304 102 congregatio¬-

546 776 135 89 ne
613 776 269 89 viuentes
815 776 112 89 ;
860 776 314 89 accipiant;
1107 776 180 89 quia
1219 776 135 89 ad
1286 776 135 89 ea
1354 776 337 89 accipienda,
1623 776 157 89 non
1713 776 157 89 eos
1803 776 247 89 habendi
1960 776 112 89 cu¬-

550 850 236 74 paditas
721 850 214 74 ducit,
871 850 150 74 sed
956 850 193 74 cogit
1085 850 236 74 viuendi
1256 850 321 74 necessitas.
1513 850 128 74 Et
1577 850 236 74 habetur
1749 850 128 74 1.
1813 850 128 74 d.
1877 850 128 74 2.
1942 850 171 74 cap.

546 905 276 60 Sacerdos.,

607 969 144 68 §.
679 969 193 68 Isti
799 969 241 68 autem,
968 969 168 68 qui
1064 969 168 68 non
1160 969 241 68 tantum
1329 969 168 68 se,
1425 969 168 68 vel
1521 969 168 68 sua
1618 969 289 68 Collegia
1834 969 217 68 nihil
1955 969 120 68 ha¬-

546 1035 208 68 bere
676 1035 338 68 proprium,
936 1035 182 68 vel
1040 1035 312 68 commune,
1274 1035 286 68 dicunt,
1481 1035 182 68 vel
1585 1035 312 68 singunt;
1819 1035 182 68 sed
1897 1035 182 68 etiam

545 1116 210 72 nihil
685 1116 187 72 tale
802 1116 140 72 se
872 1116 234 72 debere
1036 1116 234 72 habere
1199 1116 304 72 asserunt;
1433 1116 140 72 s&
1503 1116 140 72 in
1573 1116 164 72 hoc
1667 1116 257 72 apitem,
1854 1116 164 72 seu
1924 1116 140 72 cul¬-

549 1171 193 59 meri
670 1171 386 59 perfectionis
983 1171 362 59 specialiter
1273 1171 193 59 sibi
1394 1171 338 59 ascribunt,
1660 1171 193 59 &aad
1780 1171 169 59 hoc
1853 1171 217 59 proban¬-

538 1239 172 70 dum
637 1239 392 70 Scripturarum
955 1239 343 70 restimonia
1225 1239 294 70 peruerse
1445 1239 319 70 inducunt;
1690 1239 270 70 caueant
1886 1239 221 70 sibi,

541 1314 141 57 ne
611 1314 281 57 incidant
822 1314 141 57 in
892 1314 258 57 heresim
1080 1314 328 57 Manichaei;
1338 1314 164 57 qui
1432 1314 164 57 non
1526 1314 164 57 est
1619 1314 305 57 reputatus
1830 1314 235 57 Haereti¬-

536 1370 191 64 cus,
656 1370 144 64 eo
728 1370 191 64 quod
847 1370 168 64 nec
943 1370 239 64 aurum,
1111 1370 168 64 nec
1206 1370 311 64 argenrum,
1446 1370 168 64 nec
1541 1370 144 64 in
1613 1370 191 64 gona
1733 1370 191 64 &es,
1853 1370 144 64 se
1900 1370 168 64 velle

535 1433 253 61 habere
712 1433 304 61 dicebat;
939 1433 177 61 sed
1041 1433 202 61 quia
1167 1433 177 61 hoc
1268 1433 304 61 perfecte
1496 1433 380 61 Christianum
1800 1433 177 61 non
1876 1433 202 61 debere

547 1499 233 81 habere
710 1499 210 81 falso
850 1499 349 81 intellectis
1129 1499 349 81 Euangelicis
1409 1499 349 81 testimoniis
1688 1499 326 81 asserebat.
1921 1499 140 81 Con¬-

545 1570 187 61 tra
652 1570 214 61 quam
786 1570 321 61 haeresim
1027 1570 402 61 dispurando,
1348 1570 134 61 &
1402 1570 187 61 eam
1509 1570 348 61 veraciter
1750 1570 321 61 improbando

542 1630 310 69 laborauit
781 1630 263 69 diutius
972 1630 334 69 Augustinus
1234 1630 239 69 Contra
1402 1630 263 69 Taustum
1593 1630 334 69 Haereticum
1855 1630 191 69 lib.
1975 1630 143 69 5.

541 1692 112 64 &
585 1692 135 64 in
653 1692 314 64 plaerisque
900 1692 202 64 aliis
1034 1692 224 64 libris
1192 1692 202 64 suis.
1326 1692 224 64 Restat
1483 1692 247 64 igitur,
1663 1692 180 64 quod
1775 1692 224 64 status
1910 1692 157 64 illo¬-

533 1760 194 67 rum
644 1760 415 67 Regularium,
976 1760 277 67 quorum
1170 1760 415 67 vniuersitas
1502 1760 332 67 communes
1751 1760 249 67 habet
1890 1760 166 67 pos¬-

533 1835 355 72 fessiones
806 1835 191 72 non
915 1835 191 72 est
1024 1835 246 72 minus
1188 1835 382 72 perfectus,
1488 1835 246 72 quoad
1652 1835 218 72 hoc;
1788 1835 218 72 quam
1897 1835 164 72 sta¬-

542 1899 194 58 tus
653 1899 305 58 illorum
875 1899 277 58 quorum
1068 1899 415 58 vniuersitas
1401 1899 277 58 nullas
1594 1899 249 58 hubet
1733 1899 332 58 possessio¬-

543 1974 162 54 nes,

614 2026 145 83 §.
686 2026 217 83 Item,
831 2026 145 83 si
903 2026 362 83 vniuersitas
1193 2026 193 83 illa
1314 2026 193 83 (cui
1434 2026 290 83 secundum
1652 2026 362 83 traditiones
1917 2026 145 83 suas

530 2104 192 68 non
639 2104 247 68 licet
804 2104 275 68 habere
996 2104 329 68 communes
1243 2104 439 68 posfessiones
1600 2104 384 68 immobiles)
1875 2104 192 68 mobi¬-

545 2162 194 75 lium
666 2162 388 75 poffessiones
981 2162 315 75 retineat,
1223 2162 170 75 nec
1320 2162 170 75 non
1417 2162 339 75 immobiles,
1683 2162 145 75 si
1756 2162 363 75 offerantur;

543 2227 344 68 laetanter
807 2227 344 68 recipiat;
1072 2227 265 68 postea
1257 2227 212 68 vero
1389 2227 344 68 distrabat
1654 2227 132 68 &
1707 2227 291 68 pretium
1892 2227 185 68 earum

544 2297 361 66 congreget,
828 2297 129 66 &
879 2297 155 66 ad
957 2297 180 66 sui
1060 2297 464 66 sustentationem
1446 2297 361 66 conseruet;
1730 2297 206 66 quid
1833 2297 232 66 amplius

544 2363 215 62 habet
688 2363 383 62 perfectionis
999 2363 191 62 illa
1119 2363 407 62 vniuersitate,
1454 2363 191 62 quae
1573 2363 215 62 habet
1717 2363 311 62 immobiles
1932 2363 144 62 pos¬-

539 2426 344 82 fessiones;
809 2426 221 82 Nonne
957 2426 147 82 in
1030 2426 221 82 rebus
1178 2426 319 82 mobilibus
1423 2426 245 82 potest
1595 2426 196 82 esse
1717 2426 245 82 abusus
1889 2426 123 82 &
1914 2426 147 82 pec¬-

532 2496 250 60 catum,
707 2496 225 60 sicut
857 2496 150 60 in
932 2496 225 60 rebus
1081 2496 400 60 immobilibus;

603 2561 150 66 §.
678 2561 175 66 Sed
778 2561 250 66 forsan
953 2561 374 66 respondebit
1252 2561 225 66 huius
1402 2561 374 66 traditionis
1702 2561 325 66 Defensor,
1926 2561 150 66 quod

549 2625 291 90 Apostoli
767 2625 145 90 in
840 2625 291 90 Ecclesia
1058 2625 339 90 primitiua,
1325 2625 170 90 non
1421 2625 291 90 praedia,
1640 2625 194 90 rsed
1761 2625 218 90 eorum
1882 2625 194 90 pretia

530 2714 400 74 raecipiebant;
860 2714 141 74 de
930 2714 235 74 quibus
1095 2714 212 74 sibi,
1236 2714 118 74 &
1283 2714 212 74 suis,
1424 2714 329 74 communiter
1683 2714 212 74 vitae
1801 2714 282 74 necessaria
