2592 3508
441 153 281 107 prouide
646 153 179 107 ant
748 153 205 107 Act.
876 153 153 107 4.
953 153 230 107 Vnde,
1106 153 179 107 qui
1209 153 153 107 in
1285 153 179 107 hoc
1387 153 332 107 Apostolos
1643 153 358 107 imitantur,

435 226 136 90 in
503 226 203 90 statu
639 226 339 90 perfectiori
910 226 181 90 esse
1023 226 294 90 videntur.

525 298 159 74 §.
604 298 159 74 Ad
683 298 212 74 quod
816 298 291 74 dicimus
1027 298 423 74 confidenter,
1371 298 212 74 quod
1503 298 185 74 cum
1583 298 370 74 Apostolitunc

447 384 234 52 essent
611 384 141 52 in
681 384 258 52 Iudaea,
868 384 164 52 non
962 384 281 52 praedia,
1173 384 164 52 sed
1267 384 211 52 eorum
1407 384 234 52 pretia
1571 384 141 52 ad
1618 384 328 52 sustentatio¬-

431 419 189 78 nem
539 419 324 78 pauperum
782 419 433 78 recipiebant;
1134 419 216 78 quia
1269 419 351 78 Ecclesiam
1539 419 189 78 non
1621 419 324 78 dilatandam

446 490 212 78 apud
579 490 318 78 Iudaeos,
818 490 186 78 sed
924 490 292 78 futuram
1136 490 159 78 in
1216 490 318 78 Gentiles
1454 490 451 78 praeuidebant.
1799 490 159 78 Vnde

439 553 343 84 Meichiades
709 553 221 84 Papa.
856 553 270 84 Luturam
1053 553 147 84 in
1126 553 294 84 Gentibus
1347 553 319 84 Ecclesiam
1592 553 294 84 Apostoli
1788 553 172 84 prae¬-

449 619 273 81 uidebant;
659 619 231 81 idcirco
827 619 231 81 praedia
994 619 126 81 in
1057 619 210 81 Iudaea
1204 619 210 81 minime
1351 619 168 81 sunt
1456 619 231 81 adepti;
1623 619 147 81 sed
1707 619 210 81 pretia
1833 619 126 81 tan¬-

451 682 299 81 tummodo,
675 682 149 81 ad
750 682 299 81 fouendum
974 682 274 81 egenos.
1173 682 174 81 12.
1272 682 149 81 q.
1347 682 149 81 I.
1422 682 199 81 cap.
1546 682 299 81 Futuram.
1745 682 224 81 Tempore

459 770 190 58 vero
578 770 356 58 procedente,
863 770 166 58 cum
958 770 166 58 iam
1053 770 285 58 Ecclesia
1266 770 285 58 dilatata
1480 770 214 58 esset
1623 770 142 58 in
1694 770 309 58 Gentibus,

450 818 307 73 videntes
681 818 230 73 Summi
834 818 384 73 Sacerdotes,
1141 818 128 73 &
1192 818 281 73 reliqui
1396 818 307 73 fideles,
1627 818 205 73 quod
1729 818 230 73 vtilius

460 883 196 82 erat
583 883 319 82 Ecclesiae
828 883 270 82 praedia
1025 883 319 82 retinere,
1270 883 123 82 &
1319 883 147 82 de
1393 883 319 82 fructibus
1638 883 221 82 eorum
1761 883 196 82 annuis

452 959 314 85 perpetuo
687 959 366 85 pauperibus
975 959 366 85 prouidere;
1262 959 418 85 decreuerunt,
1602 959 209 85 quod
1707 959 261 85 deinceps

452 1017 183 73 non
556 1017 418 73 venderentur,
896 1017 183 73 sed
1000 1017 157 73 ad
1079 1017 313 73 pauperum
1314 1017 470 73 sustentationem
1680 1017 287 73 perpetuam

457 1081 419 74 seruarentur;
797 1081 497 74 excommunicantes
1215 1081 392 74 nihilominus
1529 1081 235 74 omnes
1686 1081 262 74 illos,
1843 1081 131 74 qui

457 1163 205 64 haec
586 1163 308 64 auellere
817 1163 385 64 niterentur.
1125 1163 205 64 Vnde
1253 1163 282 64 Vrbanus
1459 1163 231 64 Papa.
1613 1163 308 64 Videntes
1818 1163 154 64 Sum¬-

465 1235 122 57 mi
526 1235 306 57 Pontifices,
770 1235 102 57 &
811 1235 224 57 reliqui
974 1235 244 57 fideles,
1157 1235 163 57 plus
1259 1235 285 57 vtilitatis
1483 1235 183 57 posse
1605 1235 265 57 conserre,
1809 1235 122 57 si
1850 1235 122 57 hae¬-

456 1297 293 59 reditates
682 1297 113 59 &
727 1297 226 59 agros,
885 1297 181 59 quos
998 1297 316 59 vendebant,
1247 1297 293 59 Ecclesus,
1472 1297 226 59 quibus
1630 1297 271 59 Episcopi
1811 1297 158 59 prae¬-

470 1360 287 66 sidebant,
691 1360 287 66 traderent
912 1360 155 66 ceo
1000 1360 177 66 quod
1111 1360 133 66 ex
1177 1360 287 66 fructibus
1398 1360 199 66 eorum
1530 1360 155 66 tam
1619 1360 309 66 praesenti,
1839 1360 133 66 quam

468 1424 241 69 futuris
643 1424 328 69 temporibus,
905 1424 197 69 plura
1037 1424 109 69 &
1080 1424 328 69 elegantiora
1343 1424 241 69 possent
1518 1424 306 69 ministrare
1736 1424 241 69 fidelibus

466 1493 269 62 communem
667 1493 201 62 vitam
801 1493 336 62 ducentibus,
1070 1493 179 62 quam
1182 1493 134 62 ex
1249 1493 224 62 pretio
1406 1493 269 62 ipsorumi
1607 1493 291 62 caeperunt
1808 1493 157 62 prae¬-

468 1553 158 60 dia
559 1553 113 60 &
604 1553 225 60 agros,
761 1553 180 60 quos
874 1553 248 60 vendere
1054 1553 293 60 solebant,
1279 1553 315 60 Matricibus
1527 1553 270 60 Ecclesus
1729 1553 270 60 tradere,
1909 1553 68 60 &

458 1632 136 58 ex
526 1632 295 58 sumptibus
754 1632 205 58 eorum
890 1632 250 58 viuere.
1072 1632 136 58 Et
1140 1632 227 58 infra.
1299 1632 182 58 Ideo
1413 1632 136 58 si
1481 1632 182 58 quis
1595 1632 295 58 extiterit
1799 1632 182 58 moder¬-

458 1690 171 58 nis,
564 1690 149 58 aut
650 1690 234 58 futuris
820 1690 320 58 temporibus,
1076 1690 149 58 qui
1161 1690 171 58 haec
1268 1690 256 58 auellere
1459 1690 256 58 nitatur,
1651 1690 149 58 iam
1737 1690 192 58 dicta
1843 1690 128 58 dam¬-

456 1728 249 81 natione
637 1728 294 81 feriatur.
864 1728 204 81 Istud
999 1728 249 81 legitur
1180 1728 158 81 12.
1271 1728 136 81 4.
1339 1728 136 81 I.
1406 1728 181 81 cap.
1520 1728 294 81 Videntes.
1746 1728 181 81 Quam
1836 1728 136 81 sen¬-

462 1816 285 83 tentiam
670 1816 259 83 timere
851 1816 285 83 possunt
1059 1816 234 83 illi,
1215 1816 182 83 qui
1318 1816 182 83 per
1422 1816 285 83 quamdam
1604 1816 363 83 obseruantiam

462 1882 120 66 a
510 1882 263 66 seipsis
702 1882 287 66 inuentam
917 1882 240 66 contra
1085 1882 287 66 faciunt,
1300 1882 120 66 &
1348 1882 287 66 tradunt;
1564 1882 359 66 recipientes
1827 1882 144 66 sci¬-

466 1938 239 75 licet,
634 1938 168 75 non
729 1938 215 75 tamen
873 1938 359 75 retinentes,
1160 1938 168 75 sed
1256 1938 144 75 vt
1328 1938 383 75 perfectiores
1639 1938 215 75 aliis
1759 1938 215 75 videan¬-

470 2017 190 68 tur,
589 2017 309 68 vendentes
827 2017 380 68 poffessiones
1136 2017 333 68 immobiles,
1397 2017 190 68 quae
1516 2017 238 68 illis,
1683 2017 166 68 seu
1754 2017 214 68 illorum

463 2080 337 59 Ecclesiis,
728 2080 120 59 a
776 2080 265 59 Christi
968 2080 313 59 fidelibus
1209 2080 289 59 pietatis
1426 2080 265 59 intuitu
1618 2080 385 59 conferuntur;
1907 2080 72 59 &

461 2157 260 66 eamdem
643 2157 416 66 obseruantiam
981 2157 208 66 suam
1111 2157 364 66 Religionem
1397 2157 364 66 appellant.

545 2202 147 82 §.
619 2202 172 82 Sed
717 2202 221 82 adhuc
864 2202 294 82 obiciiet
1085 2202 221 82 huius
1232 2202 368 82 traditionis
1526 2202 294 82 Defensor
1746 2202 270 82 dicens,

457 2265 252 73 statum
633 2265 227 73 illum
785 2265 404 73 perfectiorem
1113 2265 227 73 esse,
1264 2265 151 73 in
1340 2265 177 73 quo
1441 2265 328 73 immobiles
1668 2265 303 73 possessio¬-

468 2354 178 58 nes
569 2354 178 58 non
671 2354 331 58 habentur,
926 2354 204 58 quam
1053 2354 153 58 in
1129 2354 178 58 quo
1231 2354 331 58 habentur;
1485 2354 153 58 eo
1562 2354 204 58 quod
1664 2354 305 58 possessio¬-

462 2423 179 62 nes
565 2423 332 62 immobiles
820 2423 256 62 multas
999 2423 460 62 sollicitudines
1383 2423 332 62 ingerunt,
1639 2423 128 62 &
1690 2423 153 62 ob
1766 2423 179 62 hoc
1843 2423 128 62 im¬-

463 2465 288 91 pediunt
672 2465 236 91 animi
829 2465 367 91 libertatem
1117 2465 157 91 ad
1196 2465 445 91 contemplandum
1536 2465 236 91 diuina.

569 2531 160 78 §.
649 2531 160 78 Ad
729 2531 213 78 quod
862 2531 319 78 dicimus,
1102 2531 213 78 quod
1235 2531 373 78 contrarium
1528 2531 186 78 est
1634 2531 266 78 verum.
1794 2531 186 78 Sicut

464 2593 205 76 enim
593 2593 256 76 victum
772 2593 256 76 habere
951 2593 154 76 de
1028 2593 333 76 laboribus
1285 2593 333 76 corporis,
1541 2593 179 76 non
1644 2593 308 76 impedit,
1849 2593 128 76 sed

462 2689 272 67 potius
652 2689 300 67 expedit
870 2689 245 67 animi
1034 2689 381 67 libertatem
1333 2689 163 67 ad
1415 2689 463 67 contemplandum
1796 2689 245 67 Deum;
