2592 3508
498 145 298 85 amouendo
721 145 298 85 scilicet
945 145 149 85 so
1019 145 397 85 llicitudinem
1342 145 149 85 de
1416 145 223 85 victi
1565 145 347 85 quaerendo,
1838 145 124 85 &
1887 145 149 85 de
1937 145 124 85 en¬-

517 223 245 84 gitando
695 223 134 84 in
762 223 312 84 erastinum,
1007 223 134 84 vt
1074 223 268 84 ostensum
1275 223 156 84 est
1364 223 201 84 supra
1498 223 201 84 dist.
1632 223 134 84 Ei
1699 223 134 84 §i
1766 223 156 84 Sed
1855 223 245 84 certii¬

508 288 183 71 Ita
612 288 262 71 victum
796 288 262 71 habere
979 288 157 71 de
1057 288 366 71 communibus
1345 288 471 71 posfessionibus
1737 288 366 71 Ecclesiae;

511 351 165 74 aut
606 351 141 74 de
676 351 282 74 decimis,
888 351 165 74 vel
982 351 329 74 primitiis,
1241 351 165 74 vel
1335 351 212 74 aliis
1476 351 400 74 obuentionibus
1782 351 259 74 Ecclesia¬-

520 424 278 67 sticis,
722 424 177 67 non
823 424 303 67 impedit,
1051 424 177 67 sed
1152 424 253 67 potius
1329 424 278 67 expedit
1531 424 228 67 animi
1683 424 354 67 libertatem
1936 424 101 67 ad

520 497 458 65 contemplandum
897 497 242 65 Deum;
1059 497 323 65 amouendo
1301 497 323 65 scilicet
1543 497 485 65 sollicitudines
1920 497 108 65 de

523 551 218 91 victu
668 551 339 91 quaerendo,
934 551 193 91 quas
1055 551 266 91 necesse
1248 551 169 91 est
1345 551 218 91 illum
1490 551 266 91 habere,
1683 551 169 91 qui
1780 551 169 91 cum
1853 551 169 91 indi¬-

512 603 236 110 geat,
669 603 183 110 nec
774 603 157 110 de
852 603 367 110 communibus
1140 603 236 110 bonis
1298 603 367 110 Ecclesiae,
1586 603 183 110 nec
1690 603 157 110 de
1743 603 314 110 corporali¬-

518 686 263 78 labore,
709 686 167 78 sed
805 686 239 78 tantum
972 686 143 78 de
1043 686 286 78 alterius
1258 686 310 78 largitate
1497 686 119 78 &
1544 686 334 78 deuotione,
1807 686 191 78 quae
1903 686 95 78 in

515 754 242 69 certa
676 754 215 69 est,
811 754 269 69 victum
999 754 269 69 semper
1187 754 349 69 expectat.
1455 754 215 69 Vnde
1589 754 295 69 Prosper
1804 754 161 69 De
1858 754 161 69 vite

526 822 384 96 contemplatiua
843 822 181 96 lib.
956 822 136 96 2.
1023 822 181 96 Ideo
1136 822 271 96 decimas,
1339 822 203 96 atque
1475 822 316 96 praemitias
1723 822 248 96 frugum,
1881 822 136 96 pri¬-

507 878 286 94 mogenita,
727 878 110 94 &
771 878 308 94 sacrificia
1014 878 154 94 pro
1102 878 286 94 peccatis,
1322 878 154 94 vel
1410 878 198 94 vota,
1542 878 176 94 quae
1653 878 176 94 sibi
1763 878 176 94 Deus
1851 878 176 94 iussit

523 951 254 93 offerri,
713 951 338 93 Sacerdotibus
988 951 127 93 ac
1051 951 275 93 Ministris
1262 951 275 93 distribui
1474 951 211 93 debere
1622 951 317 93 constituit;
1875 951 127 93 vt
1917 951 106 93 de¬-

512 1012 270 72 uotissimo
720 1012 208 72 populo
866 1012 312 72 ministrante
1116 1012 312 72 necessaria,
1365 1012 166 72 ipsi
1469 1012 270 72 Creatori,
1677 1012 125 72 ac
1740 1012 229 72 Pastori
1906 1012 166 72 suo,

509 1082 232 88 liberis
678 1082 253 88 mentibus
867 1082 358 88 ministrarent,
1163 1082 190 88 atque
1289 1082 127 88 in
1352 1082 169 88 eius
1458 1082 190 88 culti
1584 1082 169 88 sine
1690 1082 169 88 vlla
1774 1082 253 88 sollicitu¬-

511 1148 192 88 dine
631 1148 312 88 corporali
871 1148 384 88 proficerent.
1183 1148 240 88 Victum
1350 1148 240 88 igitur
1518 1148 240 88 habere
1686 1148 144 88 de
1734 1148 288 88 communibus

514 1210 243 99 bonis
676 1210 352 99 Ecclesiae
947 1210 298 99 expedit
1163 1210 271 99 animum
1353 1210 162 99 ad
1434 1210 460 99 contemplandum
1786 1210 243 99 diuinas

507 1275 303 84 amouendo
734 1275 303 84 scilicet
962 1275 455 84 sollicitudinem
1341 1275 152 84 de
1417 1275 228 84 victu
1569 1275 354 84 quaerendo.
1822 1275 202 84 Mendi¬-

505 1340 208 81 care
635 1340 208 81 vero
765 1340 285 81 impedit
972 1340 234 81 animi
1128 1340 363 81 libertatem
1413 1340 156 81 ad
1491 1340 467 81 contemplandum,
1854 1340 156 81 prop

501 1418 179 90 ter
604 1418 461 90 sollicitudinem
988 1418 282 90 victus,
1193 1418 128 90 &
1244 1418 333 90 cogitandi
1500 1418 154 90 de
1577 1418 333 90 crastino;
1833 1418 230 90 sicut
1961 1418 77 90 e

514 1491 293 74 contrario
740 1491 293 74 securitas
965 1491 180 74 cibi
1077 1491 225 74 facit,
1235 1491 135 74 vt
1303 1491 225 74 melius
1460 1491 225 74 vacari
1618 1491 225 74 possit
1775 1491 293 74 aeternis,

506 1545 138 88 vt
575 1545 277 88 ostensum
783 1545 161 88 est
875 1545 208 88 supra
1013 1545 208 88 dist.
1152 1545 138 88 2.
1221 1545 138 88 §.
1290 1545 161 88 Sed
1382 1545 208 88 certe
1521 1545 231 88 videri
1682 1545 254 88 potest.
1844 1545 184 88 Aufert

507 1607 230 96 etiam
661 1607 357 96 mendicitas
942 1607 230 96 animi
1095 1607 383 96 libertatem,
1401 1607 204 96 quam
1529 1607 230 96 debet
1682 1607 255 96 habere
1835 1607 179 96 Chri¬-

503 1677 283 80 stianus
709 1677 154 80 ad
786 1677 180 80 non
889 1677 334 80 peccandum
1146 1677 283 80 propter
1352 1677 411 80 necessitatem
1686 1677 283 80 victus;
1866 1677 154 80 com¬-

505 1752 249 92 pellit
679 1752 199 92 enim
804 1752 323 92 quandoque
1053 1752 249 92 cadere
1227 1752 149 92 in
1301 1752 149 92 in
1376 1752 224 92 varia
1525 1752 249 92 genera
1700 1752 373 92 peccatorum,

519 1808 130 67 vt
584 1808 260 67 ostensum
779 1808 151 67 est
866 1808 195 67 supra
995 1808 195 67 dist.
1125 1808 130 67 2.
1190 1808 130 67 §.
1255 1808 130 67 Si
1320 1808 173 67 vero
1407 1808 216 67 dicatur.

577 1876 152 84 §.
653 1876 152 84 Et
729 1876 203 84 quod
855 1876 304 84 dicuntur
1083 1876 329 84 immobiles
1336 1876 405 84 posfessiones
1666 1876 304 84 inducere
1868 1876 152 84 mul¬-

493 1935 177 97 tas
594 1935 480 97 sollicitudines;
998 1935 202 97 Idem
1125 1935 202 97 dici
1251 1935 253 97 potest
1428 1935 152 97 de
1504 1935 354 97 mobilibus;
1782 1935 202 97 nisi
1883 1935 152 97 quia

510 2003 206 84 tanto
647 2003 297 84 securius,
876 2003 228 84 quanto
1036 2003 320 84 secretius,
1287 2003 366 84 possidentur;
1584 2003 160 84 nec
1675 2003 206 84 illae
1790 2003 228 84 sollici¬-

501 2089 272 70 tudines
699 2089 272 70 tangunt
897 2089 297 70 singulos
1119 2089 297 70 Fratres,
1342 2089 198 70 siue
1465 2089 396 70 Claustrales;
1787 2089 173 70 sed
1861 2089 173 70 illos

497 2140 266 80 tantum,
690 2140 169 80 qui
787 2140 290 80 praesunt
1005 2140 339 80 Ecclesiis,
1271 2140 169 80 vel
1368 2140 387 80 Monasteriis;
1682 2140 145 80 vt
1755 2140 194 80 vno,
1852 2140 169 80 vide¬-

505 2192 211 97 licet
645 2192 352 97 praesidente
927 2192 422 97 sollicitudinem
1279 2192 258 97 gerente
1467 2192 164 97 pro
1561 2192 258 97 cunctis
1748 2192 329 97 Fratribus,

507 2275 225 87 libere
665 2275 248 87 possint
845 2275 180 87 illi
958 2275 248 87 Fratres
1138 2275 315 87 spirituali
1386 2275 225 87 quiete
1543 2275 248 87 potiri.
1723 2275 180 87 Vnde
1813 2275 203 87 Prosper

498 2336 137 93 De
567 2336 183 93 vita
681 2336 412 93 contemplatiua.
1024 2336 252 93 Expedit
1207 2336 320 93 facultates
1459 2336 297 93 Ecclesiae
1688 2336 320 93 possideri;
1917 2336 114 93 non

498 2405 316 78 sexplendis
746 2405 383 78 voluptatibus,
1062 2405 158 78 aut
1152 2405 293 78 fouendis;
1377 2405 158 78 sed
1468 2405 361 78 congregandis
1761 2405 316 78 Fratribus,

510 2483 119 80 &
558 2483 286 80 alendis;
773 2483 143 80 vt
844 2483 167 80 vno
940 2483 430 80 sollicitudinem
1298 2483 239 80 omnium
1465 2483 143 80 in
1537 2483 167 80 sua
1632 2483 310 80 societate
1847 2483 191 80 viuen¬-

500 2537 180 91 tium
613 2537 338 91 sustinente,
883 2537 225 91 omnes,
1041 2537 158 91 qui
1131 2537 158 91 sub
1221 2537 135 91 eo
1288 2537 203 91 sunt,
1423 2537 293 91 fructuosa
1648 2537 293 91 vacatione
1851 2537 180 91 spiri¬-

507 2600 308 81 taliquiete
749 2600 308 81 potiantur.
990 2600 154 81 Nec
1078 2600 176 81 sunt
1188 2600 198 81 illae
1320 2600 395 81 sollicitudines
1650 2600 330 81 suffocantes
1891 2600 132 81 ani¬-

496 2675 405 106 milibertatem
824 2675 202 106 (cum
951 2675 177 106 non
1052 2675 152 106 ex
1128 2675 354 106 cupiditate
1406 2675 303 106 priuatae
1633 2675 177 106 rei
1709 2675 329 106 prouenianta
