2592 3508
538 167 227 78 autem
689 167 152 78 de
765 167 202 78 hoc,
891 167 152 78 &.
967 167 152 78 de
1043 167 303 78 omnibus,
1270 167 202 78 quae
1396 167 152 78 in
1472 167 177 78 hoc
1573 167 278 78 libello
1775 167 328 78 dicuntur,

542 220 287 83 iudicet,
757 220 167 83 qui
853 220 143 83 de
924 220 191 83 vita
1044 220 239 83 omnium
1211 220 406 83 Christianorum
1545 220 143 83 in
1617 220 191 83 hooc
1737 220 263 83 saeculo
1904 220 167 83 iudi¬-

551 282 171 81 care
658 282 235 81 potest.

618 336 154 89 §.
695 336 205 89 Item
824 336 308 89 Anscimus
1054 336 154 89 in
1131 336 231 89 libro
1285 336 154 89 De
1362 336 487 89 Similitudinibus
1747 336 308 89 distinguit

541 419 307 65 Ordinem
764 419 419 65 Christianae
1099 419 391 65 Religionis
1406 419 167 65 in
1490 419 195 65 duo
1602 419 307 65 generas
1797 419 251 65 videlie

553 491 186 97 cet,
669 491 139 97 in
738 491 325 97 naturalem,
993 491 116 97 &
1040 491 325 97 factitium,
1295 491 162 97 ita
1388 491 255 97 dicens.
1573 491 162 97 Duo
1666 491 186 97 sunt
1782 491 255 97 Ordinis
1944 491 116 97 ge¬-

545 568 189 75 pera
664 568 189 75 Viro
782 568 308 75 Religioso
1019 568 403 75 conuenientia.
1351 568 189 75 Vnum
1469 568 308 75 exterius,
1706 568 166 75 quo
1777 568 284 75 Religiosus

555 626 266 81 videtur;
755 626 200 81 aliud
888 626 178 81 vero
999 626 289 81 interius,
1221 626 155 81 quo
1309 626 311 81 Religiosus
1554 626 266 81 habetur,
1753 626 133 81 Et
1820 626 200 81 illud
1931 626 133 81 qui¬-

538 683 151 64 dem
624 683 258 64 exterius
817 683 280 64 factitii,
1032 683 151 64 hoc
1118 683 172 64 vero
1226 683 258 64 interius
1419 683 280 64 naturalis
1634 683 237 64 Ordinis
1806 683 172 64 est.
1892 683 172 64 Facti¬-

551 753 177 58 tius
662 753 221 58 quippe
816 753 199 58 Ordo,
949 753 266 58 factitia
1148 753 177 58 sunt
1259 753 398 58 consuetudines,
1591 753 177 58 quas
1702 753 243 58 homines
1857 753 199 58 inuene¬-

547 826 211 76 runt,
687 826 117 76 &
734 826 305 76 quibusdam
968 826 234 76 causis
1133 826 375 76 vationalibus
1437 826 305 76 seruandas
1672 826 398 76 insiituerunt,
1976 826 94 76 vt

537 894 208 79 patet
676 894 139 79 in
745 894 231 79 Ordine
907 894 347 79 Monachorum.
1184 894 301 79 Naturalis
1416 894 185 79 vero
1531 894 254 79 Ordinis
1716 894 301 79 naturales
1924 894 139 79 sunt

566 954 298 55 virtotres,
800 954 128 55 vt
864 954 298 55 humilitas,
1099 954 277 55 charitas,
1312 954 107 55 &
1354 954 192 55 aliae
1482 954 235 55 plures,
1653 954 171 55 quas
1760 954 192 55 Deiis
1866 954 192 55 natora¬-

550 1010 203 80 liter
686 1010 248 80 indidit
866 1010 248 80 homini,
1047 1010 248 80 suaeque
1228 1010 181 80 cama
1341 1010 248 80 salutis
1521 1010 293 80 seruandas
1747 1010 293 80 mandauit.
1950 1010 113 80 Tit

546 1075 228 73 infra.
706 1075 182 73 Ille
819 1075 228 73 itaque
979 1075 296 73 factitius
1206 1075 205 73 Ordo,
1343 1075 182 73 sine
1457 1075 182 73 isto
1570 1075 273 73 naturali
1775 1075 205 73 nihil
1889 1075 182 73 homini

543 1145 269 75 prodest;
744 1145 179 75 Iste
856 1145 314 75 naturalis,
1103 1145 179 75 sine
1215 1145 179 75 illo
1327 1145 202 75 etiam
1462 1145 247 75 saluare
1641 1145 291 75 homigeom.
1865 1145 247 75 potest,

554 1210 168 73 3rg
650 1210 216 73 rauen
794 1210 264 73 saluari
986 1210 264 73 valeat,
1178 1210 216 73 valde
1323 1210 168 73 est
1419 1210 240 73 vtilis
1587 1210 240 73 illes.
1755 1210 144 73 Et
1803 1210 264 73 exempluim

546 1274 213 74 huius
688 1274 331 74 vtilitatis
948 1274 354 74 ponidibidem
1231 1274 283 74 Anselmus
1444 1274 142 74 in
1515 1274 307 74 sotulari;
1751 1274 118 74 &
1798 1274 189 74 eius
1893 1274 165 74 Goue¬-

543 1346 227 89 rigis,
702 1346 250 89 dicens.
884 1346 273 89 Vorrigia
1088 1346 295 89 colligata
1316 1346 182 89 pedi
1429 1346 159 89 non
1520 1346 159 89 est
1611 1346 136 89 in
1679 1346 318 89 munimentum
1906 1346 159 89 sibio

548 1419 192 55 iuomo
676 1419 213 55 potius
825 1419 128 55 in
889 1419 256 55 dedecus;
1081 1419 277 55 sorularis
1295 1419 171 55 vero
1401 1419 192 55 pedem
1529 1419 235 55 msonit,
1700 1419 256 55 fatisque
1871 1419 192 55 decenme

544 1482 152 91 ter
631 1482 261 91 conuenit
827 1482 196 91 illi.
957 1482 130 91 Ne
1023 1482 217 91 tamoen
1175 1482 217 91 cadat,
1327 1482 152 91 vel
1414 1482 217 91 portus
1566 1482 196 91 fiat,
1696 1482 239 91 necesse
1870 1482 152 91 est
1936 1482 130 91 sibi

548 1553 287 83 corrigia.
769 1553 177 83 Sic,
879 1553 243 83 inquit,
1056 1553 287 83 factitius
1277 1553 199 83 Grdo,
1410 1553 199 83 licet
1543 1553 332 83 nibilisolus
1808 1553 243 83 prosit,
1962 1553 111 83 sed

549 1609 209 73 magis
688 1609 302 73 dedeceat;
920 1609 302 73 naturalis
1152 1609 186 73 vero
1269 1609 186 73 sine
1385 1609 209 73 illo,
1524 1609 116 73 &
1570 1609 255 73 prosit,
1756 1609 116 73 &
1803 1609 255 73 deceat;
1965 1609 93 73 ve

550 1673 197 83 tamen
681 1673 175 83 ille
791 1673 240 83 firmius
965 1673 284 83 teneatur,
1184 1673 328 83 necessarius
1446 1673 175 83 iste
1555 1673 175 83 sibi
1665 1673 262 83 habetur.
1861 1673 153 83 Cum
1927 1673 131 83 igi¬-

551 1745 166 75 tur
646 1745 308 75 naturalis
883 1745 190 75 Ordo
1002 1745 237 75 solus,
1167 1745 118 75 &
1215 1745 261 75 prosit,
1404 1745 118 75 &
1452 1745 308 75 proficere
1689 1745 237 75 possit
1855 1745 142 75 Ct
1902 1745 166 75 patet

543 1802 155 106 in
621 1802 362 106 Apostolis,
905 1802 388 106 Martyribus,
1216 1802 129 106 &
1267 1802 259 106 multis
1448 1802 466 106 Confefsoribus,
1836 1802 181 106 qui
1914 1802 155 106 sine

553 1864 242 96 Ordine
722 1864 290 96 factitio
940 1864 242 96 procul
1109 1864 218 96 dubio
1254 1864 266 96 fuerunt
1447 1864 193 96 Viri
1568 1864 314 96 perfocti)
1810 1864 193 96 Ordo
1907 1864 145 96 vero

554 1930 297 108 facritius
783 1930 229 108 solus,
943 1930 160 108 nec
1034 1930 251 108 prosit,
1217 1930 114 108 &
1263 1930 183 108 ideo
1377 1930 160 108 nec
1469 1930 297 108 proficere
1697 1930 251 108 possit;
1880 1930 229 108 patet,

552 2011 186 91 quod
668 2011 279 91 essentia
877 2011 395 91 perfectionis,
1202 2011 163 91 non
1295 2011 139 91 in
1364 2011 232 91 Ordine
1527 2011 325 91 factitini;
1782 2011 163 91 sed
1875 2011 139 91 in
1921 2011 163 91 prae¬-

545 2076 206 101 dine
674 2076 310 101 naturali
907 2076 361 101 consistit.
1190 2076 465 101 Praesumptuosum
1578 2076 206 101 ergo
1707 2076 258 101 estioe
1887 2076 129 101 ;
1913 2076 155 101 ali¬-

546 2128 316 114 surdum,
776 2128 230 114 quod
920 2128 230 114 homo
1064 2128 316 114 propter
1294 2128 403 114 factitium.
1611 2128 345 114 Ordinem,
1870 2128 259 114 quon.

546 2210 389 94 prositetur,
857 2210 156 94 se
935 2210 156 94 in
1013 2210 389 94 perfectione
1324 2210 337 94 praeferat
1583 2210 259 94 alteri
1739 2210 337 94 hominie;qui

542 2280 250 90 ubsque
717 2280 250 90 Ordine
892 2280 325 90 factitio,
1142 2280 175 90 vel
1242 2280 175 90 cum
1342 2280 200 90 illo
1467 2280 325 90 perfectus
1717 2280 200 90 est,
1817 2280 250 90 vescesse

551 2348 232 88 potest
713 2348 139 88 in
783 2348 232 88 Ordine
946 2348 302 88 naturali.
1178 2348 232 88 Igitur
1341 2348 209 88 tales
1480 2348 256 88 homines
1643 2348 418 88 factitiuipmCrdi¬-

550 2410 174 98 nem
650 2410 298 98 exterius
873 2410 398 98 obseruantes;
1196 2410 124 98 &
1246 2410 149 98 de
1321 2410 398 98 obseruantiis
1644 2410 298 98 factiri;
1842 2410 224 98 Ordinis

548 2458 391 97 gloriantes,
861 2458 339 97 naturalem
1121 2458 235 97 autem
1278 2458 287 97 Ordinem
1486 2458 313 97 plurimum
1721 2458 313 97 interius
1930 2458 130 97 re¬-

554 2531 351 82 linquentes;
835 2531 258 82 similes
1022 2531 187 82 sunt
1139 2531 328 82 Hypocritis
1396 2531 351 82 Pharisaeis,
1677 2531 234 82 contra
1841 2531 187 82 quos
1935 2531 117 82 in¬-

552 2604 279 105 ughitur
755 2604 279 105 Dominus
958 2604 229 105 Matt.
1110 2604 178 105 23.
1212 2604 279 105 dicens.
1415 2604 178 105 Vae
1516 2604 254 105 vobis,
1694 2604 279 105 Scribe,
1897 2604 127 105 &
1923 2604 152 105 Pha¬-

541 2680 254 78 risaes
718 2680 380 78 Hypocrirae,
1022 2680 177 78 qui
1124 2680 330 78 decimatis
1377 2680 355 78 didensham;
1656 2680 127 78 &
1707 2680 304 78 Mnethum,
1935 2680 127 78 &
1960 2680 127 78 Co¬
