2592 3508
463 140 224 79 cisci
612 140 199 79 (cum
737 140 174 79 sit
836 140 174 79 per
936 140 224 79 Sedem
1085 140 373 79 Apostolicam
1383 140 373 79 consirmata)
1657 140 298 79 nullatenus

460 210 397 57 reprobantes;
783 210 298 57 Dicimus,
1006 210 199 57 quod
1131 210 248 57 status
1304 210 273 57 Virorum
1503 210 273 57 illorum
1677 210 273 57 Ecclesia¬-

463 260 329 95 sticorum,
716 260 177 95 qui
817 260 304 95 communes
1044 260 405 95 posfessiones
1373 260 354 95 plaerumque
1651 260 354 95 recipiunt;

458 338 132 90 &
510 338 210 90 quia
642 338 237 90 iuxta
800 338 263 90 eamdem
984 338 289 90 Regulam
1194 338 421 90 posfessiones
1536 338 263 90 habere
1720 338 184 90 non
1799 338 158 90 pos¬-

463 395 213 88 sunt,
605 395 261 88 idcirco
795 395 142 88 in
866 395 261 88 casibus
1056 395 166 88 non
1150 395 308 88 concessis
1387 395 308 88 postmodum
1624 395 166 88 eas
1719 395 284 88 vendunt;

458 462 295 71 quoniam
673 462 188 71 per
780 462 188 71 hoc
887 462 402 71 damnationem
1209 462 295 71 Canonis
1423 462 268 71 Vrbani
1611 462 241 71 Papae
1745 462 214 71 incur¬-

463 547 232 58 runt,
618 547 180 58 est
721 547 257 58 merito
901 547 412 58 formidandus.
1235 547 180 58 Nec
1338 547 257 58 tenent
1518 547 154 58 in
1596 547 180 58 hac
1699 547 232 58 parte
1827 547 129 58 Re¬-

469 597 218 90 gulam
614 597 387 90 supradictam,
928 597 218 90 licet
1073 597 242 90 forsan
1242 597 169 90 eam
1339 597 314 90 vocaliter
1581 597 411 90 profiteantur;

469 682 178 62 cum
570 682 229 62 dicta
723 682 254 62 Regula
901 682 305 62 firmiter
1129 682 356 62 prohibeat,
1409 682 280 62 Fratres
1612 682 330 62 pecuniam,
1841 682 127 62 vel

457 746 299 75 quidquam
681 746 249 75 aliud,
855 746 274 75 praeter
1054 746 199 75 quam
1179 746 224 75 cibum
1328 746 373 75 necessarium
1627 746 124 75 &
1676 746 323 75 vestitum,

463 810 297 88 recipere;
691 810 183 88 siue
806 810 160 88 per
897 810 160 88 se,
988 810 183 88 siue
1102 810 160 88 per
1194 810 365 88 interpositam
1490 810 297 88 Personam,
1719 810 137 88 vt
1764 810 183 88 osten¬-

448 867 193 88 sum
559 867 193 88 est
669 867 276 88 supra;
863 867 249 88 nedum
1029 867 442 88 posfessiones
1388 867 332 88 recipere
1636 867 166 88 ad
1692 867 276 88 venden¬¬-

465 932 203 65 dum.

526 1001 148 92 §.
600 1001 148 92 Ad
674 1001 295 92 secundum
896 1001 197 92 vero
1019 1001 295 92 dicimus,
1240 1001 197 92 quod
1363 1001 222 92 illud
1511 1001 320 92 capitulum
1732 1001 222 92 praedi¬-

460 1063 186 69 ctum
576 1063 255 69 Fratres
762 1063 232 69 vadant
924 1063 163 69 pro
1017 1063 325 69 eleemosona
1273 1063 348 69 confidenter
1551 1063 255 69 videtur
1714 1063 232 69 intelli¬-

467 1145 243 66 gendum
637 1145 194 66 esse
758 1145 146 66 de
831 1145 243 66 illis,
1001 1145 170 66 qui
1098 1145 291 66 laborare
1317 1145 170 66 non
1414 1145 267 66 possunt
1608 1145 267 66 propter
1778 1145 170 66 impo¬-

457 1210 285 66 tentiam
664 1210 388 66 corporalem,
975 1210 181 66 vel
1079 1210 285 66 propter
1286 1210 207 66 alia
1415 1210 311 66 legitima
1622 1210 337 66 impedimenta

458 1274 232 90 posita
620 1274 116 90 &
667 1274 302 90 assignata
899 1274 209 90 supra
1039 1274 209 90 dist.
1178 1274 139 90 1.
1248 1274 139 90 §.
1318 1274 186 90 Sunt
1434 1274 209 90 autem
1573 1274 232 90 quidam
1736 1274 232 90 casus,
1875 1274 70 90 &

457 1344 244 83 duobus
627 1344 366 83 Paragraphis
920 1344 390 83 sequentibus,
1237 1344 122 83 &
1286 1344 146 83 §.
1359 1344 268 83 Tertius
1554 1344 244 83 casus.
1725 1344 171 83 Vel
1798 1344 146 83 qui¬-

464 1396 173 88 bus
563 1396 396 88 laborantibus
885 1396 272 88 quantum
1083 1396 297 88 possunt,
1306 1396 173 88 non
1405 1396 297 88 sufficit
1627 1396 223 88 labor
1776 1396 223 88 suus,

464 1475 172 61 vel
563 1475 271 61 Fratrum
760 1475 246 61 suorum
932 1475 295 61 laborare
1153 1475 344 61 potentium,
1424 1475 148 61 vt
1498 1475 295 61 ostensum
1719 1475 172 61 est
1793 1475 172 61 supra

460 1535 190 86 dist.
587 1535 127 86 2.
650 1535 127 86 §.
714 1535 169 86 Item
819 1535 254 86 videtur,
1010 1535 106 86 &
1052 1535 127 86 §.
1116 1535 127 86 Ex
1179 1535 317 86 praemissis.

518 1607 141 84 §.
589 1607 212 84 Patet
731 1607 236 84 igitur
896 1607 141 84 ex
966 1607 330 84 premissis,
1225 1607 189 84 quod
1343 1607 189 84 veri
1461 1607 283 84 Apostoli
1673 1607 165 84 non
1744 1607 212 84 praese¬-

449 1675 209 88 runt
579 1675 157 88 se
658 1675 235 88 aliis
814 1675 365 88 hominibus;
1102 1675 131 88 &
1154 1675 209 88 quod
1284 1675 261 88 status
1467 1675 365 88 Regularium
1754 1675 157 88 in
1806 1675 157 88 con¬-

462 1745 389 66 pregatione,
774 1745 182 66 seu
877 1745 312 66 conuentu
1111 1745 364 66 viuentium,
1397 1745 130 66 &
1449 1745 260 66 absque
1630 1745 208 66 vllo
1734 1745 234 66 impedi¬-

454 1810 233 59 mento
610 1810 337 59 legitimo,
869 1810 415 59 corporaliter
1206 1810 285 59 operari
1413 1810 363 59 potentium;
1673 1810 285 59 nihilomi¬-

456 1868 175 63 nus
556 1868 225 63 iuxta
706 1868 376 63 traditiones
1007 1868 225 63 suas,
1157 1868 150 63 vt
1233 1868 326 63 asserunt,
1483 1868 301 63 perpetuo
1683 1868 276 63 mendican¬-

450 1945 234 73 tium;
606 1945 260 73 statui
788 1945 364 73 Regularium
1073 1945 312 73 communes
1307 1945 415 73 posfessiones
1644 1945 364 73 habentium,

452 2016 339 56 nequaquam
713 2016 183 56 est
817 2016 235 56 quoad
974 2016 183 56 hoc
1078 2016 443 56 praeferendus;
1443 2016 183 56 sed
1548 2016 287 56 propter
1730 2016 235 56 praedi¬-

447 2066 181 81 cta
551 2066 311 81 pericula
784 2066 415 81 formidandus.

548 2146 150 58 §.
623 2146 150 58 Si
698 2146 175 58 qui
798 2146 200 58 ergo
923 2146 400 58 Praedcatores
1248 2146 175 58 (de
1349 2146 250 58 quorum
1524 2146 300 58 canonica
1724 2146 225 58 missio¬-

444 2210 176 65 ne,
545 2210 176 65 seu
645 2210 327 65 vocatione
897 2210 176 65 non
998 2210 302 65 constet)
1225 2210 151 65 ex
1300 2210 201 65 more
1426 2210 151 65 se
1502 2210 378 65 comparando,
1779 2210 176 65 aliis

456 2266 316 75 hominibus
699 2266 292 75 Personas
918 2266 195 75 suas
1040 2266 146 75 in
1113 2266 365 75 perfectione
1405 2266 316 75 praeferre
1649 2266 365 75 praesumant;

455 2346 155 72 vel
543 2346 244 72 propter
721 2346 332 72 traditiones
987 2346 177 72 suas
1098 2346 332 72 praedictas;
1364 2346 155 72 vol
1452 2346 199 72 alias
1585 2346 421 72 superstitiosus,

445 2398 267 94 statum
632 2398 214 94 suum
766 2398 294 94 tamquam
980 2398 454 94 perfectiorem;
1354 2398 241 94 aliis
1515 2398 348 94 statibus,
1755 2398 214 94 saltem

447 2475 425 73 perfectionis,
797 2475 375 73 praeferant;
1097 2475 175 73 non
1197 2475 300 73 videntur
1421 2475 200 73 esse
1546 2475 200 73 veri
1646 2475 325 73 Praedicato¬-

450 2538 199 80 res,
574 2538 174 80 sed
649 2538 223 80 Pseudo.

537 2611 164 66 §.
619 2611 383 66 Duodecimum
920 2611 274 66 Signum
1111 2611 274 66 potest
1303 2611 246 66 esse,
1467 2611 219 66 Quod
1603 2611 274 66 Pseudo
1768 2611 191 66 quan¬-

435 2681 250 84 doque,
610 2681 150 84 vt
685 2681 275 84 populum
884 2681 150 84 in
959 2681 150 84 se
1034 2681 200 84 vite
1159 2681 300 84 nouitate
1384 2681 375 84 conuertant,
1683 2681 250 84 contra
1833 2681 150 84 ils¬
