2592 3508
442 161 260 93 semper
624 161 286 93 inopes,
832 161 364 93 mendicando
1119 161 286 93 assidue
1327 161 260 93 victum
1509 161 338 93 quaerant;
1770 161 130 93 &
1796 161 156 93 tali

456 248 347 78 traditioni
729 248 223 78 nomen
877 248 347 78 Religionis
1150 248 322 78 imponant;
1398 248 173 78 cum
1497 248 223 78 tamen
1646 248 173 78 sit
1720 248 223 78 contra¬-

455 291 164 98 ria
548 291 304 98 Sanctorum
782 291 234 98 Patrum
946 291 304 98 Canonicis
1180 291 351 98 institutis,
1461 291 164 98 que
1555 291 304 98 prohibent
1766 291 187 98 Eccle¬-

463 376 171 78 sias
569 376 213 78 absque
719 376 171 78 dote
825 376 298 78 terrenarum
1060 376 362 78 possescionum,
1358 376 171 78 vnde
1465 376 256 78 Ministri
1657 376 192 78 earum
1763 376 192 78 susten¬-

449 425 170 100 tari
555 425 255 100 valeant,
747 425 319 100 consecrari.
1002 425 277 100 Similiter
1215 425 106 100 &
1258 425 255 100 Clericos
1449 425 213 100 absque
1598 425 234 100 titulis
1768 425 128 100 ad
1811 425 149 100 eorum

450 491 394 113 sustentationem
779 491 394 113 sufficientibus
1107 491 285 113 ordinari.
1327 491 307 113 Similiter,
1568 491 153 113 non
1655 491 219 113 plures
1809 491 131 113 in
1852 491 110 113 Mo¬-

454 553 297 101 nasteriis
682 553 342 101 Monachorum,
956 553 160 101 aut
1048 553 342 101 Clericorum,
1322 553 160 101 aut
1413 553 297 101 Monialium
1641 553 274 101 raecipi,
1824 553 137 101 quam

458 620 177 112 quot
568 620 133 112 de
635 620 199 112 bonis
767 620 287 112 Ecclesiae
988 620 133 112 se
1054 620 221 112 regere
1209 620 221 112 absque
1364 620 243 112 penuria
1540 620 265 112 possint,
1739 620 133 112 vt
1783 620 177 112 osten¬-

463 689 167 92 sum
558 689 167 92 est
654 689 214 92 supra
796 689 214 92 dist.
939 689 143 92 2.
1011 689 143 92 §.
1082 689 143 92 Ad
1154 689 309 92 euitandum
1392 689 262 92 igitur.
1582 689 214 92 Item,
1701 689 262 92 contraria

465 751 164 100 est
558 751 187 100 illa
675 751 280 100 traditio
885 751 304 100 (secundùm
1119 751 187 100 quam
1236 751 374 100 posfessiones
1539 751 304 100 Ecclesiae
1773 751 164 100 non
1843 751 117 100 re¬-

448 826 340 86 seruantur,
715 826 170 86 sed
812 826 340 86 venduntur)
1079 826 243 86 Vrbani
1249 826 219 86 Papae
1395 826 267 86 Decreto
1589 826 170 86 12.
1686 826 146 86 d.
1759 826 146 86 I.
1807 826 146 86 cap.

464 898 328 82 Videntes
710 898 191 82 per
819 898 574 82 excommunicationis
1311 898 383 82 sententiam
1612 898 355 82 reborato,
1858 898 109 82 vt

471 968 252 75 ostensum
660 968 147 75 est
744 968 189 75 supra
870 968 168 75 ead.
975 968 189 75 dist.
1101 968 126 75 in
1164 968 147 75 Ii.
1248 968 189 75 signo
1374 968 126 75 §.
1437 968 147 75 Sed
1521 968 210 75 forsan
1668 968 336 75 respondebit.

486 1034 204 83 Viri
613 1034 204 83 ergo
740 1034 357 83 Regulares,
1020 1034 331 83 immobilia
1275 1034 306 83 retinere
1504 1034 331 83 nolentes,
1734 1034 229 83 mobilia

469 1113 196 67 vero
592 1113 221 67 omnia
739 1113 417 67 indifterenter
1082 1113 123 67 a
1131 1113 392 67 quibuscumque
1450 1113 392 67 recipientes,
1769 1113 123 67 &
1818 1113 196 67 im.¬

474 1155 266 104 portune
667 1155 363 104 quaerentes,
958 1155 145 104 ac
1031 1155 363 104 incessanter
1321 1155 169 104 sub
1418 1155 315 104 praetextu
1660 1155 266 104 inopiae
1830 1155 145 104 con¬-

463 1227 340 105 gregantes;
730 1227 292 105 videntur
949 1227 194 105 esse
1070 1227 146 105 de
1143 1227 243 105 illis,
1314 1227 146 105 de
1387 1227 243 105 quibus
1557 1227 219 105 dicit
1678 1227 292 105 Augustinus

472 1281 145 99 in
544 1281 193 99 lib.
665 1281 145 99 De
737 1281 266 99 moaibus
931 1281 338 99 Ecclesiae.
1196 1281 193 99 Noui
1317 1281 241 99 multos
1486 1281 217 99 esse,
1631 1281 169 99 qui
1703 1281 266 99 renuntia¬-

478 1339 219 104 uerunt
631 1339 219 104 verbis
784 1339 175 104 huic
893 1339 262 104 saeculo,
1090 1339 175 104 etsi
1199 1339 131 104 se
1265 1339 240 104 omnibus
1440 1339 197 104 huius
1571 1339 240 104 saeculi
1724 1339 240 104 mobilibus

477 1427 244 95 opprimi
654 1427 244 95 velint,
831 1427 354 95 oppressosqne
1097 1427 266 95 laetentur.

574 1475 136 105 §.
642 1475 204 105 Item,
778 1475 385 105 superstitiosa
1095 1475 271 105 traditio
1298 1475 249 105 videtur
1479 1475 204 105 esse,
1615 1475 136 105 si
1683 1475 204 105 forte
1796 1475 181 105 aliqui

469 1542 301 101 Monachi,
695 1542 176 101 seu
795 1542 326 101 Regulares
1046 1542 226 101 Viri,
1197 1542 226 101 iuxta
1347 1542 377 101 traditiones
1649 1542 201 101 suas
1774 1542 176 101 non
1849 1542 126 101 ha¬-

484 1624 243 82 bentes
654 1624 389 82 possessiones
970 1624 341 82 immobiles,
1238 1624 195 82 vnde
1360 1624 268 82 viuant;
1554 1624 146 82 vt
1627 1624 195 82 prae
1725 1624 243 82 caeteris

491 1666 351 106 Regularibus
771 1666 304 106 videantur
1005 1666 351 106 spirituales
1286 1666 234 106 essie,
1449 1666 117 106 &
1496 1666 140 106 ad
1566 1666 234 106 instar
1706 1666 281 106 auium(quae

489 1751 228 87 neque
641 1751 329 87 seminant,
894 1751 228 87 neque
1046 1751 279 87 metunt,
1248 1751 228 87 neque
1400 1751 329 87 operantur
1628 1751 355 87 corporaliter

496 1809 191 108 Vnde
616 1809 263 108 viuant)
807 1809 311 108 videantur
1046 1809 382 108 praecaeteris
1357 1809 215 108 iuxta
1500 1809 359 108 Evangelicam
1763 1809 215 108 doctri¬-

493 1873 163 100 nam
586 1873 140 100 de
656 1873 280 100 crastino
866 1873 163 100 non
959 1873 303 100 cogitare;
1192 1873 350 100 traditiones
1471 1873 186 100 sibi
1588 1873 280 100 faciant,
1798 1873 140 100 vt
1844 1873 140 100 abs¬-

498 1938 162 115 que
590 1938 208 115 opere
729 1938 301 115 corporali
960 1938 208 115 solis
1099 1938 393 115 spiritualibus
1423 1938 231 115 semper
1585 1938 324 115 intendant;
1816 1938 162 115 licet

488 2021 143 86 ad
560 2021 310 86 operandum
798 2021 382 86 corporaliter
1109 2021 191 86 sint
1228 2021 263 86 validi;
1419 2021 167 86 nec
1515 2021 215 86 illis
1634 2021 358 86 spiritualibus

486 2074 277 97 operibus
694 2074 185 97 aden
809 2074 185 97 sint
924 2074 323 97 districti,
1178 2074 162 97 vel
1271 2074 162 97 eis
1363 2074 162 97 per
1455 2074 300 97 Ecclesiae
1663 2074 323 97 ordinationem

479 2154 345 82 adstricti;
750 2154 320 82 quominus,
997 2154 173 82 vel
1096 2154 247 82 omnes,
1268 2154 173 82 vel
1367 2154 247 82 saltem
1539 2154 222 82 eorum
1687 2154 271 82 aliqui,
1860 2154 123 82 pro

506 2207 219 101 victu
651 2207 194 101 suo,
773 2207 121 101 &
821 2207 267 101 Fratrum
1016 2207 267 101 suorum,
1210 2207 267 101 valeant
1404 2207 389 101 corporaliter
1720 2207 291 101 operari;
1914 2207 73 101 &

491 2271 216 100 nomen
635 2271 336 100 Religionis
899 2271 288 100 imponant
1115 2271 192 100 illi
1235 2271 336 100 traditioni
1500 2271 144 100 s,
1572 2271 288 100 cumtamen
1788 2271 144 100 ex
1836 2271 144 100 illa

494 2330 328 106 traditione
751 2330 422 106 inguitabiliter
1103 2330 375 106 consaquatur,
1407 2330 141 106 vt
1478 2330 164 106 cum
1571 2330 164 106 nec
1665 2330 141 106 de
1712 2330 281 106 posfessio¬-

487 2398 265 112 nibus,
673 2398 212 112 quas
806 2398 186 112 non
912 2398 292 112 habent,
1124 2398 186 112 nec
1230 2398 159 112 de
1310 2398 239 112 opere
1469 2398 372 112 corporali,
1761 2398 212 112 quod
1867 2398 133 112 non

502 2468 306 104 exercent,
738 2468 259 104 valeant
926 2468 259 104 viuere;
1114 2468 282 104 egestate
1326 2468 282 104 cogantur
1538 2468 165 104 res
1632 2468 259 104 alienas
1797 2468 188 104 victui

495 2532 169 106 suo
591 2532 361 106 necessarias
880 2532 361 106 desideraro,
1170 2532 120 106 &
1218 2532 265 106 assidue
1411 2532 337 106 mendicando
1676 2532 265 106 rogare;
1844 2532 145 106 con¬-

496 2601 172 109 tra
595 2601 344 109 praeceptum
865 2601 295 109 Apostoli
1087 2601 295 109 IAThess.
1308 2601 148 109 4.
1382 2601 320 109 dicentis.
1628 2601 344 109 Operemini,
1874 2601 123 109 ma¬-

497 2665 185 124 oibus
620 2665 246 124 vestris,
804 2665 185 124 ficut
927 2665 308 124 praecapimus
1173 2665 205 124 vobis,
1317 2665 123 124 vt
1378 2665 226 124 nullius
1542 2665 226 124 aliquid
1706 2665 328 124 desideretis.
