2592 3508
558 125 231 102 derit,
719 125 115 102 o
766 125 208 102 Pater
904 125 138 102 ?.
973 125 208 102 Quasi
1112 125 277 102 diceret.
1319 125 185 102 Non;
1435 125 185 102 Immo
1550 125 323 102 sacrilequs
1804 125 231 102 esses,
1942 125 162 102 fire¬-

553 235 289 71 ciperes.
769 235 144 71 Vt
842 235 168 71 sic
938 235 289 71 timerent
1154 235 289 71 Parentes
1371 235 168 71 Deo
1467 235 337 71 consecrata
1731 235 337 71 comederes;
1972 235 120 71 Pel

565 296 175 71 sic
665 296 300 71 secundum
890 296 225 71 aliam
1039 296 300 71 Glossam.
1264 296 225 71 Munus
1414 296 350 71 quodcumque
1689 296 175 71 est
1788 296 150 71 ex
1863 296 175 71 mes
1938 296 150 71 tibi

558 371 303 67 proderit.
791 371 163 67 Hoc
884 371 186 67 est.
1000 371 186 67 Quod
1117 371 163 67 Deo
1210 371 256 67 offero,
1396 371 186 67 tibi
1513 371 186 67 ipsi
1629 371 280 67 prodest,
1839 371 116 67 &
1886 371 233 67 Pater.

570 420 309 72 Sequitur.
808 420 143 72 Et
880 420 167 72 ita
975 420 167 72 non
1070 420 452 72 honorificauerit
1451 420 262 72 Patrem,
1641 420 119 72 &
1689 420 286 72 aditrem.
1903 420 214 72 Glos.

565 492 358 69 Nihilominus
852 492 239 69 dignus
1019 492 191 69 erit
1138 492 191 69 vita
1257 492 263 69 aterna.
1448 492 191 69 Haec
1568 492 191 69 erat
1687 492 286 69 traditio
1878 492 191 69 Phari¬-

561 556 307 66 saeorum.
792 556 205 66 Hanc
920 556 282 66 literam
1125 556 333 66 Euangelii
1381 556 179 66 sic
1484 556 282 66 exponit
1689 556 205 66 Beda
1817 556 231 66 Marci
1971 556 154 66 p.

566 625 136 70 In
634 625 227 70 Glossa
793 625 250 70 dicens.
975 625 295 70 Consulens
1202 625 250 70 Dominus
1384 625 409 70 imbecillitati,
1725 625 159 70 vel
1815 625 250 70 aetati,
1974 625 114 70 vel

558 698 265 74 penuriae
757 698 287 74 Parentum,
978 698 309 74 praecepit,
1221 698 133 74 vt
1287 698 199 74 Tilii
1419 698 309 74 honorarene
1662 698 265 74 Parentes
1861 698 221 74 Setiam
1994 698 88 74 in

557 744 347 71 necessariis
835 744 208 71 huius
973 744 231 71 vitae.
1135 744 185 71 Hans
1251 744 208 71 legem
1390 744 255 71 Scribae
1575 744 116 71 &
1621 744 278 71 Pharisat
1806 744 278 71 subuerten¬-

562 830 178 69 tes,
673 830 134 69 vt
740 830 312 69 impietatem
985 830 156 69 sub
1074 830 223 69 nomine
1230 830 267 69 pietatis
1430 830 334 69 inducerent,
1697 830 289 69 doquerunt
1898 830 178 69 Tilios

567 882 200 72 suos,
700 882 134 72 vt
767 882 134 72 si
834 882 178 72 quis
945 882 156 72 ea,
1034 882 178 72 quae
1145 882 312 72 Parentibus
1390 882 289 72 offerenda
1613 882 200 72 sunt,
1746 882 156 72 Deo
1835 882 223 72 vouere
1969 882 111 72 vo¬-

561 947 237 66 luerit
727 947 189 66 (qui
846 947 213 66 verus
988 947 213 66 Pater
1130 947 189 66 est)
1248 947 261 66 oblatio
1438 947 237 66 Domini
1603 947 379 66 praeponatur.
1911 947 189 66 Quod
2006 947 71 66 &

563 1010 253 96 faciunt
747 1010 207 96 hodie
885 1010 207 96 Multi
1022 1010 322 96 Pharisaei;
1275 1010 161 96 hoc
1367 1010 184 96 est,
1482 1010 207 96 Multi
1620 1010 161 96 per
1711 1010 276 96 priuatam
1895 1010 184 96 iusti¬-

562 1080 196 75 tiam
685 1080 123 75 a
734 1080 245 75 populo
906 1080 245 75 diuisi
1077 1080 196 75 (sic
1200 1080 196 75 enim
1322 1080 319 75 exponitur
1567 1080 343 75 Pharisaeus
1837 1080 147 75 in
1886 1080 196 75 Glossa

559 1147 214 66 super
702 1147 214 66 illud
844 1147 214 66 Matt.
987 1147 143 66 3.
1058 1147 238 66 Videns
1225 1147 214 66 autem
1367 1147 238 66 multos
1533 1147 404 66 Pharisaeorum,
1866 1147 166 66 &c.
1937 1147 143 66 Ido¬-

567 1213 229 70 centes
727 1213 298 70 scilicet,
957 1213 115 70 &
1002 1213 344 70 asterentes,
1277 1213 298 70 salubrius
1506 1213 183 70 esse
1621 1213 275 70 offerri,
1827 1213 183 70 sibi
1919 1213 160 70 (quos

557 1282 348 64 appellant
825 1282 294 64 Nuntios
1039 1282 214 64 Dei)
1173 1282 214 64 quam
1306 1282 375 64 Parentibus
1601 1282 375 64 subueniri.
1868 1282 214 64 Docent

554 1347 214 64 etiam
697 1347 310 64 salubrius
935 1347 191 64 esse
1055 1347 357 64 Parochianis
1340 1347 286 64 alienis,
1555 1347 191 64 sibi
1674 1347 357 64 eleemosgnas
1936 1347 143 64 suas

561 1410 231 73 dare,
715 1410 180 73 cum
818 1410 205 73 sint
946 1410 308 73 egentes;
1177 1410 205 73 quam
1306 1410 308 73 propriis
1537 1410 231 73 eorum
1691 1410 436 73 Sacerdotibus,

557 1477 163 63 eis
650 1477 140 63 in
720 1477 256 63 Diuinis
906 1477 279 63 Gfficiis
1115 1477 442 63 deseruientibus,
1487 1477 186 63 quos
1604 1477 186 63 ipsi
1720 1477 279 63 asserunt
1906 1477 163 63 Iocu¬-

565 1545 307 66 pletes.
788 1545 223 66 Vnde
927 1545 167 66 in
1011 1545 418 66 Testamentis
1345 1545 418 66 Desunctorum
1680 1545 362 66 procurant
1931 1545 139 66 per

560 1611 399 73 confessiones,
888 1611 235 73 quibus
1053 1611 141 73 se
1123 1611 305 73 ingerunt,
1358 1611 258 73 immensa
1546 1611 188 73 sibi
1664 1611 235 73 legata
1805 1611 258 73 relinquis

565 1681 117 59 &
611 1681 305 59 Ecclesias
846 1681 351 59 Parochiales
1127 1681 258 59 debitis
1314 1681 328 59 sepulturis
1572 1681 305 59 fraudari;
1806 1681 234 59 contra
1947 1681 117 59 il¬-

566 1745 378 62 ludaHIugonis
874 1745 142 62 De
945 1745 236 62 Sancto
1110 1745 260 62 Victore
1299 1745 189 62 lib.
1417 1745 142 62 2.
1488 1745 378 62 Sententiarum
1795 1745 236 62 suarum
1937 1745 142 62 cap¬-

568 1802 181 74 vlt.
681 1802 158 74 Non
772 1802 203 74 bene,
907 1802 249 74 inquit,
1088 1802 294 74 sustentat
1314 1802 271 74 egentem,
1517 1802 158 74 qui
1608 1802 249 74 fraudat
1788 1802 339 74 sesuientem.

560 1873 149 67 Et
635 1873 199 67 ideo
759 1873 149 67 de
834 1873 273 67 talibus
1032 1873 199 67 dici
1157 1873 273 67 potest,
1355 1873 199 67 quod
1480 1873 224 67 dicit
1629 1873 273 67 Dominus
1828 1873 149 67 de
1877 1873 199 67 Phari¬-

565 1938 209 66 saeis
704 1938 325 66 Hypocritis
960 1938 209 66 paulo
1099 1938 186 66 post
1215 1938 232 66 Matth.
1378 1938 163 66 15.
1471 1938 256 66 dicens.
1657 1938 325 66 Hypocuitae
1912 1938 116 66 ;
1936 1938 139 66 rbe¬-

558 2001 137 69 ne
627 2001 343 69 prophetauit
901 2001 137 69 de
969 2001 206 69 vobis
1107 2001 228 69 Isaias
1266 2001 274 69 Propheta
1472 2001 251 69 dicens.
1655 2001 251 69 Populus
1838 2001 160 69 hic
1906 2001 183 69 leliis

557 2075 144 63 me
629 2075 289 63 honorat,
846 2075 169 63 cor
942 2075 217 63 autem
1087 2075 217 63 corum
1231 2075 217 63 longe
1376 2075 169 63 est
1472 2075 120 63 a
1520 2075 169 63 me.
1616 2075 144 63 Et
1689 2075 361 63 subiunatit;
1954 2075 120 63 sie

568 2144 206 66 causa
706 2144 229 66 colunt
866 2144 161 66 me,
958 2144 275 66 docentes
1164 2144 321 66 doctrinas,
1417 2144 115 66 &
1463 2144 275 66 mandates
1669 2144 298 66 hominuli.
1898 2144 229 66 Gloss.

557 2209 171 72 Non
654 2209 293 72 habituri
874 2209 293 72 mercedem
1094 2209 171 72 cum
1191 2209 220 72 veris
1338 2209 366 72 Cultoribus.
1631 2209 195 72 Sic.
1753 2209 195 72 ergo
1875 2209 244 72 patet,

561 2276 180 78 quod
674 2276 180 78 illi
787 2276 203 78 Viri,
922 2276 158 78 qui
1012 2276 158 78 sub
1103 2276 271 78 pretoxtu
1305 2276 316 78 Religionis
1553 2276 203 78 tales
1689 2276 338 78 traditiones
1937 2276 135 78 sai¬-

551 2345 259 64 ciunt,
732 2345 362 64 contrarias
1017 2345 336 64 Dominicis
1275 2345 129 64 &
1327 2345 388 64 Apostolicis
1637 2345 414 64 documentisi,
1948 2345 129 64 vel

563 2404 306 75 Sanctorum
799 2404 235 75 Patrum
963 2404 306 75 staturis;
1198 2404 259 75 similes
1386 2404 188 75 sunc
1504 2404 329 75 Hypocritis
1762 2404 353 75 Pharisatis;

553 2478 120 56 &
601 2478 192 56 quod
721 2478 216 56 eorum
865 2478 383 56 traditiones,
1176 2478 168 56 non
1272 2478 288 56 Religio;
1488 2478 168 56 sed
1584 2478 216 56 magis
1727 2478 264 56 Sectae,
1919 2478 120 56 &
1943 2478 120 56 Su¬-

557 2538 258 90 perstitio
756 2538 159 90 dici
855 2538 239 90 possunt.

625 2619 142 92 §.
696 2619 190 92 Quod
815 2619 214 92 autem
958 2619 214 92 tales
1100 2619 356 92 traditiones
1385 2619 356 92 Superstitio
1670 2619 190 92 dici
1788 2619 285 92 possunt,
1978 2619 95 92 ex

547 2683 155 82 go
625 2683 310 82 videtur;
857 2683 206 82 quod
986 2683 181 82 nec
1089 2683 129 82 a
1141 2683 258 82 Domino
1322 2683 206 82 lesu
1451 2683 310 82 Christo;
1683 2683 181 82 nec
1786 2683 155 82 ab
1864 2683 206 82 eius
1967 2683 103 82 A¬
