2592 3508
488 185 478 80 speculationibus
890 185 302 80 libenter
1117 185 352 80 insistunt;
1393 185 176 80 non
1494 185 151 80 ea
1569 185 377 80 quaerentes,
1846 185 151 80 quae

481 244 157 71 ad
559 244 288 71 salutem
769 244 235 71 suam,
926 244 131 71 &
978 244 288 71 aliorum
1187 244 392 71 proficiant;
1501 244 183 71 sed
1606 244 157 71 ex
1684 244 262 71 quibus
1841 244 157 71 sin¬-

480 330 333 68 gulariter
737 330 282 68 eruditi
942 330 359 68 appareant.
1224 330 205 68 Vnde
1352 330 231 68 super
1506 330 231 68 illud
1660 330 179 68 Iob
1762 330 179 68 30.
1839 330 154 68 Ege¬-

485 395 212 74 state
627 395 118 74 &
674 395 189 74 fame
792 395 306 74 steriles,
1028 395 212 74 dicit
1169 395 306 74 Gregorius
1405 395 141 74 in
1475 395 189 74 lib.
1593 395 165 74 10.
1688 395 283 74 Moralium
1876 395 118 74 lo¬-

488 457 221 86 quens
636 457 147 86 de
710 457 369 86 Hypocritis.
1004 457 221 86 Neque
1152 457 197 86 enim
1275 457 369 86 eaquaerunt,
1569 457 147 86 ex
1643 457 246 86 quibus
1790 457 197 86 semet¬-

484 534 203 53 ipsos
619 534 135 53 ad
686 534 338 53 humilitatem
956 534 293 53 erudiant,
1181 534 203 53 mores
1316 534 135 53 in
1384 534 405 53 tranquillitate
1721 534 315 53 disponant,

494 600 351 46 patientiam
770 600 301 46 seruent,
996 600 452 46 longanimitatem
1372 600 351 46 exhibeant;
1648 600 176 46 sed
1748 600 151 46 ea
1798 600 201 46 solum¬-

497 633 227 75 modo,
648 633 201 75 quae
774 633 176 75 eos
874 633 252 75 doctos
1051 633 227 75 atque
1202 633 302 75 loquaces
1428 633 352 75 ostendant.
1705 633 201 75 Illa
1806 633 176 75 scire

485 715 325 75 appetunt
729 715 163 75 ex
810 715 271 75 quibus
1000 715 434 75 singulariter
1352 715 298 75 eruditi
1569 715 380 75 videantur.
1840 715 163 75 Isti

484 763 260 92 etiam,
666 763 156 92 vt
744 763 208 92 apud
874 763 286 92 homines
1082 763 286 92 valeant
1290 763 286 92 amplius
1498 763 338 92 gloriari,
1732 763 260 92 frequen¬-

492 835 156 74 ter
581 835 268 74 ingerunt
782 835 134 74 se
849 835 380 74 quaestionibus
1162 835 402 74 Philosophicis,
1497 835 156 74 vel
1586 835 223 74 aliter
1742 835 290 74 curiosis,

483 897 211 91 quae
615 897 264 91 omnino
800 897 317 91 inutiles
1038 897 238 91 sunt,
1196 897 185 91 vel
1302 897 238 91 parum
1460 897 264 91 vtiles
1645 897 159 91 ad
1698 897 291 91 pnofectum

495 963 341 82 animarum;
757 963 262 82 contra
941 963 236 82 illud
1098 963 157 82 2.
1177 963 289 82 Timoth.
1387 963 157 82 2.
1465 963 289 82 Stultas
1675 963 131 82 &
1728 963 210 82 sine
1833 963 157 82 dis¬-

490 1033 246 78 ciplina
669 1033 336 78 quaestiones
937 1033 246 78 deuita.
1116 1033 201 78 Glos.
1251 1033 134 78 Id
1318 1033 157 78 est
1407 1033 291 78 inutiles,
1631 1033 112 78 &
1676 1033 134 78 in
1743 1033 224 78 quibus
1877 1033 112 78 non

484 1124 153 60 est
571 1124 284 60 prosectus
790 1124 153 60 di,
877 1124 284 60 ciplinae,
1095 1124 153 60 vel
1182 1124 284 60 scientiae
1400 1124 174 60 Dei.
1509 1124 174 60 Item
1618 1124 284 60 Bernardus
1836 1124 196 60 Serm.

491 1153 134 85 §.
558 1153 268 85 Doctrina
759 1153 268 85 Spiritus
960 1153 156 85 non
1049 1153 357 85 curiositatem
1339 1153 223 85 acuit,
1496 1153 156 85 sed
1585 1153 134 85 ch
1652 1153 246 85 ritatem
1808 1153 179 85 accen¬-

490 1227 193 75 dit.
610 1227 217 75 Tales
755 1227 409 75 Praedicatores
1092 1227 168 75 non
1188 1227 193 75 sunt
1308 1227 193 75 apti
1428 1227 144 75 ad
1501 1227 409 75 proficiendum;
1838 1227 193 75 nam,

492 1314 159 57 vt
571 1314 238 57 dicit
729 1314 370 57 Augustinus
1020 1314 159 57 in
1099 1314 238 57 prima
1258 1314 317 57 Epistola
1496 1314 159 57 Ad
1575 1314 396 57 Volusianum.
1866 1314 132 57 Non

492 1375 183 70 sunt
606 1375 183 70 apti
720 1375 228 70 Sacrae
880 1375 320 70 Scripturae
1131 1375 274 70 negotio,
1337 1375 160 70 qui
1428 1375 205 70 magis
1565 1375 251 70 linguae
1725 1375 274 70 certamini¬-

489 1446 187 54 bus,
606 1446 140 54 id
676 1446 164 54 est
769 1446 468 54 disputationibus,
1167 1446 187 54 quam
1284 1446 304 54 scientiae
1518 1446 304 54 luminibus
1729 1446 257 54 delectan¬-

497 1521 141 46 tur.

559 1577 148 67 §.
633 1577 222 67 Siqui
781 1577 197 67 ergo
904 1577 443 67 -Praedicatores
1274 1577 172 67 (de
1372 1577 246 67 quorum
1545 1577 296 67 canonica
1742 1577 246 67 vocatio¬-

475 1640 199 58 nes,
600 1640 174 58 seu
699 1640 299 58 missione
923 1640 174 58 non
1023 1640 299 58 constet)
1247 1640 149 58 ex
1322 1640 199 58 more
1446 1640 149 58 in
1521 1640 274 58 talibus
1720 1640 149 58 se
1770 1640 199 58 osten¬-

483 1682 218 79 tent;
628 1682 170 79 non
725 1682 291 79 videntur
944 1682 194 79 esse
1065 1682 194 79 veri
1186 1682 437 79 Praedicatores;
1550 1682 170 79 sed
1647 1682 243 79 potius
1793 1682 194 79 suspe¬-

488 1753 167 76 cti
584 1753 239 76 haberi
751 1753 286 76 possunt,
965 1753 143 76 ne
1037 1753 191 76 sint
1132 1753 215 76 Pseudo.

566 1830 160 73 §.
646 1830 266 73 Sextum
833 1830 293 73 decimum
1045 1830 266 73 Signum
1232 1830 266 73 potest
1418 1830 240 73 esse,
1578 1830 213 73 Quod
1711 1830 213 73 veri
1817 1830 160 73 Apo¬-

491 1871 233 101 stoli,
654 1871 279 101 scientes
863 1871 186 101 sibi
979 1871 233 101 dictum
1142 1871 116 101 a
1189 1871 233 101 Domino
1352 1871 209 101 Matt.
1491 1871 163 101 43.
1584 1871 233 101 Nolite
1747 1871 233 101 vocari
1887 1871 93 101 ab

481 1955 321 75 hominibus
728 1955 247 75 Rabbi;
901 1955 123 75 &
950 1955 148 75 in
1024 1955 197 75 eod.
1147 1955 197 75 eap.
1271 1955 148 75 Ne
1345 1955 296 75 vocemini
1567 1955 321 75 Magistri.
1789 1955 197 75 Glossa

482 2009 139 94 Id
551 2009 185 94 est.
667 2009 139 94 Ne
737 2009 301 94 appetatis
968 2009 232 94 vocari
1130 2009 301 94 Magistri;
1362 2009 139 94 vt
1431 2009 347 94 Euangelicam
1709 2009 255 94 Christi
1871 2009 116 94 do¬-

485 2096 271 67 ctrinam
682 2096 344 67 sectentur;
953 2096 221 67 magis
1100 2096 271 67 cupiunt
1297 2096 246 67 vocari
1469 2096 344 67 Discipuli,
1715 2096 271 67 quamMagi¬-

492 2146 206 82 stri;
629 2146 114 82 &
675 2146 160 82 vbi
767 2146 320 82 necessitas
1018 2146 160 82 non
1110 2146 206 82 vrget
1247 2146 275 82 officii,
1453 2146 206 82 magis
1590 2146 252 82 cupiunt
1773 2146 252 82 audire,

486 2241 196 61 quam
608 2241 245 61 audiri
779 2241 220 61 magis
926 2241 269 61 cupiunt
1121 2241 293 61 discere,
1341 2241 196 61 quam
1464 2241 220 61 velut
1610 2241 293 61 Magistri
1806 2241 171 61 doce¬-

488 2304 154 54 re,
576 2304 198 54 iuxta
708 2304 198 54 illud
840 2304 220 54 Iacob.
994 2304 132 54 1.
1060 2304 154 54 Sit
1148 2304 198 54 autem
1280 2304 198 54 omnis
1412 2304 176 54 homo
1522 2304 198 54 velox
1654 2304 132 54 ad
1720 2304 308 54 audiendum,

495 2364 230 72 tardus
656 2364 207 72 autem
794 2364 138 72 ad
863 2364 322 72 loquendum.
1116 2364 184 72 Ideo
1231 2364 207 72 dicit
1368 2364 299 72 Gregorius
1598 2364 184 72 Iib.
1713 2364 161 72 23.
1805 2364 230 72 Moral.

492 2421 234 71 Sanctae
662 2421 320 71 vniuersalis
918 2421 277 71 Ecclesiae
1131 2421 320 71 spiritualis
1386 2421 234 71 quisque
1557 2421 341 71 Praedicator,
1834 2421 128 71 si
1876 2421 107 71 li¬-

485 2497 193 58 ceat,
613 2497 214 58 tacere
763 2497 257 58 appetit,
956 2497 150 58 cum
1042 2497 214 58 multis
1191 2497 278 58 silentium
1406 2497 214 58 tutius
1556 2497 171 58 esse
1663 2497 236 58 cernit,
1813 2497 171 58 eosque

484 2546 129 89 se
549 2546 324 89 faeliciores
808 2546 216 89 putat,
959 2546 173 89 quos
1067 2546 194 89 intra
1197 2546 237 89 sanctam
1369 2546 281 89 Ecclesiam
1585 2546 194 89 locus
1714 2546 259 89 inferior
1887 2546 108 89 per

484 2632 279 76 silentium
698 2632 279 76 occultat,
913 2632 129 76 vt
977 2632 214 76 dictum
1127 2632 150 76 est
1213 2632 193 76 supra
1342 2632 193 76 dist.
1470 2632 129 76 1.
1535 2632 129 76 §.
1599 2632 150 76 Sed
1685 2632 193 76 forte
1813 2632 214 76 dicet,

482 2699 238 65 vltra
640 2699 290 65 medium.
851 2699 211 65 Vnde
983 2699 396 65 Augustinus,
1300 2699 290 65 quamuis
1511 2699 238 65 esset
1669 2699 370 65 Episcopus,
