2592 3508
486 146 171 89 non
583 146 245 89 habere
755 146 147 89 in
828 146 343 89 potestate,
1097 146 220 89 loqui
1244 146 245 89 quando
1416 146 269 89 velint,
1611 146 171 89 vel
1709 146 318 89 reticere;
1930 146 73 89 &

484 201 216 78 ideo
619 201 324 78 videntur
862 201 324 78 Spiritum
1105 201 405 78 Pythonicum,
1428 201 189 78 non
1536 201 324 78 Spiritum
1752 201 243 78 Sanctum

491 274 310 73 habere.
716 274 226 73 Vnde
857 274 197 73 non
970 274 423 73 expectantes
1308 274 366 73 canonicam
1590 274 395 73 missionem,
1872 274 141 73 non

492 336 298 78 cessant
708 336 406 78 praedicando
1033 336 406 78 discurrere.
1358 336 271 78 Ierem.
1547 336 189 78 23.
1655 336 189 78 Non
1736 336 271 78 mittebam

491 402 336 82 Prophetas,
755 402 120 82 &
803 402 192 82 ipsi
924 402 336 82 currebant.
1188 402 144 82 Et
1260 402 144 82 si
1332 402 360 82 praedicare,
1620 402 168 82 aut
1717 402 240 82 docere
1861 402 144 82 pro¬-

499 467 363 80 hibeantur,
784 467 389 80 grauissimam
1095 467 259 80 poenam
1276 467 285 80 putant;
1484 467 155 80 eo
1561 467 207 80 quod
1691 467 181 80 non
1769 467 233 80 possunt

492 538 206 73 suam
621 538 335 73 scientiam
879 538 361 73 ostentare.
1162 538 206 73 Vnde
1291 538 232 73 super
1445 538 232 73 illud
1600 538 180 73 Iob
1703 538 180 73 II.
1780 538 232 73 Numquid

495 618 168 70 qui
591 618 216 70 multa
735 618 313 70 loquitur,
976 618 168 70 non
1072 618 120 70 &
1120 618 192 70 ipse
1240 618 361 70 exaudietur)
1529 618 289 70 aduersus
1721 618 289 70 Arrogantes

499 689 269 67 loquens
694 689 318 67 Gregorius
939 689 147 67 in
1012 689 196 67 lib.
1134 689 171 67 10.
1232 689 294 67 Moralium
1452 689 245 67 dicit.
1624 689 294 67 Imperita
1844 689 220 67 mens,

504 738 323 80 silentium
752 738 248 80 poenam
926 738 248 80 putat.
1100 738 199 80 Item
1224 738 223 80 super
1373 738 223 80 illud
1522 738 174 80 Iob
1621 738 174 80 32.
1720 738 273 80 Aperiam
1894 738 124 80 la¬-

496 802 180 99 bia
599 802 206 99 mea,
728 802 129 99 &
779 802 386 99 respondebo,
1088 802 232 99 dicit
1242 802 334 99 Gregorius
1500 802 180 99 Iib
1602 802 180 99 23.
1705 802 257 99 Moral.
1860 802 154 99 Gra¬-

497 884 170 83 uis
594 884 218 83 labor
739 884 170 83 est
837 884 388 83 Arrogantium,
1152 884 146 83 si
1225 884 194 83 quod
1346 884 291 83 sapiunt,
1565 884 170 83 non
1662 884 340 83 ostendunt.
1905 884 121 83 Vim

502 956 227 71 quippe
661 956 341 71 extrinsecus
934 956 318 71 aestuantem
1185 956 205 71 serre
1321 956 159 71 vix
1412 956 273 71 possunt;
1617 956 136 71 si
1685 956 182 71 omne
1799 956 182 71 quod
1890 956 136 71 sen¬-

492 1001 248 75 tiunt,
666 1001 223 75 paulo
814 1001 272 75 tardius
1012 1001 396 75 innotescunt.
1334 1001 198 75 Ideo
1458 1001 223 75 dicit
1606 1001 248 75 Beatus
1755 1001 272 75 Bernardus

497 1067 214 88 super
640 1067 262 88 cantica
831 1067 262 88 loquens
1021 1067 286 88 Ironice.
1236 1067 262 88 Canales
1426 1067 214 88 hodie
1569 1067 143 88 in
1641 1067 286 88 Ecclesia
1831 1067 191 88 multos

504 1146 276 64 habemus,
711 1146 253 64 Conchas
895 1146 184 64 vero
1010 1146 322 64 perpaucas.
1263 1146 230 64 Tantae
1424 1146 322 64 charitatis
1677 1146 207 64 sunt,
1815 1146 161 64 per
1884 1146 138 64 quos

501 1195 202 74 nobis
635 1195 247 74 finenta
815 1195 292 74 caelestia
1040 1195 247 74 manant;
1219 1195 135 74 vt
1287 1195 180 74 ante
1399 1195 314 74 effundere,
1646 1195 180 74 quam
1758 1195 247 74 insundi
1916 1195 112 74 ve¬-

506 1267 218 65 lint;
651 1267 242 65 loqui,
820 1267 193 65 quam
941 1267 242 65 audire
1110 1267 363 65 paratiores.
1400 1267 193 65 Adeo
1521 1267 218 65 autem
1666 1267 314 65 silentium
1884 1267 145 65 pee¬-

508 1342 191 79 nam
617 1342 299 79 putant,
834 1342 136 79 &
889 1342 272 79 grauem
1079 1342 299 79 laborem
1297 1342 354 79 reputant;
1569 1342 218 79 quod
1705 1342 272 79 contra
1869 1342 163 79 pro¬-

509 1398 285 86 hibentes
723 1398 166 86 eos
818 1398 356 86 praedicare,
1103 1398 214 86 licet
1245 1398 142 86 ex
1316 1398 214 86 causa
1458 1398 308 86 legitima,
1696 1398 285 86 praelium
1886 1398 142 86 san¬-

520 1459 316 74 ctificant,
768 1459 135 74 id
836 1459 158 74 est
926 1459 271 74 firmant;
1129 1459 316 74 detrahendo
1377 1459 293 74 scilicet,
1603 1459 158 74 vel
1693 1459 248 74 publice
1851 1459 180 74 diffa¬-

512 1544 266 60 mando,
699 1544 186 60 nec
805 1544 186 60 non
912 1544 399 60 priuationem
1231 1544 426 60 beneficiorum
1577 1544 293 60 ipsorum
1790 1544 186 60 sub
1870 1544 160 60 pie¬-

512 1612 221 64 tatis
660 1612 246 64 specie
832 1612 369 64 procurando,
1127 1612 148 64 vt
1201 1612 246 64 dictum
1373 1612 172 64 est
1471 1612 221 64 supra
1619 1612 148 64 in
1693 1612 295 64 Prologo.
1889 1612 148 64 Quam

511 1689 264 60 quidem
695 1689 396 60 priuationem
1012 1689 237 60 fatis
1170 1689 316 60 nouerunt
1407 1689 264 60 quidam
1592 1689 422 60 experimento,
1908 1689 132 60 li¬-

517 1733 162 65 cet
610 1733 209 65 illam
748 1733 371 65 dissimulent,
1050 1733 162 65 sub
1142 1733 278 65 silentio
1351 1733 348 65 transeundo,

608 1794 157 90 §.
686 1794 236 90 Patet
843 1794 288 90 igitur,
1053 1794 288 90 quantum
1262 1794 366 90 desiderent
1550 1794 366 90 praedicare
1838 1794 131 90 &
1864 1794 183 90 loqui

502 1866 696 63 Pseudo-Praedicatores,
1115 1866 251 63 etiam
1282 1866 195 63 non
1393 1866 279 63 missi.
1588 1866 195 63 Non
1700 1866 251 63 tamen
1839 1866 195 63 caret

511 1929 245 70 culpa,
683 1929 221 70 loqui
830 1929 196 70 sine
953 1929 368 70 necessitate
1247 1929 319 70 Idquendi.
1492 1929 196 70 Vnde
1614 1929 221 70 super
1761 1929 221 70 illud
1884 1929 147 70 Exe¬-

513 2006 237 70 chict.
679 2006 142 70 3.
751 2006 166 70 Cum
845 2006 427 70 pertransissent
1201 2006 237 70 septem
1368 2006 214 70 dies,
1510 2006 237 70 factum
1676 2006 166 70 est
1771 2006 237 70 verbum
1913 2006 119 70 Do¬-

509 2059 191 73 mini
629 2059 143 73 ad
700 2059 143 73 me
772 2059 263 73 dicens.
963 2059 191 73 Tili
1082 2059 263 73 hominis
1274 2059 239 73 audies
1441 2059 143 73 de
1512 2059 167 73 ore
1608 2059 167 73 meo
1704 2059 263 73 verbum,
1895 2059 119 73 &
1919 2059 119 73 an¬-

521 2122 330 74 nuntiabis
775 2122 152 74 ex
851 2122 178 74 me,
953 2122 178 74 &c.
1054 2122 229 74 dicit
1207 2122 330 74 Gregorius
1461 2122 152 74 in
1537 2122 279 74 Glossa.
1740 2122 152 74 Si
1791 2122 254 74 Propheta

520 2186 284 75 Sanctus,
733 2186 166 75 qui
828 2186 237 75 missus
994 2186 166 75 est
1088 2186 142 75 ad
1159 2186 331 75 loquendum,
1420 2186 213 75 tacet
1562 2186 142 75 vt
1633 2186 213 75 recta
1775 2186 308 75 laquatur;

517 2274 250 74 quanta
692 2274 225 74 culpa
842 2274 175 74 est
942 2274 175 74 non
1042 2274 275 74 tacere,
1242 2274 250 74 quando
1418 2274 350 74 necessitas
1693 2274 225 74 Ioqui
1843 2274 175 74 non
1918 2274 125 74 co¬-

518 2338 160 81 git.

608 2411 152 65 §.
684 2411 152 65 Ab
760 2411 178 65 hac
861 2411 355 65 arrogantia
1141 2411 355 65 ostentandi
1420 2411 152 65 se
1496 2411 406 65 praedicando,
1826 2411 178 65 vel
1902 2411 127 65 do¬-

507 2457 275 75 cendo,
700 2457 330 75 deberent
948 2457 165 75 se
1030 2457 358 75 abstinere
1306 2457 275 75 maxime
1498 2457 358 75 Regulares
1774 2457 220 75 Viri
1884 2457 165 75 (qui

520 2531 262 90 Graece
703 2531 288 90 Monachi
912 2531 419 90 appellantur)
1253 2531 183 90 qui
1357 2531 471 90 contemplationi
1750 2531 262 90 vacare
1907 2531 131 90 de¬-

528 2593 238 73 bent;
686 2593 185 73 sed
792 2593 238 73 magis
950 2593 132 73 e
1003 2593 344 73 contrario
1268 2593 317 73 deberent
1505 2593 396 73 solitudinem
1823 2593 132 73 &
1849 2593 185 73 taci¬-

502 2657 359 75 turnitatem
784 2657 359 75 desiderare
1066 2657 128 75 &
1117 2657 308 75 seruare,
1348 2657 154 75 vt
1425 2657 179 75 per
1527 2657 179 75 hoc
1630 2657 308 75 aptiores
1835 2657 205 75 redde¬
