2592 3508
484 169 251 83 possint
667 169 274 83 Magistri
872 169 342 83 Scholastici
1146 169 205 83 esse.
1283 169 137 83 Et
1352 169 160 83 sic
1443 169 297 83 Ioquuntur
1671 169 274 83 capitula
1854 169 114 83 su¬-

486 212 276 103 pradicta,
698 212 127 103 vt
762 212 255 103 ostensum
953 212 149 103 est
1038 212 191 103 supra
1166 212 191 103 dist.
1293 212 127 103 4.
1357 212 127 103 §.
1421 212 149 103 Sed
1506 212 191 103 forte
1633 212 212 103 dicet.

563 274 159 98 §.
643 274 212 98 Item
776 274 345 98 obijciunt
1041 274 292 98 exempla
1253 274 345 98 quorumdam
1518 274 371 98 Sanctorum;
1783 274 186 98 vide¬-

472 361 219 73 licet
618 361 316 73 Gregorii,
861 361 340 73 Augustini,
1128 361 340 73 Hieronymi;
1396 361 170 73 qui
1493 361 219 73 licet
1639 361 267 73 fuerint
1809 361 170 73 Regu¬-

478 411 235 91 lares,
642 411 211 91 tamen
783 411 258 91 fuerunt
971 411 305 91 praecipui
1205 411 282 91 Doctores
1393 411 282 91 Ecclesiae¬-

540 500 151 72 §.
615 500 151 72 Ad
691 500 202 72 quod
817 500 302 72 dicendum
1044 500 202 72 est,
1170 500 202 72 quod
1296 500 302 72 postquam
1522 500 227 72 facti
1674 500 277 72 fuerunt
1850 500 126 72 Mo¬-

487 542 255 88 nachi,
665 542 204 88 siue
792 542 357 88 Regulares;
1072 542 178 88 non
1174 542 357 88 docuerunt,
1454 542 280 88 scholas
1658 542 306 88 regendo;
1862 542 127 88 sed

484 610 279 90 libros
680 610 391 90 scribendo,
987 610 140 90 &
1043 610 391 90 Scripturas
1350 610 391 90 exponendo.
1657 610 279 90 Postea
1824 610 168 90 vero

485 674 228 95 facti
636 674 329 95 Episcopi,
889 674 177 95 vel
991 674 329 95 Praelati,
1244 674 329 95 docuerunt
1496 674 278 95 publice
1673 674 304 95 praedican¬

448 770 142 66 do

535 809 152 91 §.
611 809 177 91 Sed
712 809 329 91 obijciunt
965 809 152 91 de
1041 809 304 91 Gregorio
1269 809 380 91 Nagiangeno;
1572 809 177 91 qui
1673 809 228 91 licet
1800 809 177 91 Mona¬-

480 890 200 74 chus
605 890 250 74 esset,
780 890 225 74 tamen
931 890 300 74 adductus
1156 890 200 74 fuit
1281 890 526 74 Constantinopolim,
1732 890 150 74 vt
1782 890 200 74 Sacram

494 938 334 89 Scripturam
757 938 286 89 doceret,
972 938 143 89 vt
1043 938 286 89 legitur,
1258 938 215 89 prout
1401 938 263 89 dicunt,
1592 938 143 89 in
1640 938 358 89 Ecclesiastica

489 1009 341 92 Historia.
751 1009 341 92 Similiter
1014 1009 158 92 de
1093 1009 263 92 Ioanne
1276 1009 368 92 Damasceno,
1565 1009 184 92 qui
1670 1009 236 92 licet
1801 1009 184 92 Mona¬-

492 1091 196 73 chus
614 1091 245 73 esset,
786 1091 221 73 tamen
933 1091 172 73 non
1031 1091 245 73 tantum
1202 1091 147 73 in
1276 1091 221 73 Sacra
1423 1091 343 73 Scriptura,
1692 1091 221 73 verum
1815 1091 172 73 etiam

497 1160 138 73 in
566 1160 346 73 liberalibus
843 1160 254 73 artibus
1028 1160 254 73 docebat
1212 1160 323 73 Scholares,
1466 1160 138 73 vt
1535 1160 254 73 legitur
1720 1160 138 73 in
1789 1160 208 73 libro
1905 1160 92 73 De

495 1235 358 57 mirabilibus
781 1235 239 57 Beatae
948 1235 310 57 Virginis;
1187 1235 191 57 quem
1306 1235 239 57 librum
1473 1235 167 57 non
1569 1235 286 57 vidimus,
1783 1235 167 57 nec
1855 1235 143 57 cre¬-

493 1282 232 78 dimus
648 1282 387 78 authenticum
932 1282 180 78 esse¬-

614 1350 140 69 §.
684 1350 140 69 Ad
754 1350 187 69 quod
870 1350 210 69 tamen
1011 1350 187 69 dici
1127 1350 257 69 potest,
1314 1350 187 69 quod
1431 1350 187 69 hoc,
1547 1350 140 69 si
1617 1350 210 69 verum
1758 1350 210 69 fuit,
1874 1350 117 69 fa¬-

507 1401 200 87 ctum
632 1401 200 87 suit
757 1401 400 87 dispensatiue
1082 1401 275 87 propter
1283 1401 300 87 vrgentem
1508 1401 400 87 necessitatem
1808 1401 200 87 Eccle¬-

495 1473 230 83 siae;
649 1473 332 83 videlicet
904 1473 281 83 propter
1109 1473 307 83 penuriam
1339 1473 409 83 Magistrorum;
1671 1473 204 83 vnde
1799 1473 179 83 non
1875 1473 128 83 est

507 1537 375 84 trahendum
795 1537 173 84 ad
882 1537 519 84 consequentiam.
1314 1537 432 84 Quemadmodum
1660 1537 288 84 factum
1833 1537 173 84 fuit

505 1602 262 87 tempore
696 1602 262 87 Gelasii
886 1602 214 87 Papae
1029 1602 143 87 in
1101 1602 286 87 Ecclesia
1315 1602 286 87 Italica,
1530 1602 214 87 quod.
1672 1602 262 87 Monachi
1839 1602 167 87 facti

508 1674 287 80 fuerint
717 1674 313 80 Rectores
952 1674 392 80 Ecclesiarum
1265 1674 444 80 Parochialium,
1631 1674 287 80 propter
1813 1674 183 80 penu¬-

511 1756 190 68 riam
630 1756 356 68 Clericorum,
914 1756 142 68 vt
985 1756 261 68 legitur
1175 1756 142 68 I.
1246 1756 142 68 §.
1317 1756 142 68 2.
1389 1756 142 68 §.
1460 1756 190 68 Nisi
1578 1756 237 68 rigor,
1744 1756 119 68 &
1792 1756 190 68 cap.
1886 1756 119 68 se¬-

516 1801 237 99 quenti;
689 1801 108 99 &
732 1801 194 99 dist.
862 1801 151 99 60.
948 1801 173 99 ean.
1056 1801 259 99 Priscis,
1250 1801 130 99 vt
1315 1801 259 99 ostensum
1509 1801 151 99 est
1596 1801 194 99 supra
1725 1801 194 99 dist.
1855 1801 130 99 1.
1920 1801 130 99 §.

526 1865 161 92 cum
618 1865 229 92 igitur
778 1865 275 92 Ecclesia
985 1865 275 92 Christi.
1191 1865 229 92 Vrgens
1352 1865 184 92 enim
1467 1865 252 92 publica
1650 1865 321 92 necessitas
1879 1865 138 92 dis¬-

530 1938 321 99 pensationem
786 1938 257 99 inducit,
979 1938 128 99 vt
1043 1938 235 99 legitur
1214 1938 128 99 I.
1278 1938 128 99 q.
1342 1938 128 99 &.
1406 1938 171 99 cap.
1513 1938 171 99 Etsi
1620 1938 192 99 illa.

607 2007 149 87 §.
682 2007 198 87 Item
806 2007 298 87 opponunt
1029 2007 322 87 dicentes.
1277 2007 174 87 Qui
1376 2007 174 87 est
1475 2007 273 87 idoneus
1674 2007 149 87 ad
1748 2007 248 87 maius,
1897 2007 124 87 est

517 2063 284 92 idoneus
724 2063 155 92 ad
801 2063 258 92 minus.
981 2063 309 92 Monachus
1214 2063 181 92 est
1317 2063 284 92 idoneus
1523 2063 155 92 ad
1600 2063 335 92 Cathedram
1832 2063 181 92 Epis¬-

521 2131 327 89 copalem.
766 2131 218 89 Ergo
902 2131 245 89 multo
1065 2131 299 89 fortius
1283 2131 163 89 ad
1365 2131 354 89 Cathedram
1637 2131 436 89 Magistralem.

524 2201 205 84 Ergo
652 2201 307 84 Monachus
883 2201 256 84 potest
1062 2201 205 84 esse
1190 2201 307 84 Magister
1421 2201 435 84 Scholasticus.

588 2268 154 92 §.
665 2268 360 92 Respondeo.
949 2268 309 92 Monachus
1180 2268 257 92 potest
1361 2268 232 92 fieri
1515 2268 360 92 Episcopus,
1798 2268 206 92 quod
1901 2268 129 92 est

522 2337 239 83 maius.
689 2337 191 83 Ergo
809 2337 239 83 potest
976 2337 215 83 fieri
1120 2337 430 83 Archidiaconus,
1478 2337 167 83 vel
1574 2337 335 83 Saecularis
1813 2337 215 83 Canoni¬-

544 2409 197 83 cus,
668 2409 197 83 quod
791 2409 172 83 est
889 2409 246 83 minus.
1062 2409 197 83 Quod
1185 2409 172 83 est
1283 2409 320 83 absurdum.

608 2466 141 99 §.
679 2466 188 99 Item
797 2466 259 99 dicunt,
985 2466 188 99 quod
1103 2466 141 99 ad
1174 2466 188 99 omne
1292 2466 188 99 opus
1409 2466 401 99 mifericordiae
1739 2466 236 99 potest
1881 2466 141 99 ali¬-

535 2548 169 82 qua
632 2548 266 82 Religio
825 2548 315 82 institui;
1067 2548 218 82 Vnde,
1213 2548 169 82 cum
1310 2548 242 82 docere
1479 2548 169 82 sit
1576 2548 194 82 opus
1673 2548 363 82 misericordiae

547 2625 224 74 (quia
696 2625 224 74 inter
845 2625 373 74 eleemosynas
1143 2625 373 74 computatur)
1442 2625 149 74 ad
1516 2625 298 74 officium
1740 2625 273 74 docendi
1914 2625 124 74 po¬-

536 2666 193 98 test
657 2666 242 98 aliqua
826 2666 266 98 Religio
1019 2666 314 98 institui;
1261 2666 121 98 &
1309 2666 145 98 ex
1382 2666 169 98 hoc
1478 2666 338 98 conciudunt
1744 2666 193 98 quod
1841 2666 193 98 aliqui
