<?xml version="1.0" encoding="UTF-8"?>
<alto xmlns:xsi="http://www.w3.org/2001/XMLSchema-instance"
      xmlns="http://www.loc.gov/standards/alto/ns-v4#"
      xmlns:page="http://schema.primaresearch.org/PAGE/gts/pagecontent/2013-07-15"
      xsi:schemaLocation="http://www.loc.gov/standards/alto/ns-v4# https://www.loc.gov/standards/alto/v4/alto.xsd">
   <Description>
      <MeasurementUnit>pixel</MeasurementUnit>
      <OCRProcessing ID="IdOcr">
         <ocrProcessingStep>
            <processingDateTime>2021-04-28T07:31:51.09-04:00</processingDateTime>
            <processingSoftware>
               <softwareCreator>READ COOP</softwareCreator>
               <softwareName>Transkribus</softwareName>
            </processingSoftware>
         </ocrProcessingStep>
      </OCRProcessing>
   </Description>
   <Tags/>
   <Layout>
      <Page ID="Page1" PHYSICAL_IMG_NR="1" HEIGHT="3508" WIDTH="2592">
         <TopMargin HEIGHT="0" WIDTH="2592" VPOS="0" HPOS="0"/>
         <LeftMargin HEIGHT="3508" WIDTH="0" VPOS="0" HPOS="0"/>
         <RightMargin HEIGHT="3508" WIDTH="0" VPOS="0" HPOS="2592"/>
         <BottomMargin HEIGHT="0" WIDTH="2592" VPOS="3508" HPOS="0"/>
         <PrintSpace HEIGHT="3508" WIDTH="2592" VPOS="0" HPOS="0">
            <TextBlock ID="r1" HEIGHT="2799" WIDTH="1751" VPOS="3" HPOS="537">
               <Shape>
                  <Polygon POINTS="537,3 537,2802 2288,2802 2288,3"/>
               </Shape>
               <TextLine ID="r1l6"
                         BASELINE="572,222 621,221 671,221 721,221 770,221 820,221 870,221 919,222 969,222 1019,224 1069,224 1118,225 1168,225 1218,227 1267,228 1317,228 1367,230 1416,231 1466,231 1516,233 1566,233"
                         HEIGHT="74"
                         WIDTH="1015"
                         VPOS="177"
                         HPOS="562">
                  <String HEIGHT="74"
                          WIDTH="293"
                          VPOS="177"
                          HPOS="539"
                          CONTENT="Religiosi"/>
                  <SP HEIGHT="74" WIDTH="23" VPOS="177" HPOS="833"/>
                  <String HEIGHT="74"
                          WIDTH="248"
                          VPOS="177"
                          HPOS="765"
                          CONTENT="possunt"/>
                  <SP HEIGHT="74" WIDTH="23" VPOS="177" HPOS="1013"/>
                  <String HEIGHT="74"
                          WIDTH="180"
                          VPOS="177"
                          HPOS="945"
                          CONTENT="esse"/>
                  <SP HEIGHT="74" WIDTH="23" VPOS="177" HPOS="1126"/>
                  <String HEIGHT="74"
                          WIDTH="271"
                          VPOS="177"
                          HPOS="1058"
                          CONTENT="Magistri"/>
                  <SP HEIGHT="74" WIDTH="23" VPOS="177" HPOS="1329"/>
                  <String HEIGHT="74"
                          WIDTH="361"
                          VPOS="177"
                          HPOS="1261"
                          CONTENT="Scholastici."/>
                  <SP HEIGHT="74" WIDTH="23" VPOS="177" HPOS="1622"/>
                  <String HEIGHT="74" WIDTH="45" VPOS="177" HPOS="1532" CONTENT=""/>
               </TextLine>
               <TextLine ID="r1l7"
                         BASELINE="648,284 720,285 793,287 865,288 938,290 1010,291 1083,291 1156,293 1228,294 1301,296 1373,297 1446,299 1518,300 1591,303 1664,305 1736,306 1809,309 1881,311 1954,314 2027,317"
                         HEIGHT="70"
                         WIDTH="1398"
                         VPOS="249"
                         HPOS="638">
                  <String HEIGHT="70" WIDTH="155" VPOS="249" HPOS="612" CONTENT="§."/>
                  <SP HEIGHT="70" WIDTH="26" VPOS="249" HPOS="767"/>
                  <String HEIGHT="70" WIDTH="155" VPOS="249" HPOS="690" CONTENT="Ad"/>
                  <SP HEIGHT="70" WIDTH="26" VPOS="249" HPOS="845"/>
                  <String HEIGHT="70"
                          WIDTH="207"
                          VPOS="249"
                          HPOS="767"
                          CONTENT="quod"/>
                  <SP HEIGHT="70" WIDTH="26" VPOS="249" HPOS="975"/>
                  <String HEIGHT="70"
                          WIDTH="311"
                          VPOS="249"
                          HPOS="897"
                          CONTENT="dicendum"/>
                  <SP HEIGHT="70" WIDTH="26" VPOS="249" HPOS="1208"/>
                  <String HEIGHT="70"
                          WIDTH="207"
                          VPOS="249"
                          HPOS="1130"
                          CONTENT="est,"/>
                  <SP HEIGHT="70" WIDTH="26" VPOS="249" HPOS="1337"/>
                  <String HEIGHT="70"
                          WIDTH="207"
                          VPOS="249"
                          HPOS="1259"
                          CONTENT="quod"/>
                  <SP HEIGHT="70" WIDTH="26" VPOS="249" HPOS="1466"/>
                  <String HEIGHT="70"
                          WIDTH="233"
                          VPOS="249"
                          HPOS="1389"
                          CONTENT="prima"/>
                  <SP HEIGHT="70" WIDTH="26" VPOS="249" HPOS="1622"/>
                  <String HEIGHT="70"
                          WIDTH="233"
                          VPOS="249"
                          HPOS="1544"
                          CONTENT="falsa"/>
                  <SP HEIGHT="70" WIDTH="26" VPOS="249" HPOS="1777"/>
                  <String HEIGHT="70"
                          WIDTH="207"
                          VPOS="249"
                          HPOS="1699"
                          CONTENT="est."/>
                  <SP HEIGHT="70" WIDTH="26" VPOS="249" HPOS="1907"/>
                  <String HEIGHT="70"
                          WIDTH="181"
                          VPOS="249"
                          HPOS="1829"
                          CONTENT="Nam"/>
                  <SP HEIGHT="70" WIDTH="26" VPOS="249" HPOS="2010"/>
                  <String HEIGHT="70"
                          WIDTH="129"
                          VPOS="249"
                          HPOS="1907"
                          CONTENT="de¬"
                          SUBS_TYPE="HypPart1"
                          SUBS_CONTENT="defendere"/>
                  <HYP CONTENT="-"/>
               </TextLine>
               <TextLine ID="r1l8"
                         BASELINE="563,354 636,354 709,354 782,354 855,356 929,356 1002,357 1075,359 1148,359 1221,360 1295,362 1368,363 1441,365 1514,367 1587,369 1661,371 1734,374 1807,376 1880,378 1953,382 2027,386"
                         HEIGHT="100"
                         WIDTH="1482"
                         VPOS="307"
                         HPOS="554">
                  <String HEIGHT="100"
                          WIDTH="276"
                          VPOS="307"
                          HPOS="529"
                          CONTENT="fendere"
                          SUBS_TYPE="HypPart2"
                          SUBS_CONTENT="defendere"/>
                  <SP HEIGHT="100" WIDTH="25" VPOS="307" HPOS="805"/>
                  <String HEIGHT="100"
                          WIDTH="327"
                          VPOS="307"
                          HPOS="730"
                          CONTENT="Pupillos,"/>
                  <SP HEIGHT="100" WIDTH="25" VPOS="307" HPOS="1056"/>
                  <String HEIGHT="100" WIDTH="126" VPOS="307" HPOS="981" CONTENT="&amp;"/>
                  <SP HEIGHT="100" WIDTH="25" VPOS="307" HPOS="1107"/>
                  <String HEIGHT="100"
                          WIDTH="276"
                          VPOS="307"
                          HPOS="1031"
                          CONTENT="Viduas,"/>
                  <SP HEIGHT="100" WIDTH="25" VPOS="307" HPOS="1308"/>
                  <String HEIGHT="100" WIDTH="126" VPOS="307" HPOS="1232" CONTENT="&amp;"/>
                  <SP HEIGHT="100" WIDTH="25" VPOS="307" HPOS="1358"/>
                  <String HEIGHT="100"
                          WIDTH="226"
                          VPOS="307"
                          HPOS="1282"
                          CONTENT="alias"/>
                  <SP HEIGHT="100" WIDTH="25" VPOS="307" HPOS="1509"/>
                  <String HEIGHT="100"
                          WIDTH="377"
                          VPOS="307"
                          HPOS="1433"
                          CONTENT="miferabiles"/>
                  <SP HEIGHT="100" WIDTH="25" VPOS="307" HPOS="1810"/>
                  <String HEIGHT="100"
                          WIDTH="301"
                          VPOS="307"
                          HPOS="1735"
                          CONTENT="Personas"/>
                  <SP HEIGHT="100" WIDTH="25" VPOS="307" HPOS="2036"/>
                  <String HEIGHT="100"
                          WIDTH="100"
                          VPOS="307"
                          HPOS="1936"
                          CONTENT="in"/>
               </TextLine>
               <TextLine ID="r1l9"
                         BASELINE="558,419 631,419 704,420 777,422 850,422 923,423 996,423 1070,425 1143,426 1216,428 1289,428 1362,429 1435,431 1508,432 1582,434 1655,436 1728,437 1801,440 1874,441 1947,444 2021,447"
                         HEIGHT="74"
                         WIDTH="1483"
                         VPOS="376"
                         HPOS="548">
                  <String HEIGHT="74"
                          WIDTH="297"
                          VPOS="376"
                          HPOS="523"
                          CONTENT="iudicio,"/>
                  <SP HEIGHT="74" WIDTH="25" VPOS="376" HPOS="820"/>
                  <String HEIGHT="74" WIDTH="173" VPOS="376" HPOS="746" CONTENT="est"/>
                  <SP HEIGHT="74" WIDTH="25" VPOS="376" HPOS="919"/>
                  <String HEIGHT="74"
                          WIDTH="198"
                          VPOS="376"
                          HPOS="845"
                          CONTENT="opus"/>
                  <SP HEIGHT="74" WIDTH="25" VPOS="376" HPOS="1042"/>
                  <String HEIGHT="74"
                          WIDTH="445"
                          VPOS="376"
                          HPOS="968"
                          CONTENT="misericordiae;"/>
                  <SP HEIGHT="74" WIDTH="25" VPOS="376" HPOS="1413"/>
                  <String HEIGHT="74"
                          WIDTH="173"
                          VPOS="376"
                          HPOS="1339"
                          CONTENT="non"/>
                  <SP HEIGHT="74" WIDTH="25" VPOS="376" HPOS="1512"/>
                  <String HEIGHT="74"
                          WIDTH="222"
                          VPOS="376"
                          HPOS="1438"
                          CONTENT="tamen"/>
                  <SP HEIGHT="74" WIDTH="25" VPOS="376" HPOS="1660"/>
                  <String HEIGHT="74" WIDTH="148" VPOS="376" HPOS="1586" CONTENT="ad"/>
                  <SP HEIGHT="74" WIDTH="25" VPOS="376" HPOS="1734"/>
                  <String HEIGHT="74"
                          WIDTH="173"
                          VPOS="376"
                          HPOS="1660"
                          CONTENT="hoc"/>
                  <SP HEIGHT="74" WIDTH="25" VPOS="376" HPOS="1833"/>
                  <String HEIGHT="74"
                          WIDTH="247"
                          VPOS="376"
                          HPOS="1759"
                          CONTENT="potest"/>
                  <SP HEIGHT="74" WIDTH="25" VPOS="376" HPOS="2006"/>
                  <String HEIGHT="74"
                          WIDTH="124"
                          VPOS="376"
                          HPOS="1907"
                          CONTENT="Re¬"
                          SUBS_TYPE="HypPart1"
                          SUBS_CONTENT="Religio"/>
                  <HYP CONTENT="-"/>
               </TextLine>
               <TextLine ID="r1l10"
                         BASELINE="558,485 631,486 704,486 777,488 850,489 923,489 996,491 1070,492 1143,494 1216,495 1289,497 1362,498 1435,500 1508,501 1582,503 1655,504 1728,506 1801,507 1874,509 1947,510 2021,512"
                         HEIGHT="73"
                         WIDTH="1482"
                         VPOS="442"
                         HPOS="549">
                  <String HEIGHT="73"
                          WIDTH="208"
                          VPOS="442"
                          HPOS="526"
                          CONTENT="ligio"
                          SUBS_TYPE="HypPart2"
                          SUBS_CONTENT="Religio"/>
                  <SP HEIGHT="73" WIDTH="23" VPOS="442" HPOS="734"/>
                  <String HEIGHT="73"
                          WIDTH="301"
                          VPOS="442"
                          HPOS="665"
                          CONTENT="institui;"/>
                  <SP HEIGHT="73" WIDTH="23" VPOS="442" HPOS="966"/>
                  <String HEIGHT="73"
                          WIDTH="185"
                          VPOS="442"
                          HPOS="896"
                          CONTENT="quia"/>
                  <SP HEIGHT="73" WIDTH="23" VPOS="442" HPOS="1082"/>
                  <String HEIGHT="73"
                          WIDTH="185"
                          VPOS="442"
                          HPOS="1012"
                          CONTENT="tale"/>
                  <SP HEIGHT="73" WIDTH="23" VPOS="442" HPOS="1197"/>
                  <String HEIGHT="73"
                          WIDTH="278"
                          VPOS="442"
                          HPOS="1128"
                          CONTENT="officium"/>
                  <SP HEIGHT="73" WIDTH="23" VPOS="442" HPOS="1406"/>
                  <String HEIGHT="73"
                          WIDTH="162"
                          VPOS="442"
                          HPOS="1336"
                          CONTENT="non"/>
                  <SP HEIGHT="73" WIDTH="23" VPOS="442" HPOS="1498"/>
                  <String HEIGHT="73"
                          WIDTH="255"
                          VPOS="442"
                          HPOS="1429"
                          CONTENT="possunt"/>
                  <SP HEIGHT="73" WIDTH="23" VPOS="442" HPOS="1684"/>
                  <String HEIGHT="73"
                          WIDTH="278"
                          VPOS="442"
                          HPOS="1614"
                          CONTENT="exercere"/>
                  <SP HEIGHT="73" WIDTH="23" VPOS="442" HPOS="1892"/>
                  <String HEIGHT="73"
                          WIDTH="232"
                          VPOS="442"
                          HPOS="1799"
                          CONTENT="Religio¬"
                          SUBS_TYPE="HypPart1"
                          SUBS_CONTENT="Religiosi,"/>
                  <HYP CONTENT="-"/>
               </TextLine>
               <TextLine ID="r1l11"
                         BASELINE="563,554 635,555 707,555 779,555 852,557 924,557 996,558 1069,560 1141,561 1213,561 1286,564 1358,564 1430,567 1502,569 1575,570 1647,572 1719,573 1792,575 1864,576 1936,578 2009,579"
                         HEIGHT="83"
                         WIDTH="1466"
                         VPOS="505"
                         HPOS="553">
                  <String HEIGHT="83"
                          WIDTH="174"
                          VPOS="505"
                          HPOS="528"
                          CONTENT="si,"
                          SUBS_TYPE="HypPart2"
                          SUBS_CONTENT="Religiosi,"/>
                  <SP HEIGHT="83" WIDTH="25" VPOS="505" HPOS="702"/>
                  <String HEIGHT="83"
                          WIDTH="199"
                          VPOS="505"
                          HPOS="628"
                          CONTENT="nisi"/>
                  <SP HEIGHT="83" WIDTH="25" VPOS="505" HPOS="826"/>
                  <String HEIGHT="83"
                          WIDTH="422"
                          VPOS="505"
                          HPOS="752"
                          CONTENT="despensatiue,"/>
                  <SP HEIGHT="83" WIDTH="25" VPOS="505" HPOS="1174"/>
                  <String HEIGHT="83" WIDTH="149" VPOS="505" HPOS="1100" CONTENT="de"/>
                  <SP HEIGHT="83" WIDTH="25" VPOS="505" HPOS="1249"/>
                  <String HEIGHT="83"
                          WIDTH="273"
                          VPOS="505"
                          HPOS="1174"
                          CONTENT="mandato"/>
                  <SP HEIGHT="83" WIDTH="25" VPOS="505" HPOS="1448"/>
                  <String HEIGHT="83"
                          WIDTH="323"
                          VPOS="505"
                          HPOS="1373"
                          CONTENT="Episcopi;"/>
                  <SP HEIGHT="83" WIDTH="25" VPOS="505" HPOS="1696"/>
                  <String HEIGHT="83"
                          WIDTH="248"
                          VPOS="505"
                          HPOS="1621"
                          CONTENT="vtpote"/>
                  <SP HEIGHT="83" WIDTH="25" VPOS="505" HPOS="1870"/>
                  <String HEIGHT="83"
                          WIDTH="248"
                          VPOS="505"
                          HPOS="1771"
                          CONTENT="inconue¬"
                          SUBS_TYPE="HypPart1"
                          SUBS_CONTENT="inconueniens"/>
                  <HYP CONTENT="-"/>
               </TextLine>
               <TextLine ID="r1l12"
                         BASELINE="554,618 626,620 699,620 772,621 845,623 918,623 991,624 1064,626 1137,627 1210,629 1283,630 1355,632 1428,633 1501,635 1574,637 1647,639 1720,641 1793,642 1866,645 1939,647 2012,648"
                         HEIGHT="80"
                         WIDTH="1478"
                         VPOS="586"
                         HPOS="545">
                  <String HEIGHT="80"
                          WIDTH="202"
                          VPOS="586"
                          HPOS="523"
                          CONTENT="niens"
                          SUBS_TYPE="HypPart2"
                          SUBS_CONTENT="inconueniens"/>
                  <SP HEIGHT="80" WIDTH="22" VPOS="586" HPOS="724"/>
                  <String HEIGHT="80"
                          WIDTH="179"
                          VPOS="586"
                          HPOS="657"
                          CONTENT="suae"/>
                  <SP HEIGHT="80" WIDTH="22" VPOS="586" HPOS="836"/>
                  <String HEIGHT="80"
                          WIDTH="358"
                          VPOS="586"
                          HPOS="769"
                          CONTENT="perfectioni,"/>
                  <SP HEIGHT="80" WIDTH="22" VPOS="586" HPOS="1127"/>
                  <String HEIGHT="80" WIDTH="134" VPOS="586" HPOS="1060" CONTENT="vt"/>
                  <SP HEIGHT="80" WIDTH="22" VPOS="586" HPOS="1194"/>
                  <String HEIGHT="80"
                          WIDTH="246"
                          VPOS="586"
                          HPOS="1127"
                          CONTENT="legitur"/>
                  <SP HEIGHT="80" WIDTH="22" VPOS="586" HPOS="1374"/>
                  <String HEIGHT="80" WIDTH="134" VPOS="586" HPOS="1306" CONTENT="in"/>
                  <SP HEIGHT="80" WIDTH="22" VPOS="586" HPOS="1441"/>
                  <String HEIGHT="80"
                          WIDTH="269"
                          VPOS="586"
                          HPOS="1374"
                          CONTENT="Concilio"/>
                  <SP HEIGHT="80" WIDTH="22" VPOS="586" HPOS="1642"/>
                  <String HEIGHT="80"
                          WIDTH="358"
                          VPOS="586"
                          HPOS="1575"
                          CONTENT="Calcedonensi"/>
                  <SP HEIGHT="80" WIDTH="22" VPOS="586" HPOS="1933"/>
                  <String HEIGHT="80"
                          WIDTH="202"
                          VPOS="586"
                          HPOS="1866"
                          CONTENT="dist."/>
                  <SP HEIGHT="80" WIDTH="22" VPOS="586" HPOS="2068"/>
                  <String HEIGHT="80" WIDTH="45" VPOS="586" HPOS="1978" CONTENT=""/>
               </TextLine>
               <TextLine ID="r1l13"
                         BASELINE="551,686 624,686 698,687 771,689 845,689 918,690 992,692 1065,693 1139,694 1212,696 1286,698 1359,699 1433,701 1506,702 1580,705 1653,707 1727,708 1800,711 1874,713 1947,715 2021,717"
                         HEIGHT="97"
                         WIDTH="1491"
                         VPOS="643"
                         HPOS="541">
                  <String HEIGHT="97" WIDTH="171" VPOS="643" HPOS="517" CONTENT="66."/>
                  <SP HEIGHT="97" WIDTH="24" VPOS="643" HPOS="688"/>
                  <String HEIGHT="97"
                          WIDTH="196"
                          VPOS="643"
                          HPOS="614"
                          CONTENT="ean."/>
                  <SP HEIGHT="97" WIDTH="24" VPOS="643" HPOS="810"/>
                  <String HEIGHT="97"
                          WIDTH="318"
                          VPOS="643"
                          HPOS="737"
                          CONTENT="Peruenit;"/>
                  <SP HEIGHT="97" WIDTH="24" VPOS="643" HPOS="1054"/>
                  <String HEIGHT="97" WIDTH="122" VPOS="643" HPOS="981" CONTENT="&amp;"/>
                  <SP HEIGHT="97" WIDTH="24" VPOS="643" HPOS="1103"/>
                  <String HEIGHT="97"
                          WIDTH="293"
                          VPOS="643"
                          HPOS="1030"
                          CONTENT="ostensum"/>
                  <SP HEIGHT="97" WIDTH="24" VPOS="643" HPOS="1323"/>
                  <String HEIGHT="97"
                          WIDTH="171"
                          VPOS="643"
                          HPOS="1250"
                          CONTENT="est"/>
                  <SP HEIGHT="97" WIDTH="24" VPOS="643" HPOS="1421"/>
                  <String HEIGHT="97"
                          WIDTH="220"
                          VPOS="643"
                          HPOS="1348"
                          CONTENT="supra"/>
                  <SP HEIGHT="97" WIDTH="24" VPOS="643" HPOS="1568"/>
                  <String HEIGHT="97"
                          WIDTH="220"
                          VPOS="643"
                          HPOS="1494"
                          CONTENT="dist."/>
                  <SP HEIGHT="97" WIDTH="24" VPOS="643" HPOS="1714"/>
                  <String HEIGHT="97" WIDTH="147" VPOS="643" HPOS="1641" CONTENT="2."/>
                  <SP HEIGHT="97" WIDTH="24" VPOS="643" HPOS="1788"/>
                  <String HEIGHT="97" WIDTH="147" VPOS="643" HPOS="1714" CONTENT="in"/>
                  <SP HEIGHT="97" WIDTH="24" VPOS="643" HPOS="1861"/>
                  <String HEIGHT="97"
                          WIDTH="244"
                          VPOS="643"
                          HPOS="1788"
                          CONTENT="Fract."/>
                  <SP HEIGHT="97" WIDTH="24" VPOS="643" HPOS="2032"/>
                  <String HEIGHT="97" WIDTH="98" VPOS="643" HPOS="1934" CONTENT="De"/>
               </TextLine>
               <TextLine ID="r1l14"
                         BASELINE="567,752 639,752 711,753 783,755 856,756 928,757 1000,759 1073,761 1145,762 1217,764 1290,765 1362,768 1434,770 1506,771 1579,774 1651,776 1723,777 1796,779 1868,780 1940,780 2013,782"
                         HEIGHT="89"
                         WIDTH="1467"
                         VPOS="714"
                         HPOS="557">
                  <String HEIGHT="89"
                          WIDTH="313"
                          VPOS="714"
                          HPOS="533"
                          CONTENT="curiosis."/>
                  <SP HEIGHT="89" WIDTH="24" VPOS="714" HPOS="846"/>
                  <String HEIGHT="89" WIDTH="144" VPOS="714" HPOS="773" CONTENT="§."/>
                  <SP HEIGHT="89" WIDTH="24" VPOS="714" HPOS="918"/>
                  <String HEIGHT="89" WIDTH="168" VPOS="714" HPOS="846" CONTENT="Sed"/>
                  <SP HEIGHT="89" WIDTH="24" VPOS="714" HPOS="1014"/>
                  <String HEIGHT="89"
                          WIDTH="240"
                          VPOS="714"
                          HPOS="942"
                          CONTENT="forte."/>
                  <SP HEIGHT="89" WIDTH="24" VPOS="714" HPOS="1182"/>
                  <String HEIGHT="89"
                          WIDTH="313"
                          VPOS="714"
                          HPOS="1110"
                          CONTENT="Similiter"/>
                  <SP HEIGHT="89" WIDTH="24" VPOS="714" HPOS="1423"/>
                  <String HEIGHT="89"
                          WIDTH="168"
                          VPOS="714"
                          HPOS="1351"
                          CONTENT="nec"/>
                  <SP HEIGHT="89" WIDTH="24" VPOS="714" HPOS="1519"/>
                  <String HEIGHT="89"
                          WIDTH="289"
                          VPOS="714"
                          HPOS="1447"
                          CONTENT="conuenit"/>
                  <SP HEIGHT="89" WIDTH="24" VPOS="714" HPOS="1735"/>
                  <String HEIGHT="89"
                          WIDTH="265"
                          VPOS="714"
                          HPOS="1663"
                          CONTENT="publice"/>
                  <SP HEIGHT="89" WIDTH="24" VPOS="714" HPOS="1928"/>
                  <String HEIGHT="89"
                          WIDTH="192"
                          VPOS="714"
                          HPOS="1832"
                          CONTENT="docere"/>
               </TextLine>
               <TextLine ID="r1l15"
                         BASELINE="560,816 633,818 707,819 780,821 854,823 927,825 1001,827 1074,828 1148,830 1221,832 1295,834 1369,836 1442,837 1516,839 1589,840 1663,842 1736,843 1810,845 1883,846 1957,848 2031,848"
                         HEIGHT="86"
                         WIDTH="1490"
                         VPOS="768"
                         HPOS="550">
                  <String HEIGHT="86"
                          WIDTH="334"
                          VPOS="768"
                          HPOS="524"
                          CONTENT="Monachali"/>
                  <SP HEIGHT="86" WIDTH="26" VPOS="768" HPOS="858"/>
                  <String HEIGHT="86"
                          WIDTH="411"
                          VPOS="768"
                          HPOS="781"
                          CONTENT="Professioni,"/>
                  <SP HEIGHT="86" WIDTH="26" VPOS="768" HPOS="1192"/>
                  <String HEIGHT="86" WIDTH="154" VPOS="768" HPOS="1115" CONTENT="vt"/>
                  <SP HEIGHT="86" WIDTH="26" VPOS="768" HPOS="1269"/>
                  <String HEIGHT="86"
                          WIDTH="308"
                          VPOS="768"
                          HPOS="1192"
                          CONTENT="ostensum"/>
                  <SP HEIGHT="86" WIDTH="26" VPOS="768" HPOS="1501"/>
                  <String HEIGHT="86"
                          WIDTH="180"
                          VPOS="768"
                          HPOS="1423"
                          CONTENT="est"/>
                  <SP HEIGHT="86" WIDTH="26" VPOS="768" HPOS="1603"/>
                  <String HEIGHT="86"
                          WIDTH="437"
                          VPOS="768"
                          HPOS="1526"
                          CONTENT="multipliciter"/>
                  <SP HEIGHT="86" WIDTH="26" VPOS="768" HPOS="1963"/>
                  <String HEIGHT="86"
                          WIDTH="180"
                          VPOS="768"
                          HPOS="1860"
                          CONTENT="supra"/>
               </TextLine>
               <TextLine ID="r1l16"
                         BASELINE="570,884 600,885 630,887 660,888 690,887"
                         HEIGHT="65"
                         WIDTH="139"
                         VPOS="835"
                         HPOS="561">
                  <String HEIGHT="65"
                          WIDTH="139"
                          VPOS="835"
                          HPOS="546"
                          CONTENT="dist."/>
                  <SP HEIGHT="65" WIDTH="15" VPOS="835" HPOS="685"/>
                  <String HEIGHT="65" WIDTH="93" VPOS="835" HPOS="638" CONTENT="I."/>
                  <SP HEIGHT="65" WIDTH="15" VPOS="835" HPOS="731"/>
                  <String HEIGHT="65" WIDTH="31" VPOS="835" HPOS="669" CONTENT=""/>
               </TextLine>
               <TextLine ID="r1l17"
                         BASELINE="653,954 721,955 789,956 857,956 925,957 993,959 1061,960 1129,962 1197,963 1265,965 1334,966 1402,968 1470,970 1538,971 1606,972 1674,974 1742,975 1810,975 1878,976 1946,977 2015,975"
                         HEIGHT="107"
                         WIDTH="1381"
                         VPOS="902"
                         HPOS="644">
                  <String HEIGHT="107" WIDTH="148" VPOS="902" HPOS="619" CONTENT="§."/>
                  <SP HEIGHT="107" WIDTH="25" VPOS="902" HPOS="767"/>
                  <String HEIGHT="107"
                          WIDTH="197"
                          VPOS="902"
                          HPOS="693"
                          CONTENT="Alia"/>
                  <SP HEIGHT="107" WIDTH="25" VPOS="902" HPOS="891"/>
                  <String HEIGHT="107"
                          WIDTH="222"
                          VPOS="902"
                          HPOS="817"
                          CONTENT="etiam"/>
                  <SP HEIGHT="107" WIDTH="25" VPOS="902" HPOS="1039"/>
                  <String HEIGHT="107"
                          WIDTH="321"
                          VPOS="902"
                          HPOS="965"
                          CONTENT="argumenta"/>
                  <SP HEIGHT="107" WIDTH="25" VPOS="902" HPOS="1285"/>
                  <String HEIGHT="107"
                          WIDTH="296"
                          VPOS="902"
                          HPOS="1211"
                          CONTENT="inducunt"/>
                  <SP HEIGHT="107" WIDTH="25" VPOS="902" HPOS="1507"/>
                  <String HEIGHT="107"
                          WIDTH="296"
                          VPOS="902"
                          HPOS="1433"
                          CONTENT="plurima,"/>
                  <SP HEIGHT="107" WIDTH="25" VPOS="902" HPOS="1729"/>
                  <String HEIGHT="107"
                          WIDTH="197"
                          VPOS="902"
                          HPOS="1655"
                          CONTENT="quae"/>
                  <SP HEIGHT="107" WIDTH="25" VPOS="902" HPOS="1852"/>
                  <String HEIGHT="107"
                          WIDTH="197"
                          VPOS="902"
                          HPOS="1778"
                          CONTENT="sunt"/>
                  <SP HEIGHT="107" WIDTH="25" VPOS="902" HPOS="1976"/>
                  <String HEIGHT="107"
                          WIDTH="148"
                          VPOS="902"
                          HPOS="1877"
                          CONTENT="res¬"
                          SUBS_TYPE="HypPart1"
                          SUBS_CONTENT="responsione"/>
                  <HYP CONTENT="-"/>
               </TextLine>
               <TextLine ID="r1l18"
                         BASELINE="557,1014 629,1016 702,1017 775,1019 848,1021 921,1023 994,1025 1067,1026 1140,1028 1213,1029 1286,1031 1358,1032 1431,1034 1504,1035 1577,1037 1650,1038 1723,1039 1796,1040 1869,1041 1942,1044 2015,1046"
                         HEIGHT="69"
                         WIDTH="1477"
                         VPOS="984"
                         HPOS="547">
                  <String HEIGHT="69"
                          WIDTH="311"
                          VPOS="984"
                          HPOS="521"
                          CONTENT="ponsione"
                          SUBS_TYPE="HypPart2"
                          SUBS_CONTENT="responsione"/>
                  <SP HEIGHT="69" WIDTH="26" VPOS="984" HPOS="832"/>
                  <String HEIGHT="69"
                          WIDTH="311"
                          VPOS="984"
                          HPOS="754"
                          CONTENT="indigna."/>
                  <SP HEIGHT="69" WIDTH="26" VPOS="984" HPOS="1065"/>
                  <String HEIGHT="69" WIDTH="181" VPOS="984" HPOS="988" CONTENT="Sed"/>
                  <SP HEIGHT="69" WIDTH="26" VPOS="984" HPOS="1169"/>
                  <String HEIGHT="69"
                          WIDTH="233"
                          VPOS="984"
                          HPOS="1091"
                          CONTENT="certe"/>
                  <SP HEIGHT="69" WIDTH="26" VPOS="984" HPOS="1324"/>
                  <String HEIGHT="69"
                          WIDTH="259"
                          VPOS="984"
                          HPOS="1247"
                          CONTENT="multum"/>
                  <SP HEIGHT="69" WIDTH="26" VPOS="984" HPOS="1506"/>
                  <String HEIGHT="69"
                          WIDTH="363"
                          VPOS="984"
                          HPOS="1428"
                          CONTENT="desiderant"/>
                  <SP HEIGHT="69" WIDTH="26" VPOS="984" HPOS="1791"/>
                  <String HEIGHT="69"
                          WIDTH="285"
                          VPOS="984"
                          HPOS="1713"
                          CONTENT="honorem"/>
                  <SP HEIGHT="69" WIDTH="26" VPOS="984" HPOS="1998"/>
                  <String HEIGHT="69"
                          WIDTH="130"
                          VPOS="984"
                          HPOS="1894"
                          CONTENT="Ca¬"
                          SUBS_TYPE="HypPart1"
                          SUBS_CONTENT="Cathedrae,"/>
                  <HYP CONTENT="-"/>
               </TextLine>
               <TextLine ID="r1l19"
                         BASELINE="560,1083 633,1084 706,1085 780,1087 853,1088 927,1090 1000,1092 1073,1093 1147,1095 1220,1097 1294,1098 1367,1100 1440,1101 1514,1103 1587,1104 1661,1106 1734,1107 1807,1109 1881,1109 1954,1110 2028,1110"
                         HEIGHT="96"
                         WIDTH="1487"
                         VPOS="1044"
                         HPOS="551">
                  <String HEIGHT="96"
                          WIDTH="302"
                          VPOS="1044"
                          HPOS="526"
                          CONTENT="thedrae,"
                          SUBS_TYPE="HypPart2"
                          SUBS_CONTENT="Cathedrae,"/>
                  <SP HEIGHT="96" WIDTH="25" VPOS="1044" HPOS="828"/>
                  <String HEIGHT="96"
                          WIDTH="176"
                          VPOS="1044"
                          HPOS="753"
                          CONTENT="qui"/>
                  <SP HEIGHT="96" WIDTH="25" VPOS="1044" HPOS="929"/>
                  <String HEIGHT="96"
                          WIDTH="176"
                          VPOS="1044"
                          HPOS="853"
                          CONTENT="per"/>
                  <SP HEIGHT="96" WIDTH="25" VPOS="1044" HPOS="1030"/>
                  <String HEIGHT="96"
                          WIDTH="227"
                          VPOS="1044"
                          HPOS="954"
                          CONTENT="talia"/>
                  <SP HEIGHT="96" WIDTH="25" VPOS="1044" HPOS="1181"/>
                  <String HEIGHT="96"
                          WIDTH="328"
                          VPOS="1044"
                          HPOS="1105"
                          CONTENT="argumenta"/>
                  <SP HEIGHT="96" WIDTH="25" VPOS="1044" HPOS="1433"/>
                  <String HEIGHT="96"
                          WIDTH="302"
                          VPOS="1044"
                          HPOS="1358"
                          CONTENT="nituntur"/>
                  <SP HEIGHT="96" WIDTH="25" VPOS="1044" HPOS="1660"/>
                  <String HEIGHT="96"
                          WIDTH="277"
                          VPOS="1044"
                          HPOS="1584"
                          CONTENT="probare"/>
                  <SP HEIGHT="96" WIDTH="25" VPOS="1044" HPOS="1862"/>
                  <String HEIGHT="96"
                          WIDTH="277"
                          VPOS="1044"
                          HPOS="1761"
                          CONTENT="Magistros"/>
               </TextLine>
               <TextLine ID="r1l20"
                         BASELINE="560,1149 607,1149 655,1149 703,1151 751,1151 799,1152 847,1153 894,1154 942,1155 990,1157 1038,1158 1086,1159 1134,1160 1182,1162 1229,1163 1277,1164 1325,1165 1373,1167 1421,1167 1469,1169 1517,1170"
                         HEIGHT="81"
                         WIDTH="976"
                         VPOS="1098"
                         HPOS="551">
                  <String HEIGHT="81"
                          WIDTH="405"
                          VPOS="1098"
                          HPOS="527"
                          CONTENT="Scholasticos,"/>
                  <SP HEIGHT="81" WIDTH="24" VPOS="1098" HPOS="932"/>
                  <String HEIGHT="81" WIDTH="119" VPOS="1098" HPOS="860" CONTENT="&amp;"/>
                  <SP HEIGHT="81" WIDTH="24" VPOS="1098" HPOS="979"/>
                  <String HEIGHT="81"
                          WIDTH="286"
                          VPOS="1098"
                          HPOS="908"
                          CONTENT="solemnes"/>
                  <SP HEIGHT="81" WIDTH="24" VPOS="1098" HPOS="1194"/>
                  <String HEIGHT="81"
                          WIDTH="214"
                          VPOS="1098"
                          HPOS="1122"
                          CONTENT="fieri"/>
                  <SP HEIGHT="81" WIDTH="24" VPOS="1098" HPOS="1337"/>
                  <String HEIGHT="81"
                          WIDTH="143"
                          VPOS="1098"
                          HPOS="1265"
                          CONTENT="se"/>
                  <SP HEIGHT="81" WIDTH="24" VPOS="1098" HPOS="1408"/>
                  <String HEIGHT="81"
                          WIDTH="214"
                          VPOS="1098"
                          HPOS="1313"
                          CONTENT="debere¬"
                          SUBS_TYPE="HypPart1"
                          SUBS_CONTENT="debere§."/>
                  <HYP CONTENT="-"/>
               </TextLine>
               <TextLine ID="r1l21"
                         BASELINE="623,1214 692,1215 762,1218 832,1220 902,1222 972,1224 1042,1226 1112,1227 1182,1229 1252,1230 1322,1232 1391,1233 1461,1235 1531,1236 1601,1238 1671,1239 1741,1241 1811,1242 1881,1243 1951,1244 2021,1245"
                         HEIGHT="80"
                         WIDTH="1419"
                         VPOS="1177"
                         HPOS="612">
                  <String HEIGHT="80"
                          WIDTH="152"
                          VPOS="1177"
                          HPOS="587"
                          CONTENT="§."
                          SUBS_TYPE="HypPart2"
                          SUBS_CONTENT="debere§."/>
                  <SP HEIGHT="80" WIDTH="25" VPOS="1177" HPOS="739"/>
                  <String HEIGHT="80"
                          WIDTH="203"
                          VPOS="1177"
                          HPOS="663"
                          CONTENT="Item"/>
                  <SP HEIGHT="80" WIDTH="25" VPOS="1177" HPOS="865"/>
                  <String HEIGHT="80"
                          WIDTH="304"
                          VPOS="1177"
                          HPOS="789"
                          CONTENT="constat,"/>
                  <SP HEIGHT="80" WIDTH="25" VPOS="1177" HPOS="1093"/>
                  <String HEIGHT="80"
                          WIDTH="203"
                          VPOS="1177"
                          HPOS="1017"
                          CONTENT="quod"/>
                  <SP HEIGHT="80" WIDTH="25" VPOS="1177" HPOS="1220"/>
                  <String HEIGHT="80"
                          WIDTH="279"
                          VPOS="1177"
                          HPOS="1144"
                          CONTENT="Monachi"/>
                  <SP HEIGHT="80" WIDTH="25" VPOS="1177" HPOS="1423"/>
                  <String HEIGHT="80"
                          WIDTH="177"
                          VPOS="1177"
                          HPOS="1347"
                          CONTENT="non"/>
                  <SP HEIGHT="80" WIDTH="25" VPOS="1177" HPOS="1524"/>
                  <String HEIGHT="80"
                          WIDTH="279"
                          VPOS="1177"
                          HPOS="1448"
                          CONTENT="possunt"/>
                  <SP HEIGHT="80" WIDTH="25" VPOS="1177" HPOS="1727"/>
                  <String HEIGHT="80"
                          WIDTH="228"
                          VPOS="1177"
                          HPOS="1651"
                          CONTENT="fieri"/>
                  <SP HEIGHT="80" WIDTH="25" VPOS="1177" HPOS="1879"/>
                  <String HEIGHT="80"
                          WIDTH="253"
                          VPOS="1177"
                          HPOS="1778"
                          CONTENT="solemnes"/>
               </TextLine>
               <TextLine ID="r1l22"
                         BASELINE="555,1280 628,1283 701,1284 774,1286 847,1287 920,1289 993,1291 1066,1293 1139,1295 1212,1296 1285,1298 1358,1299 1431,1301 1504,1302 1577,1304 1650,1305 1723,1307 1796,1308 1869,1309 1942,1310 2015,1311"
                         HEIGHT="104"
                         WIDTH="1478"
                         VPOS="1236"
                         HPOS="545">
                  <String HEIGHT="104"
                          WIDTH="273"
                          VPOS="1236"
                          HPOS="522"
                          CONTENT="Magistri"/>
                  <SP HEIGHT="104" WIDTH="23" VPOS="1236" HPOS="795"/>
                  <String HEIGHT="104"
                          WIDTH="364"
                          VPOS="1236"
                          HPOS="727"
                          CONTENT="Scholastici,"/>
                  <SP HEIGHT="104" WIDTH="23" VPOS="1236" HPOS="1091"/>
                  <String HEIGHT="104"
                          WIDTH="182"
                          VPOS="1236"
                          HPOS="1023"
                          CONTENT="nisi"/>
                  <SP HEIGHT="104" WIDTH="23" VPOS="1236" HPOS="1204"/>
                  <String HEIGHT="104"
                          WIDTH="159"
                          VPOS="1236"
                          HPOS="1136"
                          CONTENT="diu"/>
                  <SP HEIGHT="104" WIDTH="23" VPOS="1236" HPOS="1295"/>
                  <String HEIGHT="104"
                          WIDTH="318"
                          VPOS="1236"
                          HPOS="1227"
                          CONTENT="studuerint"/>
                  <SP HEIGHT="104" WIDTH="23" VPOS="1236" HPOS="1545"/>
                  <String HEIGHT="104"
                          WIDTH="136"
                          VPOS="1236"
                          HPOS="1477"
                          CONTENT="in"/>
                  <SP HEIGHT="104" WIDTH="23" VPOS="1236" HPOS="1614"/>
                  <String HEIGHT="104"
                          WIDTH="227"
                          VPOS="1236"
                          HPOS="1545"
                          CONTENT="studio"/>
                  <SP HEIGHT="104" WIDTH="23" VPOS="1236" HPOS="1773"/>
                  <String HEIGHT="104"
                          WIDTH="296"
                          VPOS="1236"
                          HPOS="1705"
                          CONTENT="generali;"/>
                  <SP HEIGHT="104" WIDTH="23" VPOS="1236" HPOS="2000"/>
                  <String HEIGHT="104"
                          WIDTH="114"
                          VPOS="1236"
                          HPOS="1909"
                          CONTENT="Sed"/>
               </TextLine>
               <TextLine ID="r1l23"
                         BASELINE="555,1346 628,1348 701,1350 774,1353 848,1355 921,1356 994,1358 1068,1361 1141,1362 1214,1364 1288,1365 1361,1367 1434,1368 1507,1368 1581,1370 1654,1371 1727,1372 1801,1373 1874,1373 1947,1374 2021,1374"
                         HEIGHT="97"
                         WIDTH="1486"
                         VPOS="1302"
                         HPOS="545">
                  <String HEIGHT="97"
                          WIDTH="216"
                          VPOS="1302"
                          HPOS="521"
                          CONTENT="dicit"/>
                  <SP HEIGHT="97" WIDTH="24" VPOS="1302" HPOS="737"/>
                  <String HEIGHT="97"
                          WIDTH="336"
                          VPOS="1302"
                          HPOS="665"
                          CONTENT="Gregorius,"/>
                  <SP HEIGHT="97" WIDTH="24" VPOS="1302" HPOS="1000"/>
                  <String HEIGHT="97"
                          WIDTH="192"
                          VPOS="1302"
                          HPOS="928"
                          CONTENT="quod"/>
                  <SP HEIGHT="97" WIDTH="24" VPOS="1302" HPOS="1120"/>
                  <String HEIGHT="97"
                          WIDTH="192"
                          VPOS="1302"
                          HPOS="1048"
                          CONTENT="Nemo"/>
                  <SP HEIGHT="97" WIDTH="24" VPOS="1302" HPOS="1240"/>
                  <String HEIGHT="97"
                          WIDTH="240"
                          VPOS="1302"
                          HPOS="1168"
                          CONTENT="potest"/>
                  <SP HEIGHT="97" WIDTH="24" VPOS="1302" HPOS="1408"/>
                  <String HEIGHT="97"
                          WIDTH="455"
                          VPOS="1302"
                          HPOS="1336"
                          CONTENT="Ecclesiasticis,"/>
                  <SP HEIGHT="97" WIDTH="24" VPOS="1302" HPOS="1791"/>
                  <String HEIGHT="97" WIDTH="120" VPOS="1302" HPOS="1719" CONTENT="&amp;"/>
                  <SP HEIGHT="97" WIDTH="24" VPOS="1302" HPOS="1839"/>
                  <String HEIGHT="97"
                          WIDTH="216"
                          VPOS="1302"
                          HPOS="1767"
                          CONTENT="multo"/>
                  <SP HEIGHT="97" WIDTH="24" VPOS="1302" HPOS="1983"/>
                  <String HEIGHT="97"
                          WIDTH="144"
                          VPOS="1302"
                          HPOS="1887"
                          CONTENT="mir¬"
                          SUBS_TYPE="HypPart1"
                          SUBS_CONTENT="mirriu"/>
                  <HYP CONTENT="-"/>
               </TextLine>
               <TextLine ID="r1l24"
                         BASELINE="545,1413 622,1415 700,1416 778,1418 856,1420 934,1422 1012,1424 1089,1425 1167,1427 1245,1430 1323,1431 1401,1433 1479,1434 1556,1436 1634,1437 1712,1437 1790,1439 1868,1439 1946,1439 2024,1439"
                         HEIGHT="76"
                         WIDTH="1498"
                         VPOS="1385"
                         HPOS="536">
                  <String HEIGHT="76"
                          WIDTH="159"
                          VPOS="1385"
                          HPOS="513"
                          CONTENT="riu"
                          SUBS_TYPE="HypPart2"
                          SUBS_CONTENT="mirriu"/>
                  <SP HEIGHT="76" WIDTH="23" VPOS="1385" HPOS="672"/>
                  <String HEIGHT="76"
                          WIDTH="386"
                          VPOS="1385"
                          HPOS="604"
                          CONTENT="Scholasticis,"/>
                  <SP HEIGHT="76" WIDTH="23" VPOS="1385" HPOS="990"/>
                  <String HEIGHT="76"
                          WIDTH="272"
                          VPOS="1385"
                          HPOS="922"
                          CONTENT="officiis"/>
                  <SP HEIGHT="76" WIDTH="23" VPOS="1385" HPOS="1194"/>
                  <String HEIGHT="76"
                          WIDTH="318"
                          VPOS="1385"
                          HPOS="1126"
                          CONTENT="deseruire;"/>
                  <SP HEIGHT="76" WIDTH="23" VPOS="1385" HPOS="1444"/>
                  <String HEIGHT="76" WIDTH="113" VPOS="1385" HPOS="1376" CONTENT="&amp;"/>
                  <SP HEIGHT="76" WIDTH="23" VPOS="1385" HPOS="1489"/>
                  <String HEIGHT="76"
                          WIDTH="136"
                          VPOS="1385"
                          HPOS="1421"
                          CONTENT="in"/>
                  <SP HEIGHT="76" WIDTH="23" VPOS="1385" HPOS="1557"/>
                  <String HEIGHT="76"
                          WIDTH="227"
                          VPOS="1385"
                          HPOS="1489"
                          CONTENT="regula"/>
                  <SP HEIGHT="76" WIDTH="23" VPOS="1385" HPOS="1716"/>
                  <String HEIGHT="76"
                          WIDTH="318"
                          VPOS="1385"
                          HPOS="1648"
                          CONTENT="Monachorum"/>
                  <SP HEIGHT="76" WIDTH="23" VPOS="1385" HPOS="1966"/>
                  <String HEIGHT="76"
                          WIDTH="159"
                          VPOS="1385"
                          HPOS="1875"
                          CONTENT="ordi¬"
                          SUBS_TYPE="HypPart1"
                          SUBS_CONTENT="ordibiace"/>
                  <HYP CONTENT="-"/>
               </TextLine>
               <TextLine ID="r1l25"
                         BASELINE="549,1478 622,1479 696,1482 769,1484 843,1485 917,1488 990,1490 1064,1491 1137,1493 1211,1494 1285,1496 1358,1497 1432,1499 1505,1500 1579,1500 1653,1502 1726,1503 1800,1504 1873,1505 1947,1506 2021,1506"
                         HEIGHT="91"
                         WIDTH="1490"
                         VPOS="1449"
                         HPOS="540">
                  <String HEIGHT="91"
                          WIDTH="216"
                          VPOS="1449"
                          HPOS="516"
                          CONTENT="biace"
                          SUBS_TYPE="HypPart2"
                          SUBS_CONTENT="ordibiace"/>
                  <SP HEIGHT="91" WIDTH="24" VPOS="1449" HPOS="732"/>
                  <String HEIGHT="91"
                          WIDTH="360"
                          VPOS="1449"
                          HPOS="660"
                          CONTENT="persistere."/>
                  <SP HEIGHT="91" WIDTH="24" VPOS="1449" HPOS="1021"/>
                  <String HEIGHT="91" WIDTH="144" VPOS="1449" HPOS="949" CONTENT="Id"/>
                  <SP HEIGHT="91" WIDTH="24" VPOS="1449" HPOS="1093"/>
                  <String HEIGHT="91"
                          WIDTH="144"
                          VPOS="1449"
                          HPOS="1021"
                          CONTENT="q."/>
                  <SP HEIGHT="91" WIDTH="24" VPOS="1449" HPOS="1165"/>
                  <String HEIGHT="91"
                          WIDTH="144"
                          VPOS="1449"
                          HPOS="1093"
                          CONTENT="I."/>
                  <SP HEIGHT="91" WIDTH="24" VPOS="1449" HPOS="1237"/>
                  <String HEIGHT="91"
                          WIDTH="192"
                          VPOS="1449"
                          HPOS="1165"
                          CONTENT="cap."/>
                  <SP HEIGHT="91" WIDTH="24" VPOS="1449" HPOS="1357"/>
                  <String HEIGHT="91"
                          WIDTH="216"
                          VPOS="1449"
                          HPOS="1285"
                          CONTENT="Nemo."/>
                  <SP HEIGHT="91" WIDTH="24" VPOS="1449" HPOS="1501"/>
                  <String HEIGHT="91"
                          WIDTH="264"
                          VPOS="1449"
                          HPOS="1429"
                          CONTENT="Quomodo"/>
                  <SP HEIGHT="91" WIDTH="24" VPOS="1449" HPOS="1694"/>
                  <String HEIGHT="91"
                          WIDTH="192"
                          VPOS="1449"
                          HPOS="1621"
                          CONTENT="ergo"/>
                  <SP HEIGHT="91" WIDTH="24" VPOS="1449" HPOS="1814"/>
                  <String HEIGHT="91"
                          WIDTH="216"
                          VPOS="1449"
                          HPOS="1742"
                          CONTENT="viuer"/>
                  <SP HEIGHT="91" WIDTH="24" VPOS="1449" HPOS="1958"/>
                  <String HEIGHT="91"
                          WIDTH="168"
                          VPOS="1449"
                          HPOS="1862"
                          CONTENT="Regu¬"
                          SUBS_TYPE="HypPart1"
                          SUBS_CONTENT="Regulariter"/>
                  <HYP CONTENT="-"/>
               </TextLine>
               <TextLine ID="r1l26"
                         BASELINE="555,1547 628,1548 701,1550 774,1551 848,1554 921,1556 994,1557 1068,1559 1141,1560 1214,1562 1288,1563 1361,1565 1434,1566 1507,1568 1581,1569 1654,1569 1727,1571 1801,1572 1874,1572 1947,1572 2021,1574"
                         HEIGHT="107"
                         WIDTH="1485"
                         VPOS="1497"
                         HPOS="545">
                  <String HEIGHT="107"
                          WIDTH="263"
                          VPOS="1497"
                          HPOS="521"
                          CONTENT="lariter"
                          SUBS_TYPE="HypPart2"
                          SUBS_CONTENT="Regulariter"/>
                  <SP HEIGHT="107" WIDTH="24" VPOS="1497" HPOS="785"/>
                  <String HEIGHT="107" WIDTH="120" VPOS="1497" HPOS="713" CONTENT="&amp;"/>
                  <SP HEIGHT="107" WIDTH="24" VPOS="1497" HPOS="832"/>
                  <String HEIGHT="107"
                          WIDTH="287"
                          VPOS="1497"
                          HPOS="761"
                          CONTENT="ordinate"/>
                  <SP HEIGHT="107" WIDTH="24" VPOS="1497" HPOS="1048"/>
                  <String HEIGHT="107"
                          WIDTH="311"
                          VPOS="1497"
                          HPOS="976"
                          CONTENT="Monachus,"/>
                  <SP HEIGHT="107" WIDTH="24" VPOS="1497" HPOS="1288"/>
                  <String HEIGHT="107"
                          WIDTH="168"
                          VPOS="1497"
                          HPOS="1216"
                          CONTENT="qui"/>
                  <SP HEIGHT="107" WIDTH="24" VPOS="1497" HPOS="1383"/>
                  <String HEIGHT="107"
                          WIDTH="263"
                          VPOS="1497"
                          HPOS="1311"
                          CONTENT="viginti"/>
                  <SP HEIGHT="107" WIDTH="24" VPOS="1497" HPOS="1575"/>
                  <String HEIGHT="107"
                          WIDTH="216"
                          VPOS="1497"
                          HPOS="1503"
                          CONTENT="annis"/>
                  <SP HEIGHT="107" WIDTH="24" VPOS="1497" HPOS="1719"/>
                  <String HEIGHT="107"
                          WIDTH="144"
                          VPOS="1497"
                          HPOS="1647"
                          CONTENT="in"/>
                  <SP HEIGHT="107" WIDTH="24" VPOS="1497" HPOS="1790"/>
                  <String HEIGHT="107"
                          WIDTH="240"
                          VPOS="1497"
                          HPOS="1719"
                          CONTENT="studio"/>
                  <SP HEIGHT="107" WIDTH="24" VPOS="1497" HPOS="1958"/>
                  <String HEIGHT="107"
                          WIDTH="168"
                          VPOS="1497"
                          HPOS="1862"
                          CONTENT="gene¬"
                          SUBS_TYPE="HypPart1"
                          SUBS_CONTENT="generali"/>
                  <HYP CONTENT="-"/>
               </TextLine>
               <TextLine ID="r1l27"
                         BASELINE="551,1611 624,1613 697,1616 770,1618 843,1620 917,1622 990,1623 1063,1625 1136,1626 1209,1628 1283,1629 1356,1629 1429,1631 1502,1632 1575,1632 1649,1634 1722,1634 1795,1635 1868,1637 1941,1637 2015,1638"
                         HEIGHT="96"
                         WIDTH="1483"
                         VPOS="1578"
                         HPOS="541">
                  <String HEIGHT="96"
                          WIDTH="183"
                          VPOS="1578"
                          HPOS="518"
                          CONTENT="rali"
                          SUBS_TYPE="HypPart2"
                          SUBS_CONTENT="generali"/>
                  <SP HEIGHT="96" WIDTH="23" VPOS="1578" HPOS="701"/>
                  <String HEIGHT="96"
                          WIDTH="365"
                          VPOS="1578"
                          HPOS="632"
                          CONTENT="permanferit,"/>
                  <SP HEIGHT="96" WIDTH="23" VPOS="1578" HPOS="997"/>
                  <String HEIGHT="96" WIDTH="114" VPOS="1578" HPOS="929" CONTENT="&amp;"/>
                  <SP HEIGHT="96" WIDTH="23" VPOS="1578" HPOS="1043"/>
                  <String HEIGHT="96"
                          WIDTH="274"
                          VPOS="1578"
                          HPOS="974"
                          CONTENT="officiis"/>
                  <SP HEIGHT="96" WIDTH="23" VPOS="1578" HPOS="1248"/>
                  <String HEIGHT="96"
                          WIDTH="365"
                          VPOS="1578"
                          HPOS="1180"
                          CONTENT="Scholasticis"/>
                  <SP HEIGHT="96" WIDTH="23" VPOS="1578" HPOS="1545"/>
                  <String HEIGHT="96"
                          WIDTH="342"
                          VPOS="1578"
                          HPOS="1476"
                          CONTENT="deseruierit"/>
                  <SP HEIGHT="96" WIDTH="23" VPOS="1578" HPOS="1819"/>
                  <String HEIGHT="96"
                          WIDTH="251"
                          VPOS="1578"
                          HPOS="1750"
                          CONTENT="propter"/>
                  <SP HEIGHT="96" WIDTH="23" VPOS="1578" HPOS="2001"/>
                  <String HEIGHT="96"
                          WIDTH="114"
                          VPOS="1578"
                          HPOS="1910"
                          CONTENT="Maa"/>
               </TextLine>
               <TextLine ID="r1l28"
                         BASELINE="545,1674 618,1677 691,1680 765,1683 838,1685 911,1688 985,1689 1058,1691 1131,1692 1205,1694 1278,1694 1351,1695 1425,1697 1498,1697 1571,1698 1645,1700 1718,1701 1791,1703 1865,1704 1938,1707 2012,1710"
                         HEIGHT="77"
                         WIDTH="1487"
                         VPOS="1644"
                         HPOS="534">
                  <String HEIGHT="77"
                          WIDTH="345"
                          VPOS="1644"
                          HPOS="507"
                          CONTENT="gistralem"/>
                  <SP HEIGHT="77" WIDTH="27" VPOS="1644" HPOS="853"/>
                  <String HEIGHT="77"
                          WIDTH="372"
                          VPOS="1644"
                          HPOS="773"
                          CONTENT="Cathedram,"/>
                  <SP HEIGHT="77" WIDTH="27" VPOS="1644" HPOS="1145"/>
                  <String HEIGHT="77"
                          WIDTH="212"
                          VPOS="1644"
                          HPOS="1065"
                          CONTENT="quam"/>
                  <SP HEIGHT="77" WIDTH="27" VPOS="1644" HPOS="1278"/>
                  <String HEIGHT="77"
                          WIDTH="159"
                          VPOS="1644"
                          HPOS="1198"
                          CONTENT="se"/>
                  <SP HEIGHT="77" WIDTH="27" VPOS="1644" HPOS="1357"/>
                  <String HEIGHT="77"
                          WIDTH="372"
                          VPOS="1644"
                          HPOS="1278"
                          CONTENT="ascensurum"/>
                  <SP HEIGHT="77" WIDTH="27" VPOS="1644" HPOS="1649"/>
                  <String HEIGHT="77"
                          WIDTH="345"
                          VPOS="1644"
                          HPOS="1570"
                          CONTENT="sperauit?"/>
                  <SP HEIGHT="77" WIDTH="27" VPOS="1644" HPOS="1915"/>
                  <String HEIGHT="77"
                          WIDTH="239"
                          VPOS="1644"
                          HPOS="1835"
                          CONTENT="Item,"/>
                  <SP HEIGHT="77" WIDTH="27" VPOS="1644" HPOS="2074"/>
                  <String HEIGHT="77" WIDTH="53" VPOS="1644" HPOS="1968" CONTENT=""/>
               </TextLine>
               <TextLine ID="r1l29"
                         BASELINE="546,1745 620,1746 694,1748 768,1749 842,1751 916,1752 990,1754 1064,1755 1138,1757 1212,1758 1286,1760 1360,1761 1434,1762 1508,1763 1582,1764 1656,1766 1730,1767 1804,1769 1878,1770 1952,1772 2027,1773"
                         HEIGHT="73"
                         WIDTH="1502"
                         VPOS="1712"
                         HPOS="536">
                  <String HEIGHT="73"
                          WIDTH="178"
                          VPOS="1712"
                          HPOS="511"
                          CONTENT="cum"/>
                  <SP HEIGHT="73" WIDTH="25" VPOS="1712" HPOS="689"/>
                  <String HEIGHT="73"
                          WIDTH="382"
                          VPOS="1712"
                          HPOS="612"
                          CONTENT="periculosum"/>
                  <SP HEIGHT="73" WIDTH="25" VPOS="1712" HPOS="994"/>
                  <String HEIGHT="73" WIDTH="127" VPOS="1712" HPOS="918" CONTENT="&amp;"/>
                  <SP HEIGHT="73" WIDTH="25" VPOS="1712" HPOS="1045"/>
                  <String HEIGHT="73"
                          WIDTH="331"
                          VPOS="1712"
                          HPOS="969"
                          CONTENT="illicitum"/>
                  <SP HEIGHT="73" WIDTH="25" VPOS="1712" HPOS="1300"/>
                  <String HEIGHT="73"
                          WIDTH="280"
                          VPOS="1712"
                          HPOS="1223"
                          CONTENT="existat"/>
                  <SP HEIGHT="73" WIDTH="25" VPOS="1712" HPOS="1503"/>
                  <String HEIGHT="73"
                          WIDTH="305"
                          VPOS="1712"
                          HPOS="1427"
                          CONTENT="Monacho,"/>
                  <SP HEIGHT="73" WIDTH="25" VPOS="1712" HPOS="1733"/>
                  <String HEIGHT="73"
                          WIDTH="153"
                          VPOS="1712"
                          HPOS="1656"
                          CONTENT="in"/>
                  <SP HEIGHT="73" WIDTH="25" VPOS="1712" HPOS="1809"/>
                  <String HEIGHT="73"
                          WIDTH="331"
                          VPOS="1712"
                          HPOS="1707"
                          CONTENT="multitudlne"/>
               </TextLine>
               <TextLine ID="r1l30"
                         BASELINE="542,1812 615,1814 689,1815 763,1817 837,1818 911,1820 985,1821 1058,1821 1132,1823 1206,1824 1280,1826 1354,1826 1428,1827 1502,1829 1575,1830 1649,1832 1723,1833 1797,1835 1871,1836 1945,1838 2019,1841"
                         HEIGHT="98"
                         WIDTH="1497"
                         VPOS="1762"
                         HPOS="533">
                  <String HEIGHT="98"
                          WIDTH="270"
                          VPOS="1762"
                          HPOS="508"
                          CONTENT="hominum"/>
                  <SP HEIGHT="98" WIDTH="25" VPOS="1762" HPOS="778"/>
                  <String HEIGHT="98"
                          WIDTH="270"
                          VPOS="1762"
                          HPOS="705"
                          CONTENT="diutius"/>
                  <SP HEIGHT="98" WIDTH="25" VPOS="1762" HPOS="975"/>
                  <String HEIGHT="98"
                          WIDTH="344"
                          VPOS="1762"
                          HPOS="901"
                          CONTENT="permanere,"/>
                  <SP HEIGHT="98" WIDTH="25" VPOS="1762" HPOS="1245"/>
                  <String HEIGHT="98"
                          WIDTH="147"
                          VPOS="1762"
                          HPOS="1171"
                          CONTENT="vt"/>
                  <SP HEIGHT="98" WIDTH="25" VPOS="1762" HPOS="1318"/>
                  <String HEIGHT="98"
                          WIDTH="294"
                          VPOS="1762"
                          HPOS="1245"
                          CONTENT="ostensum"/>
                  <SP HEIGHT="98" WIDTH="25" VPOS="1762" HPOS="1539"/>
                  <String HEIGHT="98"
                          WIDTH="172"
                          VPOS="1762"
                          HPOS="1466"
                          CONTENT="est"/>
                  <SP HEIGHT="98" WIDTH="25" VPOS="1762" HPOS="1637"/>
                  <String HEIGHT="98"
                          WIDTH="221"
                          VPOS="1762"
                          HPOS="1564"
                          CONTENT="supra"/>
                  <SP HEIGHT="98" WIDTH="25" VPOS="1762" HPOS="1785"/>
                  <String HEIGHT="98"
                          WIDTH="221"
                          VPOS="1762"
                          HPOS="1711"
                          CONTENT="dist."/>
                  <SP HEIGHT="98" WIDTH="25" VPOS="1762" HPOS="1932"/>
                  <String HEIGHT="98"
                          WIDTH="147"
                          VPOS="1762"
                          HPOS="1858"
                          CONTENT="1."/>
                  <SP HEIGHT="98" WIDTH="25" VPOS="1762" HPOS="2005"/>
                  <String HEIGHT="98"
                          WIDTH="147"
                          VPOS="1762"
                          HPOS="1932"
                          CONTENT="§."/>
                  <SP HEIGHT="98" WIDTH="25" VPOS="1762" HPOS="2079"/>
                  <String HEIGHT="98" WIDTH="49" VPOS="1762" HPOS="1981" CONTENT=""/>
               </TextLine>
               <TextLine ID="r1l31"
                         BASELINE="551,1878 624,1880 698,1881 772,1883 846,1884 920,1886 993,1886 1067,1887 1141,1889 1215,1890 1289,1892 1362,1893 1436,1894 1510,1896 1584,1896 1658,1898 1731,1899 1805,1901 1879,1903 1953,1905 2027,1907"
                         HEIGHT="62"
                         WIDTH="1494"
                         VPOS="1848"
                         HPOS="542">
                  <String HEIGHT="62"
                          WIDTH="199"
                          VPOS="1848"
                          HPOS="517"
                          CONTENT="Adeo"/>
                  <SP HEIGHT="62" WIDTH="25" VPOS="1848" HPOS="716"/>
                  <String HEIGHT="62"
                          WIDTH="224"
                          VPOS="1848"
                          HPOS="642"
                          CONTENT="enim;"/>
                  <SP HEIGHT="62" WIDTH="25" VPOS="1848" HPOS="866"/>
                  <String HEIGHT="62"
                          WIDTH="274"
                          VPOS="1848"
                          HPOS="791"
                          CONTENT="quomodo"/>
                  <SP HEIGHT="62" WIDTH="25" VPOS="1848" HPOS="1065"/>
                  <String HEIGHT="62"
                          WIDTH="274"
                          VPOS="1848"
                          HPOS="990"
                          CONTENT="licitum"/>
                  <SP HEIGHT="62" WIDTH="25" VPOS="1848" HPOS="1264"/>
                  <String HEIGHT="62"
                          WIDTH="199"
                          VPOS="1848"
                          HPOS="1189"
                          CONTENT="erit"/>
                  <SP HEIGHT="62" WIDTH="25" VPOS="1848" HPOS="1389"/>
                  <String HEIGHT="62"
                          WIDTH="149"
                          VPOS="1848"
                          HPOS="1314"
                          CONTENT="ei"/>
                  <SP HEIGHT="62" WIDTH="25" VPOS="1848" HPOS="1463"/>
                  <String HEIGHT="62"
                          WIDTH="274"
                          VPOS="1848"
                          HPOS="1389"
                          CONTENT="diutius"/>
                  <SP HEIGHT="62" WIDTH="25" VPOS="1848" HPOS="1663"/>
                  <String HEIGHT="62"
                          WIDTH="324"
                          VPOS="1848"
                          HPOS="1588"
                          CONTENT="permanere"/>
                  <SP HEIGHT="62" WIDTH="25" VPOS="1848" HPOS="1912"/>
                  <String HEIGHT="62"
                          WIDTH="149"
                          VPOS="1848"
                          HPOS="1837"
                          CONTENT="in"/>
                  <SP HEIGHT="62" WIDTH="25" VPOS="1848" HPOS="1986"/>
                  <String HEIGHT="62"
                          WIDTH="149"
                          VPOS="1848"
                          HPOS="1887"
                          CONTENT="stu¬"
                          SUBS_TYPE="HypPart1"
                          SUBS_CONTENT="studici"/>
                  <HYP CONTENT="-"/>
               </TextLine>
               <TextLine ID="r1l32"
                         BASELINE="543,1941 616,1943 690,1946 763,1947 837,1949 911,1950 984,1952 1058,1954 1131,1956 1205,1958 1279,1959 1352,1960 1426,1961 1499,1962 1573,1964 1647,1965 1720,1967 1794,1968 1867,1970 1941,1971 2015,1973"
                         HEIGHT="96"
                         WIDTH="1492"
                         VPOS="1901"
                         HPOS="533">
                  <String HEIGHT="96"
                          WIDTH="196"
                          VPOS="1901"
                          HPOS="509"
                          CONTENT="dici"
                          SUBS_TYPE="HypPart2"
                          SUBS_CONTENT="studici"/>
                  <SP HEIGHT="96" WIDTH="24" VPOS="1901" HPOS="704"/>
                  <String HEIGHT="96"
                          WIDTH="318"
                          VPOS="1901"
                          HPOS="631"
                          CONTENT="generali,"/>
                  <SP HEIGHT="96" WIDTH="24" VPOS="1901" HPOS="949"/>
                  <String HEIGHT="96"
                          WIDTH="171"
                          VPOS="1901"
                          HPOS="875"
                          CONTENT="vbi"/>
                  <SP HEIGHT="96" WIDTH="24" VPOS="1901" HPOS="1047"/>
                  <String HEIGHT="96"
                          WIDTH="171"
                          VPOS="1901"
                          HPOS="973"
                          CONTENT="est"/>
                  <SP HEIGHT="96" WIDTH="24" VPOS="1901" HPOS="1144"/>
                  <String HEIGHT="96"
                          WIDTH="220"
                          VPOS="1901"
                          HPOS="1071"
                          CONTENT="tanta"/>
                  <SP HEIGHT="96" WIDTH="24" VPOS="1901" HPOS="1291"/>
                  <String HEIGHT="96"
                          WIDTH="269"
                          VPOS="1901"
                          HPOS="1218"
                          CONTENT="hominum"/>
                  <SP HEIGHT="96" WIDTH="24" VPOS="1901" HPOS="1487"/>
                  <String HEIGHT="96"
                          WIDTH="342"
                          VPOS="1901"
                          HPOS="1414"
                          CONTENT="multitudos"/>
                  <SP HEIGHT="96" WIDTH="24" VPOS="1901" HPOS="1756"/>
                  <String HEIGHT="96"
                          WIDTH="171"
                          VPOS="1901"
                          HPOS="1683"
                          CONTENT="Hoc"/>
                  <SP HEIGHT="96" WIDTH="24" VPOS="1901" HPOS="1854"/>
                  <String HEIGHT="96"
                          WIDTH="269"
                          VPOS="1901"
                          HPOS="1756"
                          CONTENT="attendens"/>
               </TextLine>
               <TextLine ID="r1l33"
                         BASELINE="542,2010 615,2012 689,2013 763,2015 837,2016 911,2018 985,2019 1058,2021 1132,2022 1206,2024 1280,2025 1354,2027 1428,2028 1502,2028 1575,2031 1649,2033 1723,2034 1797,2036 1871,2037 1945,2040 2019,2042"
                         HEIGHT="104"
                         WIDTH="1496"
                         VPOS="1963"
                         HPOS="533">
                  <String HEIGHT="104"
                          WIDTH="277"
                          VPOS="1963"
                          HPOS="505"
                          CONTENT="Ecatus"/>
                  <SP HEIGHT="104" WIDTH="28" VPOS="1963" HPOS="782"/>
                  <String HEIGHT="104"
                          WIDTH="388"
                          VPOS="1963"
                          HPOS="699"
                          CONTENT="Benedictus"/>
                  <SP HEIGHT="104" WIDTH="28" VPOS="1963" HPOS="1087"/>
                  <String HEIGHT="104"
                          WIDTH="388"
                          VPOS="1963"
                          HPOS="1004"
                          CONTENT="Monachorum"/>
                  <SP HEIGHT="104" WIDTH="28" VPOS="1963" HPOS="1392"/>
                  <String HEIGHT="104"
                          WIDTH="388"
                          VPOS="1963"
                          HPOS="1309"
                          CONTENT="praeceptor"/>
                  <SP HEIGHT="104" WIDTH="28" VPOS="1963" HPOS="1697"/>
                  <String HEIGHT="104"
                          WIDTH="332"
                          VPOS="1963"
                          HPOS="1613"
                          CONTENT="eximius,"/>
                  <SP HEIGHT="104" WIDTH="28" VPOS="1963" HPOS="1946"/>
                  <String HEIGHT="104"
                          WIDTH="194"
                          VPOS="1963"
                          HPOS="1835"
                          CONTENT="licet"/>
               </TextLine>
               <TextLine ID="r1l34"
                         BASELINE="540,2078 614,2079 688,2081 762,2082 836,2084 911,2085 985,2087 1059,2087 1133,2089 1207,2090 1282,2091 1356,2093 1430,2094 1504,2096 1578,2097 1653,2099 1727,2100 1801,2102 1875,2103 1949,2105 2024,2106"
                         HEIGHT="81"
                         WIDTH="1503"
                         VPOS="2045"
                         HPOS="530">
                  <String HEIGHT="81"
                          WIDTH="273"
                          VPOS="2045"
                          HPOS="503"
                          CONTENT="nondum"/>
                  <SP HEIGHT="81" WIDTH="27" VPOS="2045" HPOS="776"/>
                  <String HEIGHT="81"
                          WIDTH="246"
                          VPOS="2045"
                          HPOS="694"
                          CONTENT="esset"/>
                  <SP HEIGHT="81" WIDTH="27" VPOS="2045" HPOS="940"/>
                  <String HEIGHT="81"
                          WIDTH="355"
                          VPOS="2045"
                          HPOS="858"
                          CONTENT="Monachus,"/>
                  <SP HEIGHT="81" WIDTH="27" VPOS="2045" HPOS="1213"/>
                  <String HEIGHT="81"
                          WIDTH="191"
                          VPOS="2045"
                          HPOS="1131"
                          CONTENT="sed"/>
                  <SP HEIGHT="81" WIDTH="27" VPOS="2045" HPOS="1322"/>
                  <String HEIGHT="81"
                          WIDTH="246"
                          VPOS="2045"
                          HPOS="1241"
                          CONTENT="animo"/>
                  <SP HEIGHT="81" WIDTH="27" VPOS="2045" HPOS="1486"/>
                  <String HEIGHT="81"
                          WIDTH="273"
                          VPOS="2045"
                          HPOS="1404"
                          CONTENT="tantum"/>
                  <SP HEIGHT="81" WIDTH="27" VPOS="2045" HPOS="1678"/>
                  <String HEIGHT="81"
                          WIDTH="410"
                          VPOS="2045"
                          HPOS="1596"
                          CONTENT="Religiosus;"/>
                  <SP HEIGHT="81" WIDTH="27" VPOS="2045" HPOS="2006"/>
                  <String HEIGHT="81"
                          WIDTH="137"
                          VPOS="2045"
                          HPOS="1896"
                          CONTENT="cum"/>
               </TextLine>
               <TextLine ID="r1l35"
                         BASELINE="542,2145 615,2147 689,2148 763,2149 836,2151 910,2152 984,2153 1057,2155 1131,2156 1205,2159 1279,2160 1352,2160 1426,2162 1500,2163 1573,2165 1647,2166 1721,2168 1794,2169 1868,2171 1942,2172 2016,2174"
                         HEIGHT="100"
                         WIDTH="1493"
                         VPOS="2098"
                         HPOS="533">
                  <String HEIGHT="100"
                          WIDTH="147"
                          VPOS="2098"
                          HPOS="509"
                          CONTENT="in"/>
                  <SP HEIGHT="100" WIDTH="24" VPOS="2098" HPOS="655"/>
                  <String HEIGHT="100"
                          WIDTH="245"
                          VPOS="2098"
                          HPOS="582"
                          CONTENT="studio"/>
                  <SP HEIGHT="100" WIDTH="24" VPOS="2098" HPOS="827"/>
                  <String HEIGHT="100"
                          WIDTH="294"
                          VPOS="2098"
                          HPOS="753"
                          CONTENT="generali"/>
                  <SP HEIGHT="100" WIDTH="24" VPOS="2098" HPOS="1047"/>
                  <String HEIGHT="100"
                          WIDTH="220"
                          VPOS="2098"
                          HPOS="974"
                          CONTENT="Romae"/>
                  <SP HEIGHT="100" WIDTH="24" VPOS="2098" HPOS="1194"/>
                  <String HEIGHT="100"
                          WIDTH="318"
                          VPOS="2098"
                          HPOS="1120"
                          CONTENT="studeret,"/>
                  <SP HEIGHT="100" WIDTH="24" VPOS="2098" HPOS="1439"/>
                  <String HEIGHT="100"
                          WIDTH="245"
                          VPOS="2098"
                          HPOS="1365"
                          CONTENT="timens"/>
                  <SP HEIGHT="100" WIDTH="24" VPOS="2098" HPOS="1610"/>
                  <String HEIGHT="100"
                          WIDTH="147"
                          VPOS="2098"
                          HPOS="1536"
                          CONTENT="ne"/>
                  <SP HEIGHT="100" WIDTH="24" VPOS="2098" HPOS="1683"/>
                  <String HEIGHT="100"
                          WIDTH="147"
                          VPOS="2098"
                          HPOS="1610"
                          CONTENT="si"/>
                  <SP HEIGHT="100" WIDTH="24" VPOS="2098" HPOS="1757"/>
                  <String HEIGHT="100"
                          WIDTH="220"
                          VPOS="2098"
                          HPOS="1683"
                          CONTENT="forte"/>
                  <SP HEIGHT="100" WIDTH="24" VPOS="2098" HPOS="1904"/>
                  <String HEIGHT="100"
                          WIDTH="220"
                          VPOS="2098"
                          HPOS="1806"
                          CONTENT="propter"/>
               </TextLine>
               <TextLine ID="r1l36"
                         BASELINE="539,2211 616,2213 694,2214 772,2216 850,2218 928,2219 1006,2221 1083,2223 1161,2224 1239,2226 1317,2228 1395,2229 1473,2230 1550,2232 1628,2233 1706,2235 1784,2237 1862,2238 1940,2240 2018,2241"
                         HEIGHT="97"
                         WIDTH="1498"
                         VPOS="2178"
                         HPOS="530">
                  <String HEIGHT="97"
                          WIDTH="461"
                          VPOS="2178"
                          HPOS="501"
                          CONTENT="multitudinem"/>
                  <SP HEIGHT="97" WIDTH="29" VPOS="2178" HPOS="962"/>
                  <String HEIGHT="97"
                          WIDTH="346"
                          VPOS="2178"
                          HPOS="876"
                          CONTENT="hominum,"/>
                  <SP HEIGHT="97" WIDTH="29" VPOS="2178" HPOS="1221"/>
                  <String HEIGHT="97" WIDTH="144" VPOS="2178" HPOS="1135" CONTENT="&amp;"/>
                  <SP HEIGHT="97" WIDTH="29" VPOS="2178" HPOS="1279"/>
                  <String HEIGHT="97"
                          WIDTH="259"
                          VPOS="2178"
                          HPOS="1193"
                          CONTENT="eorum"/>
                  <SP HEIGHT="97" WIDTH="29" VPOS="2178" HPOS="1452"/>
                  <String HEIGHT="97"
                          WIDTH="432"
                          VPOS="2178"
                          HPOS="1365"
                          CONTENT="frequentiam"/>
                  <SP HEIGHT="97" WIDTH="29" VPOS="2178" HPOS="1798"/>
                  <String HEIGHT="97"
                          WIDTH="317"
                          VPOS="2178"
                          HPOS="1711"
                          CONTENT="aliquid"/>
                  <SP HEIGHT="97" WIDTH="29" VPOS="2178" HPOS="2028"/>
                  <String HEIGHT="97"
                          WIDTH="115"
                          VPOS="2178"
                          HPOS="1913"
                          CONTENT="de"/>
               </TextLine>
               <TextLine ID="r1l37"
                         BASELINE="546,2279 619,2280 693,2283 766,2285 840,2286 914,2287 987,2289 1061,2289 1135,2291 1208,2292 1282,2294 1356,2295 1429,2297 1503,2297 1577,2298 1650,2300 1724,2301 1798,2304 1871,2306 1945,2307 2019,2309"
                         HEIGHT="108"
                         WIDTH="1492"
                         VPOS="2233"
                         HPOS="537">
                  <String HEIGHT="108"
                          WIDTH="309"
                          VPOS="2233"
                          HPOS="511"
                          CONTENT="scientia"/>
                  <SP HEIGHT="108" WIDTH="26" VPOS="2233" HPOS="820"/>
                  <String HEIGHT="108"
                          WIDTH="232"
                          VPOS="2233"
                          HPOS="743"
                          CONTENT="mundi"/>
                  <SP HEIGHT="108" WIDTH="26" VPOS="2233" HPOS="974"/>
                  <String HEIGHT="108"
                          WIDTH="386"
                          VPOS="2233"
                          HPOS="897"
                          CONTENT="attingeret,"/>
                  <SP HEIGHT="108" WIDTH="26" VPOS="2233" HPOS="1283"/>
                  <String HEIGHT="108"
                          WIDTH="334"
                          VPOS="2233"
                          HPOS="1206"
                          CONTENT="postmodum"/>
                  <SP HEIGHT="108" WIDTH="26" VPOS="2233" HPOS="1540"/>
                  <String HEIGHT="108"
                          WIDTH="154"
                          VPOS="2233"
                          HPOS="1463"
                          CONTENT="in"/>
                  <SP HEIGHT="108" WIDTH="26" VPOS="2233" HPOS="1617"/>
                  <String HEIGHT="108"
                          WIDTH="257"
                          VPOS="2233"
                          HPOS="1540"
                          CONTENT="immane"/>
                  <SP HEIGHT="108" WIDTH="26" VPOS="2233" HPOS="1797"/>
                  <String HEIGHT="108"
                          WIDTH="334"
                          VPOS="2233"
                          HPOS="1695"
                          CONTENT="praecipitum"/>
               </TextLine>
               <TextLine ID="r1l38"
                         BASELINE="548,2345 621,2346 694,2349 767,2351 840,2352 914,2354 987,2355 1060,2357 1133,2358 1206,2360 1280,2361 1353,2361 1426,2363 1499,2364 1572,2366 1646,2367 1719,2369 1792,2372 1865,2373 1938,2376 2012,2379"
                         HEIGHT="81"
                         WIDTH="1483"
                         VPOS="2313"
                         HPOS="539">
                  <String HEIGHT="81"
                          WIDTH="215"
                          VPOS="2313"
                          HPOS="515"
                          CONTENT="torus"/>
                  <SP HEIGHT="81" WIDTH="24" VPOS="2313" HPOS="730"/>
                  <String HEIGHT="81"
                          WIDTH="215"
                          VPOS="2313"
                          HPOS="659"
                          CONTENT="iret;"/>
                  <SP HEIGHT="81" WIDTH="24" VPOS="2313" HPOS="874"/>
                  <String HEIGHT="81"
                          WIDTH="263"
                          VPOS="2313"
                          HPOS="802"
                          CONTENT="idcireo"/>
                  <SP HEIGHT="81" WIDTH="24" VPOS="2313" HPOS="1065"/>
                  <String HEIGHT="81"
                          WIDTH="239"
                          VPOS="2313"
                          HPOS="993"
                          CONTENT="potius"/>
                  <SP HEIGHT="81" WIDTH="24" VPOS="2313" HPOS="1233"/>
                  <String HEIGHT="81"
                          WIDTH="263"
                          VPOS="2313"
                          HPOS="1161"
                          CONTENT="eligens"/>
                  <SP HEIGHT="81" WIDTH="24" VPOS="2313" HPOS="1424"/>
                  <String HEIGHT="81"
                          WIDTH="287"
                          VPOS="2313"
                          HPOS="1352"
                          CONTENT="scientia"/>
                  <SP HEIGHT="81" WIDTH="24" VPOS="2313" HPOS="1639"/>
                  <String HEIGHT="81"
                          WIDTH="311"
                          VPOS="2313"
                          HPOS="1568"
                          CONTENT="literarum"/>
                  <SP HEIGHT="81" WIDTH="24" VPOS="2313" HPOS="1878"/>
                  <String HEIGHT="81"
                          WIDTH="263"
                          VPOS="2313"
                          HPOS="1807"
                          CONTENT="carere,"/>
                  <SP HEIGHT="81" WIDTH="24" VPOS="2313" HPOS="2070"/>
                  <String HEIGHT="81" WIDTH="48" VPOS="2313" HPOS="1974" CONTENT=""/>
               </TextLine>
               <TextLine ID="r1l39"
                         BASELINE="551,2412 624,2414 697,2416 771,2418 844,2420 917,2421 991,2423 1064,2424 1137,2426 1211,2427 1284,2428 1357,2429 1431,2430 1504,2432 1577,2433 1651,2434 1724,2435 1797,2436 1871,2438 1944,2439 2018,2441"
                         HEIGHT="66"
                         WIDTH="1487"
                         VPOS="2378"
                         HPOS="541">
                  <String HEIGHT="66"
                          WIDTH="178"
                          VPOS="2378"
                          HPOS="519"
                          CONTENT="quam"/>
                  <SP HEIGHT="66" WIDTH="22" VPOS="2378" HPOS="696"/>
                  <String HEIGHT="66" WIDTH="133" VPOS="2378" HPOS="630" CONTENT="in"/>
                  <SP HEIGHT="66" WIDTH="22" VPOS="2378" HPOS="763"/>
                  <String HEIGHT="66"
                          WIDTH="355"
                          VPOS="2378"
                          HPOS="696"
                          CONTENT="praecipitium"/>
                  <SP HEIGHT="66" WIDTH="22" VPOS="2378" HPOS="1051"/>
                  <String HEIGHT="66"
                          WIDTH="178"
                          VPOS="2378"
                          HPOS="985"
                          CONTENT="ire;"/>
                  <SP HEIGHT="66" WIDTH="22" VPOS="2378" HPOS="1162"/>
                  <String HEIGHT="66"
                          WIDTH="266"
                          VPOS="2378"
                          HPOS="1096"
                          CONTENT="recessit"/>
                  <SP HEIGHT="66" WIDTH="22" VPOS="2378" HPOS="1362"/>
                  <String HEIGHT="66" WIDTH="111" VPOS="2378" HPOS="1296" CONTENT="a"/>
                  <SP HEIGHT="66" WIDTH="22" VPOS="2378" HPOS="1407"/>
                  <String HEIGHT="66"
                          WIDTH="222"
                          VPOS="2378"
                          HPOS="1340"
                          CONTENT="studio"/>
                  <SP HEIGHT="66" WIDTH="22" VPOS="2378" HPOS="1562"/>
                  <String HEIGHT="66"
                          WIDTH="289"
                          VPOS="2378"
                          HPOS="1495"
                          CONTENT="literarum"/>
                  <SP HEIGHT="66" WIDTH="22" VPOS="2378" HPOS="1784"/>
                  <String HEIGHT="66"
                          WIDTH="266"
                          VPOS="2378"
                          HPOS="1717"
                          CONTENT="scienter"/>
                  <SP HEIGHT="66" WIDTH="22" VPOS="2378" HPOS="1984"/>
                  <String HEIGHT="66"
                          WIDTH="133"
                          VPOS="2378"
                          HPOS="1895"
                          CONTENT="nes¬"
                          SUBS_TYPE="HypPart1"
                          SUBS_CONTENT="nescius,"/>
                  <HYP CONTENT="-"/>
               </TextLine>
               <TextLine ID="r1l40"
                         BASELINE="549,2477 622,2480 696,2483 770,2484 844,2487 917,2489 991,2490 1065,2491 1139,2492 1212,2493 1286,2495 1360,2496 1434,2498 1507,2498 1581,2499 1655,2501 1729,2502 1802,2505 1876,2507 1950,2510 2024,2513"
                         HEIGHT="84"
                         WIDTH="1496"
                         VPOS="2448"
                         HPOS="539">
                  <String HEIGHT="84"
                          WIDTH="207"
                          VPOS="2448"
                          HPOS="516"
                          CONTENT="cius,"
                          SUBS_TYPE="HypPart2"
                          SUBS_CONTENT="nescius,"/>
                  <SP HEIGHT="84" WIDTH="23" VPOS="2448" HPOS="723"/>
                  <String HEIGHT="84" WIDTH="115" VPOS="2448" HPOS="654" CONTENT="&amp;"/>
                  <SP HEIGHT="84" WIDTH="23" VPOS="2448" HPOS="769"/>
                  <String HEIGHT="84"
                          WIDTH="299"
                          VPOS="2448"
                          HPOS="700"
                          CONTENT="scpienter"/>
                  <SP HEIGHT="84" WIDTH="23" VPOS="2448" HPOS="999"/>
                  <String HEIGHT="84"
                          WIDTH="299"
                          VPOS="2448"
                          HPOS="930"
                          CONTENT="indoctus,"/>
                  <SP HEIGHT="84" WIDTH="23" VPOS="2448" HPOS="1229"/>
                  <String HEIGHT="84"
                          WIDTH="138"
                          VPOS="2448"
                          HPOS="1160"
                          CONTENT="vt"/>
                  <SP HEIGHT="84" WIDTH="23" VPOS="2448" HPOS="1299"/>
                  <String HEIGHT="84"
                          WIDTH="230"
                          VPOS="2448"
                          HPOS="1229"
                          CONTENT="narrat"/>
                  <SP HEIGHT="84" WIDTH="23" VPOS="2448" HPOS="1460"/>
                  <String HEIGHT="84"
                          WIDTH="138"
                          VPOS="2448"
                          HPOS="1391"
                          CONTENT="de"/>
                  <SP HEIGHT="84" WIDTH="23" VPOS="2448" HPOS="1529"/>
                  <String HEIGHT="84"
                          WIDTH="184"
                          VPOS="2448"
                          HPOS="1460"
                          CONTENT="ipso"/>
                  <SP HEIGHT="84" WIDTH="23" VPOS="2448" HPOS="1644"/>
                  <String HEIGHT="84"
                          WIDTH="299"
                          VPOS="2448"
                          HPOS="1575"
                          CONTENT="Gregorius"/>
                  <SP HEIGHT="84" WIDTH="23" VPOS="2448" HPOS="1874"/>
                  <String HEIGHT="84"
                          WIDTH="138"
                          VPOS="2448"
                          HPOS="1805"
                          CONTENT="in"/>
                  <SP HEIGHT="84" WIDTH="23" VPOS="2448" HPOS="1943"/>
                  <String HEIGHT="84"
                          WIDTH="184"
                          VPOS="2448"
                          HPOS="1851"
                          CONTENT="Dialo¬"
                          SUBS_TYPE="HypPart1"
                          SUBS_CONTENT="Dialogo"/>
                  <HYP CONTENT="-"/>
               </TextLine>
               <TextLine ID="r1l41"
                         BASELINE="539,2541 566,2541 593,2543 621,2546 648,2547 676,2549 703,2550 731,2550"
                         HEIGHT="82"
                         WIDTH="214"
                         VPOS="2498"
                         HPOS="528">
                  <String HEIGHT="82"
                          WIDTH="117"
                          VPOS="2498"
                          HPOS="509"
                          CONTENT="go"
                          SUBS_TYPE="HypPart2"
                          SUBS_CONTENT="Dialogo"/>
                  <SP HEIGHT="82" WIDTH="19" VPOS="2498" HPOS="625"/>
                  <String HEIGHT="82"
                          WIDTH="156"
                          VPOS="2498"
                          HPOS="567"
                          CONTENT="lib."/>
                  <SP HEIGHT="82" WIDTH="19" VPOS="2498" HPOS="723"/>
                  <String HEIGHT="82" WIDTH="117" VPOS="2498" HPOS="664" CONTENT="2."/>
                  <SP HEIGHT="82" WIDTH="19" VPOS="2498" HPOS="781"/>
                  <String HEIGHT="82" WIDTH="39" VPOS="2498" HPOS="703" CONTENT=""/>
               </TextLine>
               <TextLine ID="r1l42"
                         BASELINE="638,2610 707,2613 776,2616 845,2618 914,2620 983,2622 1052,2624 1121,2625 1190,2627 1259,2628 1328,2628 1397,2630 1466,2631 1535,2632 1604,2633 1673,2634 1742,2636 1811,2637 1880,2640 1949,2642 2018,2645"
                         HEIGHT="108"
                         WIDTH="1399"
                         VPOS="2570"
                         HPOS="629">
                  <String HEIGHT="108"
                          WIDTH="147"
                          VPOS="2570"
                          HPOS="604"
                          CONTENT="§."/>
                  <SP HEIGHT="108" WIDTH="25" VPOS="2570" HPOS="752"/>
                  <String HEIGHT="108"
                          WIDTH="172"
                          VPOS="2570"
                          HPOS="678"
                          CONTENT="Sed"/>
                  <SP HEIGHT="108" WIDTH="25" VPOS="2570" HPOS="850"/>
                  <String HEIGHT="108"
                          WIDTH="245"
                          VPOS="2570"
                          HPOS="776"
                          CONTENT="iterum"/>
                  <SP HEIGHT="108" WIDTH="25" VPOS="2570" HPOS="1022"/>
                  <String HEIGHT="108"
                          WIDTH="295"
                          VPOS="2570"
                          HPOS="948"
                          CONTENT="obijciet"/>
                  <SP HEIGHT="108" WIDTH="25" VPOS="2570" HPOS="1243"/>
                  <String HEIGHT="108"
                          WIDTH="172"
                          VPOS="2570"
                          HPOS="1169"
                          CONTENT="Vir"/>
                  <SP HEIGHT="108" WIDTH="25" VPOS="2570" HPOS="1341"/>
                  <String HEIGHT="108"
                          WIDTH="344"
                          VPOS="2570"
                          HPOS="1267"
                          CONTENT="Regularis,"/>
                  <SP HEIGHT="108" WIDTH="25" VPOS="2570" HPOS="1611"/>
                  <String HEIGHT="108"
                          WIDTH="319"
                          VPOS="2570"
                          HPOS="1537"
                          CONTENT="Cathedrae"/>
                  <SP HEIGHT="108" WIDTH="25" VPOS="2570" HPOS="1856"/>
                  <String HEIGHT="108"
                          WIDTH="270"
                          VPOS="2570"
                          HPOS="1758"
                          CONTENT="Magistra¬"
                          SUBS_TYPE="HypPart1"
                          SUBS_CONTENT="Magistralis"/>
                  <HYP CONTENT="-"/>
               </TextLine>
               <TextLine ID="r1l43"
                         BASELINE="545,2676 619,2679 693,2682 767,2684 842,2687 916,2688 990,2690 1064,2693 1139,2694 1213,2696 1287,2697 1361,2699 1436,2700 1510,2701 1584,2702 1658,2703 1733,2705 1807,2706 1881,2708 1955,2709 2030,2711"
                         HEIGHT="121"
                         WIDTH="1506"
                         VPOS="2626"
                         HPOS="535">
                  <String HEIGHT="121"
                          WIDTH="170"
                          VPOS="2626"
                          HPOS="511"
                          CONTENT="lis"
                          SUBS_TYPE="HypPart2"
                          SUBS_CONTENT="Magistralis"/>
                  <SP HEIGHT="121" WIDTH="24" VPOS="2626" HPOS="681"/>
                  <String HEIGHT="121"
                          WIDTH="243"
                          VPOS="2626"
                          HPOS="608"
                          CONTENT="Amator"/>
                  <SP HEIGHT="121" WIDTH="24" VPOS="2626" HPOS="851"/>
                  <String HEIGHT="121"
                          WIDTH="267"
                          VPOS="2626"
                          HPOS="778"
                          CONTENT="dicens."/>
                  <SP HEIGHT="121" WIDTH="24" VPOS="2626" HPOS="1045"/>
                  <String HEIGHT="121"
                          WIDTH="219"
                          VPOS="2626"
                          HPOS="972"
                          CONTENT="Nonne"/>
                  <SP HEIGHT="121" WIDTH="24" VPOS="2626" HPOS="1191"/>
                  <String HEIGHT="121"
                          WIDTH="267"
                          VPOS="2626"
                          HPOS="1118"
                          CONTENT="expedit"/>
                  <SP HEIGHT="121" WIDTH="24" VPOS="2626" HPOS="1385"/>
                  <String HEIGHT="121"
                          WIDTH="316"
                          VPOS="2626"
                          HPOS="1312"
                          CONTENT="Ecclesiae"/>
                  <SP HEIGHT="121" WIDTH="24" VPOS="2626" HPOS="1628"/>
                  <String HEIGHT="121"
                          WIDTH="194"
                          VPOS="2626"
                          HPOS="1555"
                          CONTENT="Dei,"/>
                  <SP HEIGHT="121" WIDTH="24" VPOS="2626" HPOS="1750"/>
                  <String HEIGHT="121"
                          WIDTH="194"
                          VPOS="2626"
                          HPOS="1677"
                          CONTENT="quod"/>
                  <SP HEIGHT="121" WIDTH="24" VPOS="2626" HPOS="1871"/>
                  <String HEIGHT="121"
                          WIDTH="170"
                          VPOS="2626"
                          HPOS="1798"
                          CONTENT="Vir"/>
                  <SP HEIGHT="121" WIDTH="24" VPOS="2626" HPOS="1968"/>
                  <String HEIGHT="121"
                          WIDTH="170"
                          VPOS="2626"
                          HPOS="1871"
                          CONTENT="prae¬"
                          SUBS_TYPE="HypPart1"
                          SUBS_CONTENT="praedicare"/>
                  <HYP CONTENT="-"/>
               </TextLine>
               <TextLine ID="r1l44"
                         BASELINE="537,2744 611,2747 685,2750 760,2754 834,2756 908,2759 983,2760 1057,2762 1131,2763 1206,2765 1280,2766 1354,2768 1429,2769 1503,2771 1577,2772 1652,2774 1726,2775 1800,2778 1875,2781 1949,2784 2024,2787"
                         HEIGHT="85"
                         WIDTH="1508"
                         VPOS="2711"
                         HPOS="526">
                  <String HEIGHT="85"
                          WIDTH="247"
                          VPOS="2711"
                          HPOS="501"
                          CONTENT="dicare"
                          SUBS_TYPE="HypPart2"
                          SUBS_CONTENT="praedicare"/>
                  <SP HEIGHT="85" WIDTH="25" VPOS="2711" HPOS="748"/>
                  <String HEIGHT="85"
                          WIDTH="272"
                          VPOS="2711"
                          HPOS="674"
                          CONTENT="sciens,"/>
                  <SP HEIGHT="85" WIDTH="25" VPOS="2711" HPOS="946"/>
                  <String HEIGHT="85"
                          WIDTH="222"
                          VPOS="2711"
                          HPOS="872"
                          CONTENT="licet"/>
                  <SP HEIGHT="85" WIDTH="25" VPOS="2711" HPOS="1095"/>
                  <String HEIGHT="85"
                          WIDTH="321"
                          VPOS="2711"
                          HPOS="1020"
                          CONTENT="Regularis"/>
                  <SP HEIGHT="85" WIDTH="25" VPOS="2711" HPOS="1342"/>
                  <String HEIGHT="85"
                          WIDTH="297"
                          VPOS="2711"
                          HPOS="1268"
                          CONTENT="existat,"/>
                  <SP HEIGHT="85" WIDTH="25" VPOS="2711" HPOS="1564"/>
                  <String HEIGHT="85"
                          WIDTH="371"
                          VPOS="2711"
                          HPOS="1490"
                          CONTENT="promoucatur"/>
                  <SP HEIGHT="85" WIDTH="25" VPOS="2711" HPOS="1861"/>
                  <String HEIGHT="85"
                          WIDTH="148"
                          VPOS="2711"
                          HPOS="1787"
                          CONTENT="ad"/>
                  <SP HEIGHT="85" WIDTH="25" VPOS="2711" HPOS="1935"/>
                  <String HEIGHT="85"
                          WIDTH="198"
                          VPOS="2711"
                          HPOS="1836"
                          CONTENT="Cathe¬"/>
               </TextLine>
            </TextBlock>
         </PrintSpace>
      </Page>
   </Layout>
</alto>
