2592 3508
537 124 301 151 siasticae
768 124 347 151 Hierarchiae
1046 124 162 151 (id
1139 124 185 151 est,
1255 124 139 151 in
1324 124 208 151 statu
1463 124 301 151 Monachali
1695 124 417 151 subiectiinisi;

535 238 274 95 fuerint
735 238 150 95 ab
809 238 374 95 Ecclesiarum
1109 238 324 95 Praelatis
1358 238 299 95 canonice
1582 238 349 95 destinati;
1832 238 224 95 quoniam

554 305 145 79 ex
626 305 170 79 hoc
723 305 339 79 turbaretur
990 305 121 79 &
1038 305 412 79 confunderetur
1377 305 412 79 Ecclesiastica
1692 305 339 79 Hierarchia,;

554 386 134 84 vt
621 386 269 84 ostensum
822 386 157 84 est
912 386 202 84 supra
1047 386 202 84 dist.
1181 386 134 84 I.
1248 386 134 84 ab
1316 386 179 84 illb
1428 386 134 84 §.
1495 386 157 84 Sed
1584 386 202 84 dato,
1719 386 202 84 vsque
1853 386 134 84 ad
1898 386 157 84 illum

548 441 137 88 §.
617 441 205 88 Verum
753 441 137 88 si
822 441 342 88 Hierarchis;
1095 441 114 88 &
1141 441 205 88 supra
1277 441 182 88 ead.
1391 441 205 88 dist.
1528 441 159 88 12.
1619 441 205 88 Signo
1756 441 137 88 §.
1824 441 159 88 Cum
1893 441 159 88 etiam

543 497 366 84 Ecclesiastica
845 497 323 84 Hierarchia.

615 546 136 102 §.
683 546 204 102 Item.
819 546 227 102 Illis,
978 546 159 102 qui
1068 546 227 102 statum
1227 546 340 102 humilitatis
1499 546 295 102 elegerunt
1725 546 159 102 Tvt
1816 546 181 102 sunt
1907 546 113 102 Re¬-

541 645 266 73 gulares
734 645 218 73 Viri,
880 645 169 73 qui
976 645 242 73 Graece
1146 645 266 73 Monachi
1339 645 387 73 appellantur,
1654 645 218 73 prout
1775 645 266 73 ostendsum

554 703 146 68 est
638 703 188 68 supra
763 703 188 68 dist.
888 703 125 68 1.
951 703 125 68 §.
1014 703 167 68 Item
1118 703 209 68 certum
1264 703 167 68 est)
1369 703 167 68 etsi
1473 703 209 68 forsan
1619 703 230 68 liceret
1786 703 146 68 iis
1849 703 188 68 publice

543 765 289 73 docere,
753 765 131 73 &
805 765 341 73 Magistros
1068 765 420 73 Scholasticos
1410 765 236 73 esse;
1567 765 236 73 tamen
1725 765 184 73 non
1804 765 236 73 expedit

538 843 315 90 animabus
774 843 263 90 eorum;
958 843 289 90 quoniam
1168 843 158 90 in
1247 843 236 90 statu
1404 843 315 90 Doctorum
1640 843 368 90 frequenter
1903 843 131 90 pe¬-

542 912 330 71 riclitatur
801 912 330 71 humilitas,
1060 912 188 71 quae
1178 912 141 71 in
1249 912 212 71 statu
1390 912 330 71 Auditorum;
1649 912 165 71 seu
1743 912 353 71 discentium;

546 958 275 75 facilius
753 958 367 75 conseruatur,
1051 958 138 75 vt
1120 958 275 75 ostensum
1326 958 161 75 est
1418 958 206 75 supra
1556 958 252 75 ibidem.

607 1026 152 75 §.
683 1026 203 75 Item
809 1026 253 75 certum
987 1026 203 75 est,
1113 1026 203 75 quod
1240 1026 380 75 Magisterium
1544 1026 203 75 (seu
1671 1026 279 75 publice
1848 1026 203 75 docen¬-

530 1104 167 71 di,
626 1104 167 71 seu
721 1104 263 71 publice
913 1104 359 71 praedicandi
1200 1104 311 71 officium)
1439 1104 215 71 honor
1583 1104 191 71 est,
1702 1104 191 71 siue
1798 1104 239 71 officium

537 1154 270 98 honoris,
739 1154 112 98 &
784 1154 360 98 altitudinis,
1076 1154 135 98 vt
1144 1154 270 98 ostensum
1346 1154 157 98 est
1436 1154 202 98 supra
1571 1154 202 98 dist.
1706 1154 135 98 1.
1773 1154 135 98 §.
1841 1154 180 98 Non;
1931 1154 112 98 so¬-

533 1222 168 97 lum
629 1222 240 97 autem.
797 1222 192 97 Viri
917 1222 192 97 ergo
1037 1222 312 97 Regulares
1277 1222 192 97 (qui
1398 1222 288 97 Pauperes
1614 1222 264 97 spiritu
1806 1222 144 97 se
1854 1222 192 97 appel¬-

541 1291 211 89 lant)
681 1291 164 89 non
775 1291 234 89 debent
938 1291 140 89 se
1009 1291 257 89 erigere
1196 1291 140 89 ad
1266 1291 351 89 altitudinem
1547 1291 351 89 Magisterii,
1827 1291 164 89 nec
1898 1291 140 89 pro¬-

542 1361 180 86 pter
655 1361 158 86 hoc
745 1361 270 86 discere,
948 1361 135 86 vt
1016 1361 203 86 siant
1151 1361 293 86 Magistri;
1376 1361 270 86 alioquin
1579 1361 270 86 Pauperes
1782 1361 248 86 spiritu
1939 1361 113 86 non

536 1420 209 71 sunt;
675 1420 162 71 sed
768 1420 232 71 verius
930 1420 348 71 Arrogantes,
1208 1420 116 71 &
1255 1420 278 71 inaniter
1463 1420 301 71 gloriosi.
1695 1420 186 71 Nam;
1811 1420 209 71 sicut
1927 1420 116 71 di¬-

539 1493 156 70 cit
628 1493 224 70 Gloss.
785 1493 201 70 super
919 1493 201 70 illud
1053 1493 224 70 Matth.
1209 1493 134 70 5.
1276 1493 201 70 Beati
1410 1493 268 70 pauperes
1612 1493 291 70 spiritis,
1835 1493 291 70 PAVPERES¬

550 1554 210 93 piritu
697 1554 126 93 ad
760 1554 189 93 nulla
886 1554 168 93 alta
991 1554 126 93 se
1054 1554 252 93 erigunt;
1243 1554 147 93 sed
1327 1554 168 93 quae
1432 1554 231 93 timoris
1600 1554 168 93 sunt
1705 1554 105 93 &
1747 1554 336 93 humilitatis,

532 1619 286 64 excolunt.

625 1674 153 90 §.
701 1674 153 90 Ad
777 1674 408 90 cognoscendum
1109 1674 229 90 etiam
1262 1674 382 90 arrogantiam
1568 1674 459 90 Praedicatoris,
1925 1674 127 90 se¬-

535 1747 223 96 ipsum
684 1747 347 96 extollere,
957 1747 174 96 vel
1056 1747 322 96 ostentare
1304 1747 322 96 volentis;
1552 1747 322 96 notandum,
1800 1747 198 96 quod
1899 1747 149 96 qui¬-

545 1832 179 76 dam
648 1832 154 76 ad
725 1832 307 76 sermonem
955 1832 461 76 praedicationis
1339 1832 307 76 veniunt,
1570 1832 282 76 tamquam
1775 1832 154 76 ad
1826 1832 205 76 canti¬-

544 1883 223 74 lenas
693 1883 347 74 audiendas,
966 1883 199 74 siue
1090 1883 149 74 ad
1165 1883 273 74 cantica
1363 1883 372 74 Theatrorum;
1661 1883 347 74 videlicet,
1909 1883 124 74 non

540 1967 150 60 vt
615 1967 274 60 faciant
814 1967 200 60 quae
939 1967 324 60 dicuntur;
1189 1967 175 60 sed
1289 1967 150 60 vt
1363 1967 150 60 in
1438 1967 299 60 audiendo
1663 1967 349 60 tantummodo
1912 1967 125 60 de¬-

536 2017 328 78 lectentur.
793 2017 141 78 De
864 2017 234 78 quibus
1028 2017 211 78 dicit
1169 2017 258 78 Dominus
1356 2017 281 78 Exechel.
1567 2017 164 78 33.
1661 2017 211 78 Filii
1802 2017 281 78 hominis,

535 2082 257 70 audiunt
722 2082 281 70 sermones
932 2082 210 70 tuos,
1072 2082 117 70 &
1119 2082 164 70 non
1213 2082 257 70 faciunt
1400 2082 187 70 eos;
1517 2082 187 70 quia
1634 2082 140 70 in
1704 2082 281 70 eanticum
1891 2082 140 70 oris

530 2149 159 98 sui
621 2149 250 98 vertunt
803 2149 227 98 illos,
961 2149 113 98 &
1007 2149 295 98 auaritiam
1234 2149 272 98 sequitur
1438 2149 159 98 cor
1529 2149 227 98 eorum,
1688 2149 113 98 &
1733 2149 136 98 es
1801 2149 159 98 eis
1869 2149 159 98 quasi

541 2219 233 66 carmen
704 2219 279 66 musicum,
913 2219 186 66 quod
1030 2219 210 66 suaui
1169 2219 279 66 dulcique
1379 2219 186 66 sono
1495 2219 279 66 canitur.
1705 2219 210 66 Tales
1821 2219 210 66 Audito¬-

529 2281 178 81 res
630 2281 228 81 petsi
782 2281 457 81 praedicationem
1163 2281 254 81 semper
1340 2281 304 81 laudent,
1568 2281 228 81 tamen
1721 2281 279 81 propter
1898 2281 127 81 eam

533 2353 241 89 vitam
694 2353 214 89 suam
828 2353 348 89 peruersam
1095 2353 187 89 non
1202 2353 294 89 mutant.
1416 2353 187 89 Qui
1523 2353 214 89 ergo
1657 2353 294 89 talibus
1845 2353 187 89 Audi¬-

529 2416 266 92 toribus
722 2416 338 92 praedicare
988 2416 169 92 non
1084 2416 290 92 cessant;
1302 2416 169 92 non
1398 2416 169 92 tam
1495 2416 338 92 proficere,
1760 2416 193 92 quam
1857 2416 169 92 seip¬-

528 2475 184 84 sos
633 2475 369 84 ostentare,
923 2475 290 84 tamquam
1133 2475 369 84 Arrogantes
1423 2475 395 84 desiderant.
1739 2475 211 84 Vnde
1845 2475 184 84 super

535 2545 209 105 illud
674 2545 163 105 Iob
767 2545 163 105 31.
860 2545 139 105 Si
930 2545 232 105 expaui
1092 2545 139 105 ad
1162 2545 372 105 multitudinem
1464 2545 256 105 nimiam,
1650 2545 209 105 dicit
1766 2545 256 105 Gregorius

531 2609 138 93 in
600 2609 184 93 lib.
715 2609 161 93 22.
807 2609 230 93 Moral.
968 2609 253 93 Quoties
1152 2609 299 93 Auditores
1383 2609 230 93 nostri
1544 2609 230 93 nostra
1705 2609 253 93 volunt,
1866 2609 161 93 quasi

526 2677 305 121 laudanda
754 2677 381 121 cognoscere,
1059 2677 178 121 non
1161 2677 229 121 autem
1313 2677 178 121 sua
1414 2677 305 121 peruersa
1643 2677 279 121 mutare;
1821 2677 203 121 omnino
