2592 3508
434 170 302 83 taceamus.
666 170 140 83 Ne
736 170 140 83 si
806 170 349 83 ostentantis
1085 170 233 83 studio
1248 170 209 83 verba
1388 170 163 83 Dei
1481 170 302 83 loquimur;
1713 170 116 83 &
1737 170 209 83 illorum

446 246 213 70 culpa,
595 246 171 70 quae
702 246 192 70 erat,
829 246 171 70 esse
936 246 149 70 non
1021 246 256 70 desinat;
1213 246 107 70 &
1256 246 235 70 nostra,
1426 246 171 70 quae
1533 246 149 70 non
1618 246 192 70 erat,
1746 246 192 70 fiat.
1853 246 85 70 Et

440 323 217 65 infra.
592 323 196 65 Dicet
723 323 261 65 fortasse
918 323 261 65 aliquis.
1114 323 174 65 Vnde
1223 323 261 65 nouimus,
1418 323 174 65 quod
1527 323 196 65 corde
1657 323 174 65 quis
1744 323 196 65 audiat?

441 385 163 58 sed
534 385 209 58 multa
673 385 209 58 sunt,
813 385 186 58 quae
929 385 302 58 audientis
1161 385 232 58 animum
1324 385 279 58 produnt;
1533 385 232 58 maxime
1695 385 139 58 si
1742 385 209 58 Audito¬-

438 458 161 59 res
530 458 253 59 nostri;
714 458 115 59 &
760 458 230 59 semper
922 458 276 59 laudant,
1129 458 184 59 quae
1244 458 276 59 audiunt;
1451 458 115 59 &
1497 458 276 59 numquam,
1705 458 184 59 quae
1797 458 138 59 lau¬-

438 513 202 82 dant,
572 513 314 82 sequuntur.

512 592 146 59 §.
585 592 146 59 Si
657 592 194 59 vero
779 592 291 59 dicatur,
997 592 194 59 quod
1119 592 291 59 Monachos
1337 592 340 59 praedicare
1604 592 316 59 scientes,
1823 592 121 59 me¬-

440 642 196 74 lius
563 642 172 74 est
661 642 270 74 publice
858 642 245 74 docere
1029 642 172 74 aut
1127 642 270 74 publice
1324 642 368 74 praedicare,
1618 642 196 74 quam
1716 642 221 74 tacere;

443 713 153 70 eo
519 713 204 70 quod
647 713 204 70 plus
774 713 357 70 proficiunt
1055 713 281 70 publice
1259 713 306 70 docendo,
1488 713 179 70 aut
1590 713 408 70 praedicando,

439 780 220 72 quam
576 780 330 72 tacendo.
823 780 439 72 Respondendum
1180 780 220 72 est,
1317 780 220 72 quod
1455 780 275 72 obstat
1647 780 247 72 eorum
1784 780 165 72 sta¬-

440 849 191 51 tus,
559 849 119 51 &
607 849 334 51 professio,
870 849 143 51 ac
941 849 262 51 gradus,
1132 849 191 51 quem
1251 849 239 51 tenent
1418 849 143 51 in
1490 849 406 51 Ecclesiastica
1800 849 143 51 Hie¬-

448 922 277 74 rarchia,
656 922 277 74 secundùm
864 922 185 74 quem
979 922 300 74 illicitum
1210 922 162 74 est
1302 922 162 74 eis
1395 922 254 74 publice
1580 922 346 74 praedicare,
1834 922 115 74 aut

447 977 251 74 publice
630 977 251 74 docere,
812 977 137 74 vt
880 977 274 74 ostensum
1086 977 160 74 est
1177 977 205 74 supra
1314 977 205 74 dist.
1450 977 137 74 1.
1519 977 137 74 §.
1587 977 274 74 Secundum
1770 977 182 74 igitur

449 1043 404 60 praelibatam,
777 1043 177 60 &c.
878 1043 252 60 Obstat
1055 1043 227 60 etiam
1206 1043 353 60 authoritas
1484 1043 278 60 Hugonis
1686 1043 151 60 de
1736 1043 202 60 Sancto

452 1106 258 64 Victore
639 1106 141 64 in
710 1106 235 64 libro,
874 1106 188 64 quem
992 1106 329 64 appellauit
1250 1106 329 64 Didascalon
1509 1106 188 64 lib.
1626 1106 141 64 5.
1697 1106 188 64 cap.
1814 1106 141 64 9.
1861 1106 94 64 de

436 1170 319 82 Religiosis
687 1170 205 82 Viris
823 1170 159 82 sic
914 1170 319 82 Ioquentis.
1164 1170 205 82 Liber
1301 1170 114 82 a
1347 1170 205 82 culpa
1483 1170 159 82 non
1574 1170 182 82 est,
1688 1170 159 82 qui
1756 1170 205 82 alienum

447 1244 247 79 vsurpat
626 1244 292 79 officium.
851 1244 135 79 Si
919 1244 270 79 Monachus
1121 1244 157 79 es;
1211 1244 180 79 quid
1323 1244 202 79 facis
1458 1244 135 79 in
1526 1244 225 79 turba?
1683 1244 135 79 Si
1751 1244 180 79 amas
1841 1244 112 79 si¬-

445 1307 265 82 lentium;
643 1307 154 82 cur
732 1307 375 82 declamantibus
1041 1307 287 82 interesse
1261 1307 287 82 delectat?
1482 1307 132 82 Tu
1548 1307 221 82 semper
1702 1307 265 82 ieiuniis
1879 1307 66 82 &

435 1369 263 72 fletibus
632 1369 285 72 insistere
851 1369 219 72 debes;
1004 1369 109 72 &
1048 1369 131 72 tu
1114 1369 350 72 philosophari
1399 1369 263 72 quaeris?
1596 1369 328 72 Simplicitas
1837 1369 109 72 Mo¬-

439 1441 220 57 nachi,
593 1441 330 57 Philosophia
856 1441 176 57 eius
966 1441 176 57 est.
1076 1441 154 57 Sed
1164 1441 242 57 docere,
1340 1441 242 57 inquis,
1516 1441 198 57 alios
1647 1441 198 57 volo;
1779 1441 154 57 non
1845 1441 110 57 est

447 1506 174 58 tuum
556 1506 240 58 docere,
730 1506 152 58 sed
817 1506 283 58 plangere.
1035 1506 131 58 Si
1101 1506 196 58 tamen
1231 1506 174 58 esse
1340 1506 218 58 Doctor
1493 1506 305 58 desideras,
1732 1506 174 58 audi
1819 1506 131 58 quid

439 1563 237 81 facias.
612 1563 237 81 Vilitas
784 1563 237 81 habitus
956 1563 172 81 tui,
1063 1563 108 81 &
1106 1563 323 81 simplicitas
1364 1563 237 81 vultus,
1536 1563 301 81 innocentia
1773 1563 215 81 vitae,

432 1634 115 62 &
478 1634 299 62 sanctitas
708 1634 414 62 conuersationis
1053 1634 184 62 tuae
1168 1634 230 62 docere
1329 1634 230 62 debent
1490 1634 276 62 homines.
1697 1634 230 62 Melius
1835 1634 115 62 fu¬-

432 1699 228 73 giendo
592 1699 228 73 mundum
752 1699 228 73 doces,
911 1699 183 73 quam
1025 1699 297 73 sequendo.
1254 1699 160 73 Sed
1345 1699 205 73 adhuc
1482 1699 205 73 forte
1619 1699 365 73 persequeris,

442 1746 110 97 &
486 1746 177 97 quid
597 1746 287 97 inquiens;
817 1746 221 97 Nonne,
972 1746 221 97 saltem
1127 1746 133 97 si
1193 1746 199 97 volo,
1325 1746 243 97 discere
1502 1746 133 97 me
1568 1746 221 97 licet?
1723 1746 199 97 Supra
1834 1746 110 97 di¬-

431 1826 131 91 xi
497 1826 197 91 tibi.
628 1826 197 91 Lege,
760 1826 109 91 &
803 1826 263 91 occupari
1000 1826 197 91 noli.
1132 1826 307 91 Exercitium
1373 1826 175 91 tibi
1482 1826 219 91 potest
1635 1826 175 91 esse
1745 1826 241 91 lectio,

436 1889 157 74 sed
525 1889 157 74 non
615 1889 337 74 propositum.
885 1889 270 74 Doctrina
1087 1889 180 74 bona
1200 1889 180 74 est,
1312 1889 135 74 si
1379 1889 360 74 incipientium
1671 1889 180 74 est.
1784 1889 135 74 Tu
1829 1889 112 74 ve¬-

437 1961 128 59 ro
501 1961 128 59 te
564 1961 277 59 persectum
777 1961 170 59 fore
883 1961 319 59 promiseras;
1139 1961 106 59 &
1181 1961 170 59 ideo
1288 1961 149 59 non
1373 1961 170 59 tibi
1479 1961 255 59 sufficit
1670 1961 128 59 si
1713 1961 234 59 Incipien¬-

438 2033 191 75 tibus
565 2033 319 75 coaequaris.
820 2033 170 75 Plus
927 2033 234 75 aliquid
1097 2033 128 75 te
1160 2033 213 75 facere
1309 2033 255 75 oportet.
1501 2033 298 75 Considira,
1734 2033 149 75 vii
1819 2033 170 75 sis;

442 2097 125 59 &
492 2097 200 59 quid
617 2097 225 59 agere
767 2097 275 59 debeas,
967 2097 250 59 facile
1142 2097 325 59 agnosces.
1391 2097 250 59 Obstat
1566 2097 225 59 etiam
1691 2097 250 59 exemplum

438 2161 312 60 cuiusdam
672 2161 286 60 Abbatis
880 2161 208 60 (qui
1010 2161 338 60 vocabatur
1271 2161 260 60 Pando)
1453 2161 182 60 qui
1557 2161 182 60 cum
1635 2161 312 60 requisitus

440 2218 254 65 fuisset
625 2218 115 65 a
671 2218 300 65 Fratribus
902 2218 208 65 suis,
1040 2218 139 65 vt
1110 2218 277 65 sermonem
1317 2218 254 65 faceret
1502 2218 346 65 Alexandrino
1779 2218 208 65 Epis¬

430 2292 185 55 copo
546 2292 139 55 ad
615 2292 139 55 se
685 2292 301 55 venienti,
916 2292 324 55 respondit.
1171 2292 139 55 Si
1240 2292 139 55 in
1310 2292 394 55 taciturnitate
1634 2292 162 55 mea
1727 2292 162 55 non
1796 2292 139 55 adi¬-

431 2353 255 83 ficatur;
622 2353 149 83 non
707 2353 127 83 in
770 2353 234 83 sermone
940 2353 149 83 meo
1025 2353 382 83 aedificabitur.
1344 2353 127 83 Ac
1407 2353 127 83 si
1471 2353 255 83 diceret.
1662 2353 149 83 Qui
1747 2353 127 83 in
1789 2353 149 83 taci¬-

426 2418 334 97 turnitate
683 2418 282 97 Monachi
888 2418 231 97 (quae
1042 2418 308 97 pertinet
1274 2418 154 97 ad
1351 2418 205 97 eius
1479 2418 436 97 professionem)
1813 2418 128 97 non

428 2490 393 61 aedificatur;
748 2490 221 61 multo
895 2490 221 61 minus
1042 2490 147 61 in
1116 2490 270 61 sermone
1313 2490 270 61 Monachi
1509 2490 417 61 adificabitur;
1828 2490 123 61 cum

425 2546 301 70 sermonem
651 2546 251 70 facere
827 2546 226 70 coram
977 2546 326 70 extrancis
1228 2546 402 70 Saecularibus
1554 2546 251 70 Viris;
1705 2546 226 70 praeci¬-

422 2627 169 72 pue
519 2627 218 72 autem
664 2627 218 72 coram
809 2627 315 72 Clericis,
1051 2627 169 72 vel
1148 2627 339 72 Praelatis,
1414 2627 169 72 qui
1511 2627 194 72 sunt
1631 2627 145 72 in
1680 2627 266 72 superiori

427 2699 250 66 ordine
602 2699 449 66 Ecclesiasticae
976 2699 399 66 Hierarchiae;
1301 2699 175 66 non
1401 2699 325 66 conueniat
1650 2699 325 66 Monachis,
