2592 3508
487 190 249 139 minibus
669 190 272 139 adorari,
873 190 136 139 Ad
941 190 227 139 instar
1099 190 181 139 caii
1213 190 295 139 caesatis,
1439 190 159 139 qui
1530 190 136 139 se
1598 190 272 139 faciebat
1779 190 204 139 tamquan

487 281 185 103 Deum
603 281 209 103 coli,
742 281 139 103 vt
811 281 209 103 dicit
950 281 278 103 Magister
1159 281 139 103 in
1228 281 324 103 Historiis;
1483 281 116 103 &
1530 281 185 103 sibi
1645 281 209 103 voces
1784 281 185 103 Dei,
1877 281 116 103 non

498 346 207 99 voces
636 346 254 99 hominis
821 346 323 99 acclamari,
1074 346 138 99 vt
1143 346 254 99 legitur
1328 346 184 99 Act.
1443 346 161 99 12.
1535 346 300 99 patiuntur
1766 346 184 99 enim
1858 346 138 99 sim¬-

480 401 239 114 brias
640 401 452 114 vestimentorum
1012 401 266 114 suorum
1198 401 133 114 a
1251 401 399 114 Christianis
1570 401 319 114 abrumpi,
1809 401 133 114 &
1836 401 159 114 tam¬-

483 482 196 82 quam
606 482 319 82 Sanctorum
851 482 319 82 reliquias
1097 482 343 82 releruari.
1367 482 270 82 Faciunt
1563 482 221 82 etiam
1710 482 172 82 per
1784 482 196 82 induli

484 551 334 86 gentiarum
741 551 385 86 largitionem
1049 551 257 86 (licet
1229 551 231 86 etiam
1383 551 385 86 sindulgendi
1691 551 180 86 non
1768 551 231 86 habeant

485 616 367 101 potestatem)
778 616 269 101 seipsos
973 616 147 101 de
1047 616 195 101 loco
1169 616 147 101 ad
1242 616 220 101 locum
1389 616 489 101 processionaliter
1804 616 171 101 cum
1877 616 98 101 ve

480 679 234 101 xillis
644 679 445 101 Ecclesiasticis,
1019 679 117 101 &
1066 679 211 101 turba
1206 679 305 101 populorum
1441 679 258 101 deduci;
1628 679 117 101 &
1675 679 281 101 proistis
1863 679 117 101 ex¬-

482 745 373 108 terioribus
775 745 266 108 volunt
962 745 240 108 vltra
1121 745 293 108 homines
1334 745 320 108 honorari
1574 745 133 108 &
1627 745 399 108 praedicari;
1920 745 80 108 &

479 801 227 116 ideo,
630 801 201 116 quod
756 801 201 116 sint
882 801 277 116 Pseudo,
1083 801 252 116 merito
1260 801 277 116 possunt
1461 801 302 116 suspecti
1688 801 277 116 haberi;
1864 801 126 116 nam

478 871 127 123 &
528 871 203 123 ipsi
655 871 254 123 Pseudo
833 871 279 123 propter
1035 871 279 123 lucrum,
1238 871 177 123 aut
1340 871 228 123 vanam
1492 871 304 123 gloriam,
1720 871 228 123 magis
1847 871 152 123 gau¬-

483 933 189 117 dent
602 933 142 117 de
673 933 332 117 Miraculis;
933 933 118 117 &
981 933 213 117 aliis
1123 933 237 117 factis
1289 933 332 117 insignibus
1549 933 403 117 exterioribus,
1857 933 142 117 quae

469 1011 164 108 ab
551 1011 355 108 hominibus
824 1011 301 108 possunt
1043 1011 301 108 videri;
1261 1011 219 108 quam
1398 1011 164 108 de
1480 1011 465 108 interioribus,
1835 1011 164 108 quae

467 1059 148 124 a
527 1059 237 124 solo
675 1059 208 124 Deo
793 1059 385 124 videntur.
1090 1059 237 124 Vnde
1238 1059 178 124 de
1327 1059 296 124 Pseudo
1535 1059 326 124 loquens
1742 1059 267 124 Aposto¬-

476 1124 158 103 lus
567 1124 135 103 I.
634 1124 270 103 Corinth.
837 1124 135 103 5.
904 1124 225 103 dicit.
1062 1124 135 103 Vt
1129 1124 270 103 habeatis
1332 1124 135 103 ad
1400 1124 158 103 eos
1490 1124 158 103 qui
1580 1124 315 103 gloriantur
1827 1124 135 103 in
1872 1124 113 103 sa¬-

473 1210 171 98 cie.
580 1210 214 98 Gloss.
730 1210 128 98 Id
794 1210 171 98 est,
901 1210 300 98 gloriantur
1136 1210 128 98 in
1201 1210 364 98 exterioribus,
1500 1210 150 98 vel
1586 1210 128 98 in
1650 1210 278 98 conspectu
1843 1210 150 98 homi¬-

467 1275 168 95 num
563 1275 144 95 vt
635 1275 361 95 Hypocritae.
924 1275 168 95 NON
1020 1275 144 95 in
1093 1275 241 95 corde.
1261 1275 241 95 Gloss.
1430 1275 144 95 Vt
1502 1275 313 95 superbiam
1718 1275 265 95 reprimant

469 1337 179 99 per
572 1337 255 99 cordis
750 1337 408 99 humilitatem.
1082 1337 230 99 Talis
1235 1337 204 99 fuit
1363 1337 230 99 Simon
1516 1337 255 99 Magus,
1695 1337 179 99 qui
1797 1337 179 99 cum
1873 1337 128 99 per

474 1384 184 123 sua
579 1384 263 123 magica
763 1384 289 123 homines
973 1384 210 123 adeo
1104 1384 420 123 dementasset,
1446 1384 210 123 quod
1578 1384 394 123 appellabant
1867 1384 131 123 eum

469 1465 324 107 Virtutem
712 1465 189 107 Dei
820 1465 297 107 magnam,
1036 1465 378 107 desiderans
1333 1465 297 107 gloriam
1549 1465 351 107 ampliorem
1792 1465 189 107 inter

480 1538 290 85 homines
691 1538 343 85 adipisci,
955 1538 132 85 &
1007 1538 264 85 lucrum
1192 1538 343 85 consequi,
1456 1538 264 85 voluit
1641 1538 158 85 ab
1694 1538 290 85 Apostolis

469 1601 226 96 emere
620 1601 352 96 potestatem
896 1601 226 96 dandi
1047 1601 302 96 spiritum
1273 1601 276 96 Sanctum
1474 1601 151 96 in
1550 1601 226 96 signo
1701 1601 327 96 visibili;

485 1672 192 101 vnde
605 1672 264 101 obtulit
797 1672 168 101 eis
894 1672 288 101 pecuniam
1110 1672 264 101 dicens,
1302 1672 192 101 Date
1422 1672 192 101 mihi
1542 1672 192 101 hanc
1663 1672 360 101 potestatem,

488 1730 146 107 vt
561 1730 317 107 cuicumque
804 1730 317 107 imposuero
1048 1730 244 107 manus,
1218 1730 292 107 accipiat
1438 1730 292 107 Spiritum
1657 1730 292 107 Sanctum;
1852 1730 146 107 pro¬-

483 1800 185 101 pter
598 1800 185 101 quod
714 1800 231 101 meruit
875 1800 231 101 audire
1037 1800 115 101 a
1083 1800 231 101 Petro.
1245 1800 254 101 Pecunia
1429 1800 162 101 tua
1521 1800 208 101 tecum
1660 1800 162 101 sit
1752 1800 138 101 in
1798 1800 185 101 perdi¬-

476 1864 260 101 tionem.
666 1864 189 101 Act.
784 1864 142 101 6.
855 1864 213 101 Tales
997 1864 213 101 etiam
1139 1864 213 101 erant
1280 1864 213 101 filii
1422 1864 237 101 Sceuae
1588 1864 307 101 Prinsipis
1801 1864 189 101 Sacer¬-

477 1919 240 121 dotum,
645 1919 168 121 qui
741 1919 337 121 gloriantes
1006 1919 144 121 in
1078 1919 313 121 Miraculis
1319 1919 313 121 faciendis
1559 1919 313 121 tentabant
1776 1919 216 121 eiicere

471 1979 157 127 in
549 1979 261 127 nomine
732 1979 209 127 lesu
862 1979 313 127 Demonium
1097 1979 157 127 ab
1176 1979 313 127 obfesso;
1411 1979 287 127 propter
1620 1979 209 127 quod
1750 1979 209 127 homo
1854 1979 131 127 il¬-

468 2047 157 95 le
546 2047 262 95 haben.
730 2047 340 95 Daemonium
991 2047 314 95 pessimum
1227 2047 236 95 dixit
1384 2047 209 95 eis.
1515 2047 236 95 Iesum
1672 2047 209 95 noui
1803 2047 131 95 &
1829 2047 157 95 Pau¬-

471 2111 161 119 lum
563 2111 207 119 scio;
701 2111 161 119 vos
793 2111 230 119 autem,
954 2111 161 119 qui
1046 2111 253 119 estis;&
1230 2111 299 119 insiliens
1459 2111 138 119 in
1528 2111 161 119 eos
1620 2111 276 119 inualuit
1804 2111 184 119 contra

471 2179 257 113 illos,
651 2179 180 113 ita
754 2179 205 113 quod
882 2179 359 113 effugerent
1164 2179 359 113 vulnerati.
1447 2179 205 113 Act.
1575 2179 180 113 19.
1678 2179 205 113 Quod
1781 2179 205 113 vtinam

465 2255 279 123 eueniret
674 2255 279 123 omnibus,
883 2255 163 123 qui
976 2255 139 123 de
1045 2255 325 123 Miraculis,
1301 2255 116 123 &
1347 2255 209 123 aliis
1486 2255 418 123 superstitiosis
1811 2255 163 123 noui¬-

476 2308 246 96 tatibus
655 2308 269 96 inaniter
856 2308 336 96 gloriantur.

537 2359 145 138 §.
609 2359 145 138 De
682 2359 242 138 illis,
851 2359 169 138 qui
948 2359 338 138 gloriantur
1214 2359 145 138 in
1286 2359 314 138 Mirfculis
1528 2359 338 138 faciendis,
1769 2359 218 138 habemus

466 2455 381 112 manifestum
765 2455 327 112 exemplum
1010 2455 218 112 Euc.
1146 2455 163 112 9.
1228 2455 191 112 vbi
1337 2455 272 112 quidam
1527 2455 354 112 Simularor
1772 2455 218 112 videns

476 2505 317 135 Dominum,
713 2505 132 135 &
766 2505 211 135 eius
898 2505 370 135 Discipulos
1189 2505 317 135 Miracula
1427 2505 370 135 facientes;
1718 2505 159 135 vt
1797 2505 132 135 &
1823 2505 159 135 iple

471 2570 315 131 Miracula
707 2570 262 131 facere
891 2570 289 131 posset,
1101 2570 131 131 &
1153 2570 367 131 sicIucrum,
1442 2570 184 131 vel
1547 2570 315 131 mundanam
1757 2570 236 131 gloriam

473 2652 363 118 reportaret;
763 2652 242 118 voluit
933 2652 291 118 simulate
1151 2652 218 118 fieri
1296 2652 339 118 Discipulus
1562 2652 242 118 Domini
1732 2652 242 118 dicens
1877 2652 97 118 ad

462 2704 228 148 illum.
622 2704 228 148 Sequar
782 2704 137 148 te
850 2704 297 148 quocumque
1079 2704 228 148 ieris;
1239 2704 137 148 Et
1307 2704 160 148 ait
1398 2704 183 148 illi
1513 2704 228 148 Iesus.
1672 2704 228 148 Vulpes
1809 2704 183 148 foueds
