2592 3508
502 139 433 122 Praelatorum
848 139 173 122 ab
935 139 375 122 hominibus
1223 139 433 122 honorentur.
1569 139 231 122 Vnde
1714 139 173 122 de
1771 139 260 122 Pseudo¬-

511 209 315 102 Apostolis
753 209 218 102 dicit
898 209 315 102 Apostolus
1140 209 291 102 Philipp.
1358 209 145 102 I.
1431 209 242 102 Quidam
1600 209 242 102 quidem
1745 209 291 102 praedicant

516 286 241 111 verbum
685 286 193 111 Dei,
806 286 266 111 propter
999 286 314 111 inuidiam,
1240 286 121 111 &
1289 286 411 111 contentionem.
1627 286 241 111 Gloss.
1796 286 193 111 Quid
1892 286 121 111 in¬-

513 363 222 82 uident
668 363 333 82 Apostolatus
934 363 222 82 nostri
1089 363 266 82 gloriae,
1289 363 111 82 &
1333 363 155 82 eam
1422 363 222 82 habere
1577 363 333 82 contendunt.

606 404 149 105 §.
681 404 223 105 Item,
829 404 198 105 quia
953 404 322 105 huiusmodi
1200 404 322 105 potentiam
1448 404 297 105 ambiunt;
1671 404 297 105 idcireo,
1869 404 149 105 etsi

516 484 163 106 per
609 484 257 106 seipsos
796 484 280 106 regnare,
1006 484 163 106 aut
1099 484 327 106 praesidere
1356 484 163 106 non
1450 484 280 106 possunt;
1660 484 233 106 saltem
1800 484 210 106 regnan¬-

508 548 238 114 tibus,
675 548 167 114 aut
770 548 429 114 praesidentibus
1128 548 334 114 adhaerere,
1390 548 262 114 tamquam
1581 548 215 114 eorum
1724 548 334 114 Officiati,

510 613 174 97 aut
610 613 373 97 Consiliarii
908 613 423 97 concupiscunt.
1257 613 199 97 Nam,
1381 613 149 97 vt
1456 613 224 97 dicit
1605 613 299 97 Boetius.
1829 613 174 97 Qui
1928 613 149 97 in

519 689 270 90 potentia
721 689 247 90 extolli
901 689 270 90 cupiunt,
1103 689 157 90 aut
1193 689 180 90 ipsi
1305 689 247 90 regnare
1485 689 247 90 volunt,
1665 689 157 90 aut
1733 689 292 90 regnantibus

516 745 283 91 adhaerere
734 745 283 91 conantur,
951 745 130 91 vt
1016 745 217 91 dictum
1168 745 152 91 est
1255 745 196 91 supra
1386 745 196 91 dist.
1516 745 130 91 2.
1581 745 130 91 §.
1647 745 152 91 Sed
1733 745 196 91 forte
1842 745 174 91 adhuc.

518 817 246 115 Vilem
681 817 218 115 enim
818 817 136 115 &
872 817 355 115 depressum
1145 817 327 115 raeputat
1391 817 273 115 statum
1582 817 218 115 suum
1691 817 327 115 Ambitiosus

504 890 336 104 Hypocrita,
768 890 216 104 donec
912 890 144 104 in
984 890 264 104 primatu
1176 890 264 104 aliquo,
1368 890 168 104 vel
1464 890 264 104 officio
1656 890 264 104 publico
1824 890 192 104 fuerit

518 943 388 93 constitutus.
833 943 194 93 Vnde
954 943 242 93 Seneca
1124 943 145 93 in
1196 943 194 93 libi
1317 943 145 93 5.
1390 943 145 93 De
1463 943 315 93 Officiis.
1705 943 291 93 Humiliac
1899 943 121 93 de¬-

515 1018 219 98 presso
668 1018 175 98 loco
778 1018 131 98 se
843 1018 197 98 putat
974 1018 197 98 Stare
1106 1018 262 98 quisquis
1302 1018 328 98 Ambitiosus,
1565 1018 131 98 si
1630 1018 197 98 supra
1740 1018 284 98 Rempublicam

506 1077 167 89 non
602 1077 263 89 stetit.
793 1077 239 89 Magnum
961 1077 191 89 enim
1080 1077 263 89 reputat
1272 1077 144 89 se
1343 1077 335 89 frequenter
1606 1077 311 89 visitari,
1846 1077 144 89 ac
1893 1077 120 89 do¬-

516 1153 182 90 mum
620 1153 208 90 suam
750 1153 156 90 ab
828 1153 338 90 hominibus
1087 1153 415 90 frequentari;
1425 1153 208 90 quod
1555 1153 182 90 est
1658 1153 260 90 signum
1814 1153 208 90 Super¬-

515 1233 194 69 biae
636 1233 363 69 manifestum.
927 1233 194 69 Vnde
1048 1233 242 69 Seneca
1217 1233 145 69 De
1290 1233 291 69 officiis
1508 1233 194 69 lib.
1629 1233 145 69 8.
1702 1233 291 69 Proprium
1896 1233 121 69 Sa¬-

507 1282 252 98 perbiae
690 1282 183 98 est,
805 1282 206 98 magno
942 1282 298 98 aestimare
1171 1282 298 98 introitum
1400 1282 275 98 actactum
1607 1282 160 98 sui
1698 1282 275 98 liminis.
1882 1282 137 98 Con¬-

512 1361 150 69 tra
597 1361 171 69 quos
704 1361 192 69 dicit
832 1361 385 69 Ecclesiasticus
1153 1361 171 69 cap.
1260 1361 150 69 19.
1346 1361 128 69 Ne
1410 1361 299 69 oblecteris
1645 1361 128 69 in
1709 1361 235 69 turbis,
1880 1361 150 69 nec
1944 1361 86 69 in

509 1417 265 98 modicis;
708 1417 243 98 assidua
884 1417 177 98 enim
994 1417 154 98 est
1083 1417 287 98 commissio
1303 1417 265 98 illorum.

580 1489 149 94 §.
655 1489 149 94 Si
729 1489 173 94 qui
828 1489 198 94 ergo
952 1489 421 94 Praedicatores
1298 1489 173 94 sde
1397 1489 248 94 quorum
1570 1489 297 94 canonica
1768 1489 248 94 vocatio¬-

520 1539 159 89 ne,
611 1539 159 89 seu
702 1539 272 89 missione
906 1539 159 89 non
997 1539 272 89 constet)
1202 1539 159 89 sub
1292 1539 227 89 habitu
1451 1539 341 89 Religionis,
1724 1539 159 89 aut
1815 1539 159 89 sub
1883 1539 136 89 alia

515 1611 219 91 specie
668 1611 350 91 humilitatis,
952 1611 153 91 vel
1040 1611 350 91 sanctitatis,
1324 1611 153 91 aut
1411 1611 153 91 sub
1499 1611 284 91 praetextu
1717 1611 240 91 diuinae
1870 1611 153 91 prae¬-

515 1690 370 76 dicationis,
812 1690 173 76 aut
910 1690 296 76 alterius
1132 1690 296 76 consilii
1355 1690 321 76 animarum;
1601 1690 148 76 ex
1675 1690 197 76 more
1774 1690 247 76 conentur

511 1739 287 90 regnare,
726 1739 191 90 siue
846 1739 311 90 praeesse,
1085 1739 167 90 vel
1180 1739 287 90 Regibus,
1396 1739 167 90 aut
1491 1739 215 90 aliis
1635 1739 215 90 huius
1778 1739 215 90 mundi
1897 1739 120 90 Po¬-

517 1796 296 131 tentibus
739 1796 345 131 adhaerere;
1010 1796 173 131 vel
1109 1796 271 131 gloriae
1306 1796 370 131 Praelatorum
1602 1796 345 131 inuideant,
1873 1796 123 131 &
1898 1796 123 131 eam

519 1875 204 90 modo
646 1875 331 90 praedicto
900 1875 254 90 habere
1078 1875 382 90 contendant;
1384 1875 178 90 vel
1485 1875 254 90 limina
1663 1875 178 90 sua
1740 1875 305 90 frequentaa

518 1947 168 80 ri,
614 1947 144 80 id
686 1947 168 80 est
782 1947 144 80 se
854 1947 120 80 a
902 1947 288 80 plurimis
1118 1947 312 80 visitari,
1358 1947 288 80 gaudeant
1574 1947 120 80 &
1622 1947 336 80 procurent;
1886 1947 120 80 &
1910 1947 120 80 his

518 2017 251 81 modis,
694 2017 176 81 vel
794 2017 226 81 aliis
945 2017 151 81 ad
1021 2017 377 81 altitudinem
1322 2017 226 81 huius
1473 2017 226 81 mundi
1624 2017 151 81 se
1699 2017 302 81 erigant;
1900 2017 126 81 non

509 2074 194 83 sunt
630 2074 292 83 pauperes
849 2074 292 83 spiritu.
1067 2074 146 83 Et
1140 2074 194 83 ideo
1262 2074 170 83 non
1359 2074 292 83 videntur
1578 2074 194 83 esse
1699 2074 194 83 veri
1796 2074 219 83 Aposto¬-

513 2163 170 82 li;
610 2163 170 82 sed
707 2163 242 82 potius
876 2163 291 82 suspecti
1094 2163 242 82 haberi
1264 2163 291 82 possunt,
1482 2163 145 82 ne
1555 2163 194 82 sint
1652 2163 218 82 Pseudo¬-

581 2175 158 133 §.
660 2175 500 133 Vigesimumprimum
1081 2175 263 133 Signum
1265 2175 263 133 potest
1449 2175 237 133 esse,
1607 2175 211 133 Quod
1739 2175 211 133 veri
1844 2175 184 133 Prae¬-

525 2268 329 104 dicatores,
783 2268 117 104 &
830 2268 211 104 illi,
971 2268 164 104 qui
1064 2268 188 104 vita
1182 2268 305 104 saeculari
1417 2268 258 104 relicta
1604 2268 211 104 vitam
1745 2268 305 104 Regularem
1957 2268 70 104 &

517 2340 279 90 rigidam
719 2340 355 90 elegerunt,
998 2340 177 90 non
1099 2340 304 90 libenter
1327 2340 380 90 frequentant
1631 2340 253 90 Curias
1783 2340 228 90 Princi¬-

527 2410 174 97 pum
627 2410 373 97 terrenorum,
925 2410 149 97 ne
999 2410 323 97 videantur
1248 2410 298 97 quaerere
1471 2410 273 97 aliquid
1670 2410 323 97 terrenum;
1894 2410 124 97 vel

519 2476 147 80 ne
592 2476 220 80 siant
739 2476 367 80 Adulatores.
1032 2476 196 80 Vndu
1154 2476 220 80 super
1301 2476 220 80 illud
1447 2476 244 80 Matth.
1618 2476 147 80 9.
1692 2476 196 80 Ecce
1814 2476 171 80 qui
1887 2476 147 80 mol¬-

521 2537 210 92 libus
661 2537 350 92 vestiuntur,
941 2537 140 92 in
1011 2537 257 92 domibus
1197 2537 210 92 Regum
1337 2537 210 92 sunt,
1477 2537 210 92 dicit
1617 2537 233 92 Gloss.
1780 2537 140 92 Vt
1827 2537 210 92 aliquid

526 2617 320 67 venentur.
773 2617 197 67 Item
896 2617 197 67 alia
1019 2617 246 67 Gloss.
1191 2617 271 67 ibidem.
1389 2617 246 67 Higida
1561 2617 197 67 vita
1684 2617 123 67 &
1709 2617 320 67 praedicatio

521 2678 144 109 dd
593 2678 168 109 est
689 2678 264 109 rigidam
881 2678 216 109 vitam
1025 2678 312 109 ducentes,
1265 2678 120 109 &
1312 2678 408 109 praedicantes;
1648 2678 168 109 vel
1744 2678 192 109 sine
1840 2678 192 109 adula¬
