2592 3508
475 183 224 86 vulgi;
632 183 135 86 si
699 183 135 86 te
766 183 179 86 tota
878 183 269 86 ciuitate
1080 183 269 86 seeminae
1282 183 269 86 puerique
1484 183 359 86 laudauerint;
1776 183 157 86 ego
1843 183 157 86 tamen

469 273 166 60 tui
564 273 332 60 miserebor;
825 273 166 60 cum
920 273 237 60 sciam,
1087 273 190 60 quae
1205 273 166 60 via
1300 273 142 60 ad
1372 273 214 60 illum
1514 273 261 60 fauorem
1704 273 237 60 ferat.
1847 273 142 60 Item

480 332 364 71 Hieronimus
766 332 156 71 Ad
844 332 390 71 Nepotianum.
1156 332 260 71 Nescio
1339 332 286 71 quomodo
1547 332 208 71 plus
1677 332 260 71 placet
1833 332 156 71 mun¬-

474 401 144 89 do,
557 401 144 89 qui
639 401 226 89 Christo
803 401 288 89 displicet.

523 459 146 81 §.
596 459 170 81 Sed
693 459 219 81 forte
839 459 292 81 obijciet
1058 459 268 81 Pseudo;
1253 459 292 81 quaerens
1472 459 268 81 placere
1667 459 268 81 populo.
1837 459 146 81 Non¬-

465 553 140 59 ne
535 553 304 59 Apostolus
769 553 211 59 dicit
909 553 140 59 I.
980 553 187 59 Cor.
1097 553 164 59 10.
1190 553 187 59 Sine
1307 553 328 59 offensione
1565 553 234 59 estote
1729 553 281 59 Iudaeis,
1916 553 70 59 &

480 596 348 72 Gentilibus,
758 596 116 72 &
804 596 301 72 Ecclesiae
1036 596 185 72 Dei;
1152 596 209 72 sicut
1291 596 162 72 ego
1384 596 162 72 per
1476 596 209 72 omnia
1615 596 255 72 omnibus
1777 596 209 72 placeo.

465 658 194 75 Item
586 658 194 75 Rom.
707 658 170 75 12.
804 658 364 75 Prouidentes
1095 658 218 75 bona,
1241 658 170 75 non
1337 658 218 75 solum
1483 658 218 75 coram
1628 658 194 75 Deo;
1750 658 170 75 sed
1822 658 170 75 etiam

477 750 220 62 coram
623 750 342 62 hominibus.
892 750 195 62 Ergo
1014 750 220 62 verus
1160 750 391 62 Praedicator,
1477 750 171 62 vel
1575 750 342 62 Apostolus,
1819 750 171 62 lici¬-

476 794 146 67 te
549 794 243 67 potest
719 794 291 67 appetere
937 794 267 67 placere
1132 794 340 67 hominibus.

556 859 159 74 §.
636 859 159 74 Ad
716 859 212 74 quod
848 859 319 74 dicendum
1087 859 212 74 est,
1220 859 212 74 quod
1353 859 239 74 verus
1512 859 345 74 Apostolus
1778 859 186 74 non
1857 859 133 74 ap¬-

480 930 210 81 petit
620 930 304 81 finaliter
854 930 140 81 se
924 930 257 81 placere
1111 930 327 81 hominibus,
1368 930 210 81 sicut
1508 930 234 81 dictum
1672 930 164 81 est
1765 930 210 81 supra
1882 930 117 81 eo¬-

481 1010 168 67 dem
577 1010 240 67 signo;
745 1010 168 67 sed
841 1010 336 67 veritatem,
1105 1010 192 67 quam
1225 1010 192 67 ipse
1344 1010 336 67 praedicat,
1608 1010 264 67 appetit
1776 1010 216 67 placere

477 1059 343 72 hominibus
740 1059 290 72 propter
951 1059 237 72 eorum
1109 1059 395 72 vtilitatem.
1425 1059 211 72 Vnde
1557 1059 343 72 Gregorius
1821 1059 158 72 in
1873 1059 132 72 Pa¬-

481 1131 330 65 storali.
729 1131 248 65 Dicit
894 1131 385 65 Apostolus.
1197 1131 303 65 SicVTET
1417 1131 275 65 ICOPER
1610 1131 248 65 OMNIA
1747 1131 248 65 OMNINVS

485 1185 292 74 PLACEO.
698 1185 239 74 Alibi
857 1185 239 74 autem
1016 1185 265 74 dicit.
1202 1185 159 74 Si
1282 1185 265 74 ADIRVC
1467 1185 318 74 ROMNIBVS
1706 1185 345 74 PLACEREM,

507 1260 261 65 IERVVS
690 1260 365 65 CNRISTINON
977 1260 261 65 ESSEM.
1159 1260 209 65 Ergo
1290 1260 287 65 placet,
1498 1260 130 65 &
1550 1260 183 65 non
1655 1260 287 65 placet;
1837 1260 157 65 quia

490 1342 137 50 in
559 1342 137 50 eo
627 1342 183 50 quod
741 1342 251 50 placere
924 1342 274 50 appetit;
1129 1342 160 50 non
1220 1342 160 50 se,
1312 1342 160 50 sed
1403 1342 160 50 per
1494 1342 137 50 se
1563 1342 274 50 hommibus
1745 1342 251 50 veritatem

487 1387 259 81 placere
676 1387 283 81 quaerit.
888 1387 188 81 Item
1006 1387 306 81 exponendo
1241 1387 212 81 illud
1383 1387 283 81 Ieremiae
1595 1387 141 81 9.
1665 1387 165 81 Non
1736 1387 259 81 glorietur

488 1460 261 66 Sapiens
678 1460 142 66 in
749 1460 309 66 sapientia
987 1460 190 66 sua,
1106 1460 214 66 dicit
1248 1460 309 66 Gregorius
1486 1460 190 66 lib.
1604 1460 142 66 9.
1676 1460 237 66 Moral.
1818 1460 190 66 Sancti

480 1538 181 66 non
583 1538 155 66 de
661 1538 181 66 sua
764 1538 336 66 opinione,
1022 1538 181 66 sed
1125 1538 155 66 de
1203 1538 361 66 proximorum
1487 1538 284 66 gaudent
1693 1538 361 66 vtilitate;

483 1604 184 81 quia
598 1604 207 81 aliud
736 1604 161 81 est
827 1604 252 81 fauores
1011 1604 298 81 quaerere,
1241 1604 115 81 &
1286 1604 207 81 aliud
1424 1604 138 81 de
1493 1604 344 81 profectibus
1746 1604 252 81 exultare.

555 1650 147 71 §.
628 1650 171 71 Sed
726 1650 269 71 quomodo
922 1650 269 71 poterit
1117 1650 318 71 cognosci;
1362 1650 147 71 an
1435 1650 171 71 se,
1533 1650 147 71 an
1607 1650 343 71 veritatem,
1851 1650 147 71 quam

492 1720 344 84 praedicant,
767 1720 252 84 placere
951 1720 252 84 velint;

601 1779 158 80 §.
680 1779 369 80 Respondeo.
969 1779 263 80 Quando
1154 1779 211 80 sine
1285 1779 342 80 cuiusquam
1548 1779 316 80 scandalo
1785 1779 263 80 agunt,

490 1852 136 80 vt
558 1852 204 80 aliis
694 1852 294 80 placeant,
920 1852 113 80 &
966 1852 158 80 sic
1056 1852 158 80 eis
1147 1852 340 80 proficiant;
1418 1852 181 80 tunc
1532 1852 317 80 verisimile
1781 1852 181 80 est,
1871 1852 136 80 quod

480 1939 175 57 non
580 1939 175 57 se,
680 1939 175 57 sed
779 1939 349 57 veritatem,
1054 1939 199 57 quam
1178 1939 374 57 praedicant,
1477 1939 274 57 placere
1677 1939 374 57 desiderant.

494 1986 251 66 Quando
670 1986 201 66 vero
795 1986 176 66 cum
896 1986 301 66 scandalo
1122 1986 327 66 aliquorum
1373 1986 251 66 agunt,
1549 1986 151 66 vt
1624 1986 327 66 aliquibus
1850 1986 151 66 pla¬-

491 2050 258 66 ceant;
672 2050 284 66 quoniam
878 2050 206 66 tunc
1007 2050 181 66 non
1110 2050 361 66 proficiunt
1394 2050 258 66 saltem
1575 2050 258 66 illis,
1755 2050 181 66 qui
1858 2050 155 66 ex
1910 2050 103 66 eo

495 2114 461 66 scandaligantur,
883 2114 170 66 sed
980 2114 218 66 magis
1125 2114 339 66 officiunt;
1392 2114 242 66 certum
1562 2114 194 66 est,
1683 2114 194 66 quod
1780 2114 218 66 verita¬-

482 2185 203 66 tem,
608 2185 203 66 quam
735 2185 380 66 praedicant,
1039 2185 177 66 non
1140 2185 177 66 tam
1241 2185 304 66 placere,
1469 2185 203 66 quam
1596 2185 279 66 seipsos
1773 2185 228 66 deside¬-

486 2253 240 64 rant.
646 2253 213 64 Vnde
779 2253 240 64 super
939 2253 240 64 verbo
1099 2253 346 64 praedicto
1365 2253 160 64 I.
1445 2253 213 64 Cor.
1578 2253 186 64 19.
1685 2253 240 64 Sicut
1844 2253 133 64 &
1871 2253 133 64 ego

489 2327 166 76 per
584 2327 213 76 omnia
726 2327 261 76 omnibus
916 2327 261 76 placeo,
1106 2327 213 76 dicit
1248 2327 261 76 Glossa.
1438 2327 190 76 Sine
1556 2327 308 76 cuiusquam
1770 2327 237 76 scandalo

485 2379 261 76 agens;
668 2379 183 76 hoc
772 2379 183 76 est
877 2379 209 76 enim
1008 2379 288 76 omnibus
1217 2379 183 76 per
1321 2379 235 76 omnia
1478 2379 314 76 placere,
1713 2379 209 76 sine
1818 2379 183 76 scan¬-

494 2451 195 66 dalo
616 2451 317 66 cuiusqnam
860 2451 220 66 agere
1006 2451 146 66 ad
1079 2451 317 66 profectum
1324 2451 293 66 aliorum,
1543 2451 146 66 vt
1616 2451 122 66 &
1665 2451 244 66 illis,
1836 2451 122 66 &
1861 2451 146 66 huic

487 2521 146 68 sit
550 2521 167 68 vtile¬-

578 2578 140 76 §.
648 2578 210 76 Item,
788 2578 140 76 si
858 2578 234 76 videat
1022 2578 351 76 Praedicator
1303 2578 304 76 Auditores
1536 2578 187 76 suos
1653 2578 187 76 eius
1747 2578 257 76 praedica¬-

474 2670 265 52 tionem
659 2670 265 52 semper
844 2670 318 52 laudare,
1082 2670 185 52 non
1188 2670 238 52 tamen
1347 2670 291 52 propter
1559 2670 238 52 illam
1718 2670 238 52 vitam
1850 2670 159 52 suam

485 2713 347 91 peruersam
752 2713 293 91 mutare,
965 2713 240 91 debet
1125 2713 267 91 omnino
1312 2713 293 91 tacere;
1525 2713 347 91 alioquin,
1792 2713 160 91 si
1845 2713 160 91 suam
