2592 3508
477 129 206 100 quod
606 129 231 100 etiam
760 129 360 100 detegatur;
1043 129 154 100 ne
1120 129 180 100 per
1223 129 180 100 hoc
1326 129 231 100 eorum
1480 129 283 100 gloria,
1686 129 206 100 quam
1789 129 180 100 summe

459 189 387 110 desiderant,
769 189 361 110 maculetur.
1053 189 206 110 Vnde
1182 189 335 110 Gregorius
1440 189 206 110 lib.
1569 189 181 110 10.
1672 189 258 110 Moral.
1827 189 129 110 Io¬-

475 267 227 97 quens
626 267 252 97 contra
802 267 252 97 illos,
978 267 176 97 qui
1079 267 302 97 quaerunt
1306 267 378 97 apparentiam
1608 267 252 97 solum;
1784 267 151 97 Id
1834 267 126 97 est

458 330 240 91 contra
626 330 336 91 Hypocritas
889 330 240 91 dicit.
1057 330 288 91 Imperita
1273 330 192 91 mens
1393 330 216 91 vocem
1537 330 383 91 correctionis
1824 330 144 91 fer¬-

451 397 131 82 re
517 397 152 82 non
604 397 218 82 valet;
756 397 174 82 quia
865 397 196 82 tacta
996 397 131 82 in
1061 397 240 82 vulnere
1235 397 152 82 sui
1323 397 218 82 reatus
1475 397 218 82 dolet.
1627 397 131 82 Et
1693 397 218 82 infra.
1824 397 152 82 Recti

459 444 371 103 correctionis
760 444 325 103 adiutorium
1016 444 186 103 vita
1132 444 186 103 suae
1248 444 348 103 patrocinium
1526 444 302 103 deputant;
1735 444 232 103 Peruersi

472 521 206 107 vero,
609 521 160 107 cum
701 521 137 107 se
770 521 229 107 impeti
930 521 366 107 redargutione
1228 521 366 107 conspiciunt,
1525 521 252 107 glalium
1685 521 275 107 percussio¬-

455 592 155 109 nis
543 592 265 109 credunt;
742 592 177 109 quia
853 592 155 109 dum
941 592 155 109 per
1029 592 353 109 correctionis
1316 592 199 109 vocem
1449 592 199 109 culpa
1581 592 309 109 detegitur,
1802 592 155 109 prae¬-

470 641 232 106 sentis
632 641 255 106 gloriae
818 641 232 106 opinio
981 641 302 106 saedatur.
1213 641 186 106 Item
1329 641 302 106 Gregorius
1561 641 186 106 Iib.
1677 641 163 106 33.
1770 641 232 106 Moral.

461 723 303 106 Hypocritae
700 723 195 106 nullo
830 723 347 106 correptionis
1111 723 217 106 iaculo
1263 723 130 106 se
1328 723 282 106 penetrari
1544 723 325 106 permittunt;
1804 723 152 106 sed
1869 723 87 106 in

459 776 179 121 omni
570 776 268 121 peccato,
772 776 179 121 quod
884 776 268 121 faciunt,
1085 776 224 121 scutum
1241 776 268 121 superbae
1443 776 335 121 defensionis
1711 776 291 121 opponunt.

463 843 177 120 Nam,
574 843 155 120 cum
662 843 244 120 quisque
839 843 221 120 talium
994 843 288 120 arguitur,
1216 843 133 120 de
1282 843 199 120 reatu
1415 843 177 120 suae
1526 843 332 120 iniquitatis
1792 843 155 120 non
1858 843 111 120 mox

458 908 253 114 cogitat,
647 908 232 114 quomodo
816 908 211 114 culpam
963 908 253 114 coxrigat
1153 908 147 114 sed
1237 908 168 114 quid
1342 908 126 114 in
1406 908 295 114 adiutorium
1637 908 168 114 suae
1721 908 232 114 desensio¬-

456 990 158 100 nis
547 990 270 100 opponat.
749 990 180 100 Item
862 990 135 100 in
929 990 180 100 eod.
1042 990 315 100 Hypocritae
1290 990 203 100 tanto
1425 990 338 100 vehementius
1695 990 225 100 culpas
1830 990 135 100 suas

454 1058 272 81 confiteri
663 1058 293 81 refugiunt;
894 1058 209 81 quanto
1040 1058 105 81 &
1082 1058 251 81 stultius
1271 1058 209 81 videri
1417 1058 293 81 peccatores
1648 1058 168 81 eri.
1753 1058 251 81 bescunt.

458 1106 150 115 Ex
533 1106 175 115 hac
633 1106 225 115 autem
783 1106 400 115 erubescentia
1108 1106 500 115 suaecorreptionis
1534 1106 225 115 siunt
1659 1106 300 115 Hypocritae

463 1170 356 98 cleteriores,
752 1170 134 98 vt
819 1170 178 98 suos
930 1170 334 98 Correctores
1197 1170 267 98 arguant,
1398 1170 200 98 quasi
1531 1170 178 98 sint
1642 1170 156 98 eis
1731 1170 267 98 peiores,

466 1241 193 90 Vnde
586 1241 144 90 in
658 1241 193 90 lib.
779 1241 168 90 10.
875 1241 289 90 Moralium
1092 1241 217 90 dicit
1236 1241 337 90 Gregorius.
1501 1241 337 90 Plaerumque
1765 1241 193 90 fit,
1862 1241 96 90 vt

449 1325 190 74 cunt
568 1325 190 74 Mali
686 1325 285 74 correcta
900 1325 142 74 in
971 1325 142 74 se
1042 1325 190 74 mala
1161 1325 308 74 defendere
1398 1325 308 74 nequeunt,
1635 1325 142 74 ex
1682 1325 285 74 verecundia

450 1391 242 97 peiores
626 1391 220 97 siunt;
780 1391 132 97 ac
847 1391 132 97 si
913 1391 132 97 in
979 1391 154 97 sua
1067 1391 308 97 desensione
1309 1391 330 97 superbiant,
1573 1391 132 97 vt
1640 1391 242 97 quaedam
1794 1391 154 97 vitia

447 1457 246 99 contra
620 1457 222 99 vitam
768 1457 394 99 corripientis
1088 1457 345 99 exquirant.
1359 1457 172 99 Per
1457 1457 172 99 hoc
1556 1457 222 99 autem
1704 1457 197 99 quod
1802 1457 148 99 cor¬-

444 1522 322 96 rectionem
692 1522 173 96 non
791 1522 322 96 sustinent
1038 1522 173 96 sed
1137 1522 396 96 corripientes
1458 1522 272 96 odiunt;
1656 1522 148 96 se
1730 1522 198 96 esse
1829 1522 124 96 ho¬-

451 1587 222 80 mines
599 1587 369 80 pestilentes
894 1587 123 80 &
944 1587 345 80 peccatores
1215 1587 320 80 manifeste
1461 1587 345 80 ostendunt;
1731 1587 222 80 quia,
1855 1587 98 80 vt

452 1643 250 106 dicitur
634 1643 273 106 Prouerb.
839 1643 159 106 19.
930 1643 159 106 Non
1021 1643 182 106 amat
1134 1643 296 106 pestilens
1362 1643 182 106 eum,
1475 1643 159 106 qui
1566 1643 136 106 se
1635 1643 296 106 corripit.
1839 1643 114 106 Ec¬-

450 1714 292 92 clesiast.
674 1714 157 92 21.
764 1714 157 92 Qui
854 1714 180 92 odit
967 1714 382 92 correctionem,
1281 1714 292 92 vestigium
1506 1714 157 92 est
1596 1714 337 92 peccatoris.
1844 1714 112 92 Per

448 1770 183 99 hioc
562 1770 206 99 etiam
699 1770 320 99 osteridunt
951 1770 137 99 se
1019 1770 183 99 esse
1134 1770 366 99 insipientess
1431 1770 206 99 licet
1568 1770 274 99 simulent
1773 1770 137 99 se
1819 1770 137 99 esse

462 1857 183 67 prae
577 1857 206 67 aliis
714 1857 320 67 sapientes.
966 1857 160 67 Nam
1057 1857 252 67 legitur
1240 1857 275 67 Prouerb.
1446 1857 137 67 9.
1515 1857 183 67 Noli
1630 1857 252 67 arguere
1790 1857 160 67 deri¬-

456 1907 225 104 sorem,
614 1907 135 104 ne
682 1907 225 104 oderit
839 1907 158 104 te;
929 1907 203 104 argue
1064 1907 315 104 sapientem,
1312 1907 113 104 &
1357 1907 338 104 diligetite.
1627 1907 158 104 Per
1717 1907 158 104 hoc
1784 1907 158 104 etiam

444 1975 287 85 ostendunt
665 1975 132 85 se
731 1975 176 85 esse
841 1975 287 85 carnales,
1062 1975 199 85 licet
1194 1975 265 85 simulent
1393 1975 132 85 se
1459 1975 176 85 esse
1569 1975 353 85 spirituales.
1834 1975 110 85 Vn¬-

448 2047 139 80 de
517 2047 208 80 super
656 2047 208 80 illud
795 2047 185 80 Gal.
911 2047 139 80 4.
980 2047 185 80 Ergo
1096 2047 162 80 ego
1188 2047 278 80 inimicus
1397 2047 231 80 factus
1559 2047 162 80 sum
1651 2047 231 80 vobis,
1790 2047 162 80 verum

435 2111 270 93 dicens?
632 2111 246 93 Gloss.
804 2111 197 93 Nemo
927 2111 295 93 carnalis
1148 2111 197 93 vult
1271 2111 221 93 argui
1419 2111 148 93 se
1493 2111 320 93 errantem.
1738 2111 172 93 Per
1812 2111 123 93 hoc

435 2193 253 78 etiam,
612 2193 202 78 quod
738 2193 303 78 peruersa
965 2193 253 78 volunt
1142 2193 253 78 agere,
1319 2193 126 78 &
1369 2193 227 78 tamen
1521 2193 253 78 nolunt
1697 2193 303 78 corripi,

436 2257 223 85 patet
585 2257 198 85 quod
708 2257 198 85 plus
832 2257 247 85 volunt
1005 2257 148 85 se
1079 2257 272 85 diligi,
1277 2257 198 85 quam
1401 2257 346 85 veritatem.
1673 2257 198 85 Nam,
1772 2257 173 85 sicut

440 2314 225 81 dicit
590 2314 326 81 Gregorius
841 2314 150 81 in
916 2314 351 81 Pastorali.
1191 2314 175 81 Qui
1292 2314 301 81 peruersa
1517 2314 200 81 hult
1642 2314 251 81 agere,
1818 2314 125 81 &
1843 2314 100 81 ad

440 2394 124 88 ea
502 2394 248 88 caeteros
688 2394 165 88 vult
792 2394 227 88 tacere;
957 2394 165 88 Ipse
1060 2394 165 88 sibi
1164 2394 207 88 testis
1308 2394 165 88 est,
1412 2394 165 88 quod
1515 2394 207 88 seplus
1660 2394 248 88 veritate
1825 2394 124 88 vult

424 2452 257 88 diligi,
610 2452 187 88 quam
727 2452 233 88 contra
890 2452 140 88 se
960 2452 163 88 non
1054 2452 187 88 vult
1170 2452 280 88 defendi.
1380 2452 163 88 Cum
1473 2452 233 88 igitur
1637 2452 187 88 Deus
1753 2452 163 88 sit
1823 2452 117 88 ve¬-

431 2523 235 73 ritas,
596 2523 212 73 Ioan.
737 2523 165 73 I4.
832 2523 235 73 Restat
996 2523 188 73 quod
1114 2523 188 73 sint
1232 2523 141 73 de
1302 2523 306 73 amantibus
1538 2523 259 73 seipsos
1703 2523 235 73 plusquam

421 2576 231 89 Deum.
576 2576 154 89 De
653 2576 257 89 quibus
833 2576 231 89 dicit
987 2576 334 89 Apostolus
1244 2576 154 89 2.
1321 2576 283 89 Timoth.
1527 2576 154 89 3.
1604 2576 154 89 Et
1681 2576 231 89 erunt
1809 2576 129 89 ho¬-

422 2659 217 80 mines
566 2659 265 80 seipsos
759 2659 289 80 amantes.
976 2659 241 80 Gloss.
1144 2659 289 80 Plusquam
1361 2659 193 80 Deum
1481 2659 144 80 Et
1554 2659 144 80 de
1626 2659 241 80 eisdem
1770 2659 169 80 dicit
