2592 3508
521 168 219 88 paulo
667 168 219 88 ante,
813 168 195 88 quod
934 168 170 88 per
1032 168 170 88 eos
1129 168 316 88 instabunt
1373 168 268 88 tempora
1567 168 341 88 periculosa
1835 168 195 88 Item
1932 168 122 88 per

521 248 163 80 hoc
614 248 186 80 quod
730 248 163 80 non
824 248 303 80 patiuntur
1057 248 140 80 se
1127 248 233 80 argui,
1290 248 256 80 videtur
1476 248 186 80 quod
1593 248 163 80 non
1686 248 186 80 sint
1803 248 186 80 veri
1896 248 163 80 iseci

518 313 223 79 ficti
667 313 371 79 Christiani;
964 313 173 79 cum
1062 313 247 79 nolint
1236 313 421 79 humiliationem
1582 313 396 79 correctionis
1879 313 173 79 patis

527 380 168 72 Nam
623 380 215 72 super
766 380 215 72 illud
910 380 191 72 Cor.
1030 380 168 72 12.
1125 380 191 72 Nemo
1245 380 239 72 potest
1413 380 239 72 dicere
1580 380 407 72 DOMINVSIESVS,
1891 380 168 72 nisi¬-

526 449 133 71 in
592 449 244 71 Spiritu
770 449 244 71 Sancto,
947 449 200 71 dicit
1081 449 200 71 Glos.
1214 449 288 71 Humiliari
1436 449 222 71 debent
1591 449 311 71 Christiani
1835 449 133 71 vt
1879 449 178 71 patian

531 513 158 78 tur
622 513 136 78 se
690 513 226 78 argui;
848 513 158 78 non
938 513 271 78 quaerant
1141 513 384 78 adulationibus
1458 513 294 78 deliniri.
1684 513 181 78 Item
1797 513 136 78 ex
1864 513 136 78 eo
1909 513 136 78 quod

528 579 313 82 Prelatos,
769 579 120 82 &
817 579 217 82 alios
961 579 289 82 Maiores,
1178 579 120 82 &
1226 579 289 82 Dominos,
1442 579 313 82 audaciter
1683 579 120 82 &
1707 579 337 82 irseuerenter

523 642 317 102 arguunt;
760 642 343 102 manifeste
1024 642 264 102 patet,
1209 642 211 102 quod
1341 642 423 102 dominationem
1685 642 396 102 contemnunt.

518 713 146 89 Ex
591 713 146 89 eo
664 713 219 89 vero,
810 713 195 89 quod
932 713 390 89 correctionem
1249 713 171 89 non
1346 713 341 89 sustinent;
1615 713 195 89 vere
1736 713 341 89 ostendunt,

523 783 201 85 quod
649 783 201 85 sibi
775 783 302 85 placent.
1001 783 176 85 Hoc
1102 783 201 85 est,
1228 783 201 85 quod
1354 783 227 85 dicit
1505 783 151 85 B.
1581 783 252 85 Petrus
1757 783 277 85 Ioquens
1933 783 126 85 de¬-

522 844 242 95 Pseudo
691 844 145 95 2.
764 844 218 95 Petri
909 844 145 95 2.
982 844 412 95 Dominationem,
1321 844 266 95 inquit,
1514 844 363 95 contemnunt;
1805 844 291 95 audaces,

525 914 189 103 sibi
643 914 330 103 placentes.
903 914 189 103 Item
1021 914 142 103 ex
1092 914 142 103 eo
1162 914 189 103 quod
1280 914 307 103 Praelatos
1516 914 330 103 Ecclesiae,
1776 914 142 103 vt
1823 914 236 103 praedie¬-

528 980 211 92 ctum
660 980 211 92 est,
791 980 369 92 immoderate
1082 980 132 92 &
1134 980 422 92 irreuerenter
1477 980 317 92 arguunt;
1715 980 237 92 eorum
1846 980 185 92 autem

521 1046 347 83 argutionem
794 1046 173 83 non
893 1046 322 83 sustinent
1140 1046 198 83 (per
1264 1046 198 83 quod
1388 1046 223 83 satis
1536 1046 248 83 patet,
1709 1046 198 83 quod
1833 1046 173 83 eos
1907 1046 124 83 non

509 1116 346 72 honorant,
775 1116 186 72 nec
882 1116 292 72 timent)
1094 1116 346 72 manifeste
1360 1116 372 72 insinuant,
1653 1116 213 72 quod
1786 1116 213 72 Deum
1892 1116 133 72 nec

515 1187 278 64 timent,
717 1187 177 64 nec
818 1187 253 64 amant.
995 1187 177 64 Nam
1096 1187 227 64 super
1248 1187 227 64 illud
1399 1187 430 64 Ecclesiastici
1753 1187 152 64 2.
1829 1187 152 64 In
1879 1187 152 64 omni

536 1249 228 96 virtute
702 1249 145 96 tua
785 1249 208 96 dilige
931 1249 166 96 eum,
1034 1249 145 96 qui
1118 1249 125 96 te
1180 1249 208 96 fecit;
1325 1249 104 96 &
1367 1249 270 96 Ministros
1574 1249 166 96 eius
1678 1249 125 96 ne
1740 1249 332 96 derelinquas,

514 1316 212 69 dicit
656 1316 235 69 Gloss.
820 1316 259 69 Tumorem
1009 1316 165 69 Dei
1103 1316 118 69 &
1150 1316 235 69 amorem
1315 1316 141 69 se
1385 1316 235 69 habere
1550 1316 306 69 ostendit,
1786 1316 165 69 qui
1856 1316 165 69 hono¬-

516 1381 162 86 rat
608 1381 115 86 &
654 1381 208 86 timet
793 1381 300 86 Ministros
1024 1381 208 86 eius.
1163 1381 162 86 Qui
1255 1381 185 86 ergo
1370 1381 300 86 Ministros
1601 1381 185 86 Dei,
1717 1381 139 86 id
1786 1381 162 86 est
1855 1381 139 86 Prae

513 1442 218 88 latos
658 1442 339 88 Ecclesiae,
925 1442 194 88 modo
1046 1442 315 88 praedicto
1289 1442 315 88 nontimet,
1531 1442 170 88 nec
1628 1442 291 88 honorat;
1846 1442 145 88 se
1895 1442 121 88 nec

511 1514 212 81 Deum
643 1514 291 81 timere,
855 1514 185 81 nec
960 1514 185 81 eum
1066 1514 238 81 amare
1225 1514 397 81 demonstrat.

615 1561 137 112 §.
684 1561 137 112 Si
752 1561 160 112 qui
844 1561 183 112 ergo
958 1561 412 112 Praedicatores,
1302 1561 320 112 existentes
1553 1561 137 112 de
1622 1561 297 112 inferiori
1828 1561 183 112 ordine

493 1657 444 52 Ecclesiasticae
863 1657 370 52 Hierarchiae
1159 1657 271 52 Cvtpote
1357 1657 321 52 Regulares
1604 1657 222 52 Viri,
1752 1657 173 52 qui
1826 1657 197 52 Graece

516 1712 256 95 Monachi
702 1712 373 95 appellantur,
1005 1712 140 95 vt
1075 1712 280 95 ostensum
1284 1712 163 95 est
1378 1712 210 95 supra
1517 1712 210 95 dist.
1657 1712 140 95 I.
1727 1712 140 95 §.
1797 1712 163 95 Sed
1867 1712 186 95 dator¬-

505 1778 177 81 non
606 1778 227 81 solum
757 1778 227 81 alios
909 1778 328 81 Monachos,
1161 1778 177 81 vel
1262 1778 278 81 Laicos;
1464 1778 227 81 verum
1616 1778 227 81 etiam
1742 1778 303 81 Ecclesias;

511 1846 173 75 rum
610 1846 346 75 Praelatos,
882 1846 148 75 ex
956 1846 198 75 more
1080 1846 371 75 praesumant,
1377 1846 346 75 immodeste,
1649 1846 173 75 vel
1723 1846 272 75 irreueren

506 1922 293 86 arguere;
725 1922 293 86 videntur
945 1922 195 86 sibi
1066 1922 341 86 superiorem
1335 1922 268 86 ordinem
1530 1922 439 86 Ecclesiasticae
1871 1922 122 86 Hle

503 1988 310 70 rarchiae,
742 1988 286 70 superbe,
957 1988 143 70 ac
1028 1988 239 70 contra
1195 1988 239 70 diuina
1362 1988 263 70 eloquia
1553 1988 310 70 vsurpare.
1792 1988 143 70 Si
1840 1988 167 70 autem

493 2048 176 101 non
593 2048 326 101 patiantur
844 2048 151 101 se
919 2048 251 101 argui;
1095 2048 301 101 videntur
1321 2048 201 101 esse
1446 2048 276 101 homines
1647 2048 276 101 seipsos
1822 2048 176 101 aman¬-

504 2115 206 64 tes,
633 2115 129 64 &
684 2115 386 64 Hypocritae,
993 2115 129 64 &
1044 2115 411 64 pestilentes,
1378 2115 129 64 &
1430 2115 334 64 carnales,
1687 2115 411 64 dominationem

501 2184 404 77 contemnentes,
834 2184 119 77 &
882 2184 190 77 sibi
1000 2184 333 77 placentes;
1262 2184 119 77 &
1310 2184 166 77 non
1405 2184 214 77 veri,
1547 2184 166 77 sed
1642 2184 214 77 ficti
1761 2184 238 77 Christia

495 2248 140 86 ni
565 2248 163 86 Per
658 2248 163 86 hoc
751 2248 233 86 etiam,
914 2248 186 86 quod
1031 2248 303 86 Ministros
1264 2248 186 86 Dei,
1380 2248 140 86 Id
1450 2248 163 86 est
1543 2248 303 86 Praelatos
1753 2248 233 86 Ecclesic

502 2315 152 71 in
578 2315 328 71 huiusmodi
830 2315 480 71 correctionibus,
1234 2315 152 71 vt
1310 2315 253 71 dictum
1487 2315 202 71 est,
1613 2315 177 71 nec
1714 2315 278 71 timent;
1891 2315 126 71 nec

497 2379 347 104 honorant;
764 2379 347 104 manifeste
1031 2379 373 104 ostendunt,
1324 2379 213 104 quod
1457 2379 213 104 Deum
1590 2379 187 104 nec
1697 2379 293 104 timent;
1884 2379 133 104 nec

496 2469 252 92 amant.
672 2469 151 92 Et
748 2469 201 92 ideo
873 2469 176 92 non
974 2469 302 92 videntur
1201 2469 201 92 esse
1326 2469 201 92 veri
1452 2469 327 92 Apostoli,
1704 2469 176 92 sed
1779 2469 227 92 Pseudo;

567 2524 164 97 §.
649 2524 547 97 Trigesimumprimum
1113 2524 273 97 Signum
1305 2524 273 97 potest
1496 2524 246 97 esse;
1660 2524 219 97 Quod
1797 2524 219 97 veri
1906 2524 82 97 A

508 2593 278 96 postoli,
716 2593 185 96 bene
832 2593 185 96 sibi
948 2593 255 96 conscii
1133 2593 232 96 Ctpote
1295 2593 232 96 Quorum
1457 2593 232 96 gloria
1619 2593 162 96 est
1712 2593 370 96 testimonium.

503 2668 352 66 conscientiae
789 2668 176 66 suae
900 2668 132 66 2.
966 2668 242 66 Corinth
1142 2668 132 66 I.
1208 2668 220 66 villa,
1362 2668 176 66 quae
1472 2668 220 66 contra
1626 2668 286 66 Peruersos
1825 2668 198 66 dicuns.

495 2720 194 108 tur,
616 2720 242 108 contra
785 2720 145 108 se
858 2720 194 108 dici
979 2720 363 108 specialiter
1269 2720 532 108 minimessuspicantur
1729 2720 242 108 Pseudo
1874 2720 145 108 vere
