2592 3508
468 179 366 72 Hopocritae,
761 179 122 72 &
809 179 317 72 Peruersi,
1053 179 146 72 ac
1127 179 195 72 male
1249 179 195 72 sibi
1371 179 293 72 consdii,
1590 179 195 72 mala
1712 179 195 72 quae
1835 179 146 72 in
1883 179 98 72 se

472 242 291 97 sentiunt
690 242 242 97 (licet
859 242 363 97 generaliter
1150 242 242 97 contra
1320 242 315 97 Peruersos
1562 242 315 97 dicantur)
1780 242 194 97 suspi¬-

470 307 279 80 picantur
679 307 349 80 specialiter
958 307 140 80 de
1028 307 140 80 se
1098 307 209 80 dici.
1238 307 186 80 Vnde
1354 307 209 80 super
1493 307 233 80 sillud
1656 307 163 80 Iob
1749 307 163 80 II.
1842 307 186 80 Num¬

464 389 189 79 quid
583 389 166 79 qui
677 389 213 79 multa
820 389 308 79 loquitur,
1056 389 166 79 non
1151 389 118 79 &
1198 389 189 79 ipse
1317 389 355 79 exaudietur,
1601 389 213 79 dicit
1719 389 261 79 Gregorius

469 450 143 74 in
541 450 190 74 lib.
659 450 166 74 10.
755 450 238 74 Moral.
921 450 166 74 Cum
1016 450 190 74 vera
1135 450 166 74 vox
1230 450 285 74 Prauorum
1444 450 285 74 lauribus
1658 450 143 74 se
1729 450 285 74 admouet,

470 514 275 58 memoriam
676 514 206 58 culpa
814 514 252 58 mordet;
997 514 115 58 &
1043 514 160 58 per
1134 514 183 58 hoc,
1249 514 183 58 quod
1363 514 344 58 generaliter
1638 514 229 58 contra
1776 514 206 58 Peruer¬-

471 578 143 67 sos
552 578 244 67 dicitur,
735 578 122 67 se
797 578 204 67 impeti
939 578 306 67 specialiter
1184 578 306 67 suspicatur;
1428 578 163 67 quod
1530 578 163 67 enim
1632 578 183 67 intus
1754 578 204 67 egisse
1876 578 102 67 me¬-

465 658 233 68 minit,
628 658 233 68 audire
791 658 210 68 foris
931 658 326 68 erubescit.
1187 658 163 68 Qui
1280 658 210 68 autem
1420 658 210 68 illud
1560 658 256 68 crimen,
1746 658 186 68 quod
1839 658 140 68 con¬-

478 716 156 86 tra
567 716 289 86 Peruersos
789 716 334 86 generaliter
1056 716 267 86 dicitur,
1256 716 222 86 contra
1412 716 133 86 se
1479 716 178 86 dici
1590 716 334 86 specialiter
1835 716 133 86 sus¬-

477 779 269 63 picatur;
678 779 224 63 procul
835 779 202 63 dubio
970 779 135 63 se
1037 779 135 63 de
1104 779 179 63 illo
1217 779 179 63 esse
1329 779 314 63 culpabilom
1575 779 381 63 testificatur.
1867 779 112 63 Vn¬-

474 844 167 61 de
558 844 390 61 Hierouymus
865 844 167 61 Ad
948 844 418 61 Nepotianum.
1283 844 307 61 Neminem
1506 844 279 61 laesi;
1701 844 279 61 nullum
1868 844 112 61 de

475 916 160 73 mea
566 916 296 73 scriptura
794 916 205 73 nomen
931 916 319 73 desienatum
1182 916 182 73 est;
1296 916 251 73 neminem
1478 916 228 73 ssermo
1638 916 182 73 meus
1729 916 251 73 speceali¬-

490 977 138 82 ter
569 977 257 82 pulsauit;
767 977 257 82 generalis
964 977 237 82 desputio
1142 977 119 82 de
1201 977 198 82 vitiis
1340 977 158 82 est;
1439 977 138 82 sed
1518 977 138 82 qui
1597 977 158 82 mihi
1695 977 119 82 ex
1755 977 138 82 hoc
1814 977 158 82 irasci

496 1042 266 83 voluerit
695 1042 199 83 prius
828 1042 177 83 ipse
939 1042 133 83 se
1005 1042 376 83 confitebitur,
1315 1042 177 83 quod
1426 1042 199 83 talis
1558 1042 177 83 est.
1669 1042 177 83 Item
1758 1042 221 83 Hieroni¬-

475 1106 187 59 mus
582 1106 160 59 Ad
662 1106 321 59 Rusticum
903 1106 347 59 Monachum.
1170 1106 214 59 Stio
1303 1106 160 59 me
1383 1106 374 59 offensurum
1677 1106 214 59 esse
1784 1106 187 59 quam¬-

485 1176 258 60 blurimos
679 1176 151 60 qui
765 1176 280 60 generalem
980 1176 129 60 de
1045 1176 215 60 vitiis
1195 1176 366 60 disputationem
1497 1176 129 60 in
1561 1176 172 60 suam
1669 1176 258 60 referunt
1841 1176 129 60 con¬-

473 1242 316 73 tumeliam;
716 1242 122 73 &
765 1242 170 73 dum
862 1242 195 73 mihi
984 1242 365 73 irascuntur,
1275 1242 195 73 suam
1397 1242 292 73 indicant
1616 1242 414 73 conscientiam;

471 1314 280 73 multoque
681 1314 210 73 peius
820 1314 140 73 de
890 1314 163 73 se,
984 1314 187 73 quam
1100 1314 140 73 de
1170 1314 140 73 me
1240 1314 303 73 iudicant.
1473 1314 210 73 Huius
1613 1314 280 73 exemplum
1800 1314 163 73 aper¬-

480 1374 176 79 tum
580 1374 276 79 habemus
781 1374 201 79 Euc.
907 1374 176 79 II.
1007 1374 226 79 Vvbi,
1158 1374 176 79 cum
1259 1374 276 79 Dominus
1460 1374 377 79 generaliter
1736 1374 226 79 praedi¬-

480 1442 231 87 caret
634 1442 257 87 contra
814 1442 360 87 Pharisaeos
1097 1442 385 87 Hypocritas,
1405 1442 283 87 neminem
1610 1442 334 87 nominando
1842 1442 128 87 di¬-

479 1499 195 94 cens.
609 1499 152 94 Vae
696 1499 195 94 vobis
826 1499 303 94 Pharisais,
1064 1499 152 94 qui
1150 1499 281 94 diligitis
1367 1499 216 94 primas
1518 1499 281 94 cathedras
1735 1499 130 94 in
1778 1499 195 94 Synago¬-

469 1570 225 73 igis,
619 1570 200 73 &c.;
744 1570 250 73 quidam
919 1570 325 73 Phariseus
1169 1570 325 73 Hypocrita
1418 1570 150 73 ex
1493 1570 200 73 mala
1618 1570 400 73 conscientia,

479 1634 189 67 quam
598 1634 284 67 gerebat,
810 1634 331 67 exclamauit
1070 1634 260 67 dicens.
1259 1634 307 67 Magister,
1495 1634 189 67 haec
1614 1634 284 67 dicendo,
1803 1634 165 67 etiam

474 1706 359 75 contumeliam
761 1706 215 75 nobis
904 1706 239 75 facis.
1072 1706 215 75 Glos.
1215 1706 239 75 Audito
1382 1706 215 75 verbo
1526 1706 263 75 Domini,
1693 1706 287 75 Pharisaeus

484 1770 337 75 contumeliam
753 1770 180 75 sibi
866 1770 202 75 fieri
1001 1770 225 75 putat;
1158 1770 180 75 quia
1271 1770 270 75 memorata
1473 1770 202 75 peena
1608 1770 337 75 Reproborum,
1856 1770 112 75 in¬-

484 1818 259 82 telligit
679 1818 130 82 se
744 1818 303 82 damnandum.

524 1897 142 69 §.
595 1897 142 69 Si
667 1897 166 69 qui
761 1897 190 69 ergo
880 1897 403 69 Praedicatores
1212 1897 166 69 (de
1307 1897 237 69 quorum
1473 1897 285 69 canonica
1686 1897 332 69 vocatione,

480 1954 173 65 seu
579 1954 297 65 missione
802 1954 173 65 non
901 1954 297 65 constet)
1123 1954 223 65 illa,
1272 1954 198 65 quae
1395 1954 148 65 de
1469 1954 371 65 Hypoeritis,
1741 1954 223 65 Pseudo¬-

474 2020 513 64 Praedicatoribus,
910 2020 128 64 &
961 2020 436 64 Penetrantibus
1320 2020 256 64 domos,
1500 2020 128 64 &
1551 2020 154 64 de
1628 2020 308 64 Otiosis,
1833 2020 128 64 Cu¬-

469 2099 262 77 riosis,
660 2099 119 77 &
708 2099 310 77 Gvrouagis
946 2099 143 77 in
1017 2099 501 77 praedicationibus,
1447 2099 167 77 vel
1542 2099 215 77 alibi
1661 2099 310 77 generaliter

482 2162 270 58 nullam
671 2162 351 58 Personam,
941 2162 270 58 nullum
1130 2162 270 58 statum
1320 2162 297 58 Ordinis
1536 2162 189 58 per
1644 2162 297 58 Romanam
1833 2162 135 58 Ec¬-

482 2225 273 67 clesiam
681 2225 372 67 approbatum,
978 2225 372 67 specialiter
1276 2225 347 67 nominando)
1548 2225 322 67 dicuntur;
1772 2225 198 67 contra

474 2283 138 81 se
543 2283 345 81 specialiter
819 2283 230 81 dicta,
980 2283 138 81 ex
1049 2283 184 81 more
1164 2283 368 81 suspicentur,
1462 2283 115 81 &
1508 2283 299 81 asferant;
1738 2283 115 81 &
1784 2283 184 81 ideo
1876 2283 92 81 ea

470 2352 217 77 ferre
614 2352 169 77 non
711 2352 289 77 possint;
927 2352 169 77 sed
1024 2352 241 77 contra
1192 2352 217 77 illa,
1337 2352 217 77 quasi
1481 2352 144 77 ad
1554 2352 193 77 suam
1650 2352 313 77 defensionem

462 2420 158 70 se
541 2420 394 70 praeparent,
856 2420 131 70 &
908 2420 236 70 eorum
1066 2420 447 70 Praedicatores
1434 2420 368 70 impugnent;
1696 2420 263 70 videntur

461 2496 191 67 esse
581 2496 239 67 tales,
748 2496 239 67 quales
916 2496 215 67 supra
1059 2496 239 67 dictum
1227 2496 191 67 est.
1347 2496 144 67 Et
1418 2496 191 67 ideo
1538 2496 168 67 non
1634 2496 287 67 videntur
1825 2496 144 67 esse

456 2551 204 77 veri
583 2551 331 77 Apostoli;
838 2551 178 77 sed
940 2551 255 77 potius
1118 2551 306 77 suspecti
1347 2551 255 77 haberi
1526 2551 306 77 possunt,
1755 2551 153 77 ne
1806 2551 153 77 sint

425 2617 269 66 Pseudo,

538 2691 166 60 §.
621 2691 608 60 Trigesimumsecundum
1147 2691 276 60 Signum
1340 2691 276 60 potest
1534 2691 249 60 esse,
1700 2691 221 60 Quod
1810 2691 166 60 veri
