2592 3508
526 196 176 77 men
626 196 151 77 in
702 196 276 77 iudicio
903 196 377 77 conueniant,
1204 196 126 77 &
1255 196 251 77 confra
1431 196 226 77 ipsos
1581 196 276 77 diutius
1757 196 302 77 altereando

530 272 178 88 cum
631 272 255 88 multis
810 272 331 88 laboribus
1065 272 127 88 &
1116 272 306 88 expensis
1345 272 153 88 in
1422 272 229 88 graue
1575 272 280 88 ipsorum
1779 272 127 88 &
1804 272 255 88 aliorurg

534 339 372 89 plurimorum
827 339 345 89 scandalum
1092 339 345 89 litigiose
1358 339 399 89 contendant;
1677 339 186 89 nec
1783 339 186 89 non
1863 339 186 89 eorum

536 405 389 65 Defenforibus
852 405 170 65 per
949 405 389 65 potentiores,
1265 405 243 65 quibus
1436 405 268 65 resisti
1630 405 170 65 non
1727 405 268 65 potest,
1898 405 170 65 poee¬-

544 476 172 91 nas
643 476 246 91 graues
815 476 123 91 &
864 476 369 91 immoderatas
1159 476 319 91 inferant,
1404 476 172 91 vel
1503 476 270 91 inferri
1699 476 295 91 faciant;
1896 476 147 91 quo¬-

542 544 200 79 niam
667 544 175 79 pro
767 544 250 79 rebus,
942 544 275 79 quantum
1143 544 150 79 ad
1218 544 225 79 eorum
1368 544 275 79 statum,
1568 544 375 79 superfluis,
1869 544 250 79 cuntra
2019 544 75 79 E

541 600 197 82 suam
664 600 394 82 professionem
984 600 123 82 &
1034 600 345 82 charitatis
1305 600 295 82 officium
1526 600 246 82 inepte
1698 600 295 82 litigant
1895 600 148 82 scum

544 671 224 101 etiam
693 671 174 101 pro
793 671 373 101 necessariis
1092 671 323 101 praedicto
1340 671 199 101 modo
1465 671 299 101 litigare
1689 671 249 101 contra
1838 671 199 101 malesa

539 732 257 75 ctores
719 732 206 75 suos
848 732 180 75 non
951 732 309 75 debeant)
1182 732 206 75 quod
1311 732 437 75 asperfectione
1671 732 231 75 longe
1800 732 231 75 distant

529 818 327 86 manifeste
780 818 402 86 demonstrant;
1107 818 226 86 iuxta
1257 818 251 86 verbum
1433 818 301 86 Gregoris
1659 818 151 86 in
1734 818 201 86 lib;
1860 818 176 86 2os
1935 818 126 86 Mo¬-

540 862 227 105 ralium
699 862 159 105 sic
790 862 294 105 dicentis.
1016 862 159 105 Qui
1107 862 362 105 aequanimiter
1401 862 227 105 aliena
1560 862 181 105 mala
1673 862 159 105 non
1764 862 272 105 tolerat,
1945 862 113 105 ipi

541 933 128 75 se
605 933 170 75 sibi
711 933 213 75 testis
860 933 170 75 est,
966 933 170 75 quod
1073 933 128 75 ab
1136 933 170 75 omni
1243 933 319 75 plenitudine
1498 933 191 75 longe
1626 933 234 75 distat.
1796 933 128 75 Et
1860 933 170 75 ideo
1945 933 106 75 ra¬-

545 1009 176 85 les
646 1009 428 85 Praedicatores
998 1009 176 85 non
1099 1009 302 85 videntur
1326 1009 201 85 esse
1451 1009 201 85 veri
1577 1009 327 85 Apostoli;
1829 1009 176 85 sed
1905 1009 176 85 Pseu¬-

509 1063 115 69 e
532 1063 115 69 do.

615 1122 170 105 §.
700 1122 596 105 Trigesimumtertium
1211 1122 284 105 Signum
1409 1122 284 105 potest
1608 1122 255 105 esse,
1778 1122 227 105 Quod
1892 1122 170 105 veri

542 1194 307 106 Apostoli
773 1194 205 106 (cum
901 1194 358 106 charitatem
1182 1194 307 106 habeant)
1412 1194 230 106 verba
1566 1194 333 106 veritatis
1822 1194 256 106 amant,
1975 1194 77 106 &

543 1272 168 88 eis
639 1272 360 88 congaudent,
927 1272 216 88 iuxta
1072 1272 216 88 illud
1216 1272 144 88 I.
1288 1272 288 88 Corinth.
1504 1272 168 88 I3.
1600 1272 288 88 Charitas
1793 1272 264 88 congaudet

550 1347 296 82 veritati.
778 1347 251 82 Glossa.
961 1347 137 82 Id
1029 1347 182 82 est,
1143 1347 228 82 verbis
1303 1347 319 82 veritatis.
1553 1347 319 82 Econtrario
1804 1347 182 82 vero
1895 1347 160 82 Pseu¬-

531 1395 147 93 do
605 1395 221 93 nulli
752 1395 196 93 sibi
875 1395 270 93 asperae
1071 1395 294 93 veritati
1292 1395 368 93 congaudent,
1586 1395 172 93 sed
1684 1395 294 93 aduersus
1905 1395 172 93 eam
1978 1395 123 93 vi¬-

527 1478 150 66 ad
602 1478 251 66 instar
778 1478 251 66 canis,
953 1478 150 66 ex
1028 1478 401 66 consuetudine
1354 1478 501 66 irrationabiliter
1780 1478 301 66 latrant;
1981 1478 75 66 &

527 1538 317 78 mordent.
765 1538 212 78 Vnde
897 1538 238 78 super
1055 1538 238 78 illud
1214 1538 317 78 Philipp.
1452 1538 159 78 3.
1531 1538 264 78 Videte
1716 1538 264 78 canes,
1875 1538 185 78 dicit

546 1592 250 96 Glossa.
728 1592 182 96 Bene
842 1592 250 96 canibus
1024 1592 205 96 illos
1161 1592 296 96 comparat;
1389 1592 182 96 quia
1503 1592 205 96 sicut
1639 1592 205 96 canes
1753 1592 296 96 consuetudi¬-

531 1671 164 89 nem
624 1671 235 89 magis,
789 1671 188 89 quam
906 1671 281 89 rationem
1117 1671 328 89 sequuntur;
1375 1671 164 89 ita
1469 1671 258 89 Pseudo-
1656 1671 281 89 Apostoli
1844 1671 211 89 consue¬-

533 1739 246 71 tudinis
712 1739 201 71 leoem
846 1739 246 71 tenent,
1025 1739 112 71 &
1069 1739 224 71 contra
1226 1739 291 71 veritatem
1449 1739 447 71 irrationabiliter
1829 1739 268 71 latrant,

536 1805 132 87 &
588 1805 318 87 iordent.
827 1805 212 87 Nam,
959 1805 238 87 sicut
1118 1805 238 87 dicit
1277 1805 344 87 Gregorius
1541 1805 159 87 in
1621 1805 212 87 lib.
1753 1805 185 87 10.
1832 1805 212 87 Morali

532 1866 276 90 Imperita
739 1866 184 90 mens
854 1866 299 90 veritatis
1083 1866 322 90 sententias
1336 1866 276 90 grauiter
1543 1866 253 90 tolerat
1726 1866 115 90 ;
1772 1866 207 90 atque
1887 1866 161 90 omne;

533 1939 182 78 quod
647 1939 228 78 rectum
807 1939 274 78 dicitur,
1012 1939 251 78 dedecus
1194 1939 182 78 suae
1308 1939 319 78 irrisionis
1559 1939 342 78 arbitratur.
1833 1939 137 78 Et
1878 1939 160 78 infra

519 2002 142 91 In
590 2002 380 91 redargutione
899 2002 309 91 vitiorum,
1136 2002 166 91 quo
1231 2002 214 91 intus
1374 2002 332 91 cognitione
1635 2002 190 91 mens
1753 2002 309 91 tangitur,
1967 2002 95 91 ad

533 2074 446 66 contradictionis
908 2074 258 66 studium
1096 2074 328 66 excitatur.
1354 2074 164 66 Cum
1447 2074 211 66 tamen
1588 2074 211 66 dicat
1706 2074 328 66 Ecclesiasti¬-

535 2130 170 69 cus
632 2130 194 69 cap.
753 2130 146 69 4.
826 2130 170 69 Non
924 2130 365 69 contradicas
1215 2130 219 69 verbo
1361 2130 316 69 veritatis
1604 2130 219 69 vllo;
1750 2130 243 69 modo;?
1896 2130 122 69 Quo

526 2198 196 81 niam
649 2198 246 81 igitur
821 2198 319 81 veritatem
1067 2198 196 81 sibi
1189 2198 270 81 asperam
1386 2198 319 81 sustinere
1631 2198 172 81 non
1729 2198 295 81 possunt;
1926 2198 98 81 id

533 2264 228 98 cireo,
693 2264 137 98 si
761 2264 159 98 qua
852 2264 205 98 talis
989 2264 251 98 veritas
1171 2264 228 98 alicui
1331 2264 228 98 minori
1490 2264 205 98 forte
1627 2264 159 98 per
1718 2264 273 98 Spiritum
1900 2264 114 98 San

536 2322 196 107 ctum
659 2322 294 107 reuelata
880 2322 343 107 extiterit;
1150 2322 172 107 vel
1248 2322 172 107 eam
1346 2322 221 107 forte
1493 2322 147 107 ex
1567 2322 245 107 verbis
1714 2322 319 107 Prophetarum

530 2387 213 87 illos
672 2387 355 87 explanando,
957 2387 355 87 collegerit;
1241 2387 284 87 deridant
1454 2387 237 87 illum,
1619 2387 213 87 atque
1738 2387 284 87 despiciunt

533 2472 176 85 nec
634 2472 176 85 non
734 2472 176 85 per
835 2472 227 85 minas
986 2472 126 85 &
1037 2472 327 85 terrores,
1288 2472 151 85 ac
1364 2472 176 85 per
1465 2472 277 85 Maiorum
1666 2472 327 85 potentiam
1893 2472 151 85 pro¬-

536 2536 254 97 curant,
721 2536 139 97 vt
790 2536 185 97 illa
905 2536 254 97 veritas
1090 2536 300 97 taceatur;
1321 2536 139 97 vt
1390 2536 323 97 simpleatur
1644 2536 139 97 in
1714 2536 162 97 eis
1783 2536 254 97 Prophetia

523 2587 265 109 Dauidis
716 2587 217 109 Psal.
860 2587 169 109 I1.
957 2587 313 109 dicentis.
1198 2587 265 109 Quoniam
1390 2587 313 109 diminutae
1631 2587 193 109 sunt
1752 2587 313 109 veritates
1969 2587 72 109 a

514 2671 248 72 filiis
688 2671 298 72 hominum.
911 2671 149 72 In
986 2671 174 72 quo
1085 2671 323 72 manifeste
1333 2671 273 72 fadiunt
1532 2671 248 72 contra
1706 2671 347 72 praeceptum
1954 2671 99 72 A¬-

514 2742 258 110 postoli
701 2742 141 110 I.
771 2742 211 110 Thes.
912 2742 141 110 5.
982 2742 305 110 dicentis.
1217 2742 281 110 Spiritum
1428 2742 234 110 nolite
1592 2742 352 110 entinquere.
1873 2742 234 110 Glost.
