2592 3508
580 162 156 108 §.
658 162 156 108 Si
736 162 182 108 qui
840 162 208 108 ergo
969 162 441 108 Praedicatores
1333 162 182 108 (de
1437 162 260 108 quorum
1619 162 312 108 canonita
1826 162 208 108 Vora¬i

519 270 251 71 tione,
695 270 176 71 seu
795 270 301 71 missione
1021 270 176 71 non
1122 270 276 71 constet
1323 270 327 71 snolentes
1574 270 226 71 iplos
1725 270 301 71 Eecipere
1926 270 100 71 ex

511 332 232 97 more
656 332 435 97 inquietent,
1004 332 145 97 &
1062 332 203 97 per
1178 332 319 97 humanam
1410 332 406 97 potentiam;
1729 332 145 97 &
1758 332 261 97 conteni

520 401 271 63 tiones,
717 401 123 63 &
767 401 246 63 lites,
939 401 172 63 seu
1038 401 222 63 etiam
1185 401 172 63 per
1284 401 320 63 Iudicium,
1530 401 172 63 sub
1629 401 320 63 quocumque
1851 401 172 63 prae¬-

529 465 228 79 textu
681 465 152 79 se
757 465 279 79 admitti
960 465 355 79 procurent,
1239 465 304 79 etiamcum
1467 465 304 79 scandalo
1670 465 355 79 plurimorumi¬-

535 527 367 76 nihilominus
828 527 220 76 etiam
975 527 147 76 ab
1049 527 196 76 eis,
1171 527 196 76 quos
1293 527 220 76 super
1440 527 343 76 receptione
1710 527 171 76 sua
1783 527 196 76 inquie

533 589 223 94 tant,
682 589 248 94 victum
856 589 124 94 &
905 589 198 94 alia
1029 589 198 94 sibi
1153 589 595 94 necessariasimportune
1674 589 124 94 &
1698 589 298 94 impudenter

531 665 276 78 petant,
732 665 125 78 &
782 665 176 78 per
882 665 452 78 importunitatem
1258 665 226 78 quasi
1409 665 301 78 tollant;
1635 665 301 78 videntur
1835 665 151 78 plus

510 725 299 84 querere
727 725 326 84 terrena,
972 725 217 84 quam
1108 725 326 84 animarum
1352 725 326 84 salutem;
1597 725 136 84 &
1651 725 217 84 ideo
1787 725 190 84 non
1868 725 136 84 vis

525 785 251 96 dentur
701 785 201 96 esse
826 785 201 96 veri
952 785 326 96 Apostoli,
1203 785 176 96 sed
1278 785 226 96 Pseudo.

588 842 164 111 §.
670 842 575 111 Trigesimumquintum
1163 842 274 111 Signum
1354 842 274 111 potest
1546 842 246 111 esse;
1710 842 219 111 Quod
1820 842 164 111 veri

521 923 331 70 Apostoli,
775 923 356 70 Principes,
1055 923 254 70 quorum
1233 923 280 70 fauorem
1437 923 204 70 sunt
1564 923 280 70 adepti,
1767 923 178 70 non
1844 923 127 70 pro

518 984 233 90 uocant
681 984 233 90 contra
843 984 233 90 illos,
1006 984 163 90 qui
1099 984 163 90 eis
1192 984 279 90 videntur
1402 984 326 90 resistere,
1657 984 163 90 vel
1727 984 256 90 aduersari

524 1059 186 92 vel
631 1059 240 92 eorum
791 1059 240 92 famam
950 1059 399 92 aliquatenus
1270 1059 373 92 offuscare;
1562 1059 186 92 sed
1669 1059 266 92 potius
1828 1059 160 92 iram

524 1105 323 111 Principum
773 1105 274 111 illorum
972 1105 323 111 mitigant,
1221 1105 149 111 si
1295 1105 299 111 aduersus
1519 1105 348 111 praedictos
1768 1105 224 111 fuerint

512 1187 385 89 prouocati.
815 1187 248 89 Huius
980 1187 193 89 rei
1091 1187 330 89 exemplum
1338 1187 303 89 habemus
1531 1187 468 89 manifestissimum

517 1249 149 91 in
592 1249 248 91 Simone
765 1249 124 91 &
814 1249 198 91 Iuda
938 1249 223 91 veris
1087 1249 347 91 Apostolis,
1359 1249 149 91 in
1433 1249 248 91 quorum
1607 1249 198 91 Vita
1730 1249 297 91 legitur;

518 1306 224 92 Quod
658 1306 196 92 cum
770 1306 280 92 quidam
965 1306 196 92 Dux
1077 1306 168 92 ad
1161 1306 252 92 eorum
1329 1306 503 92 praedicationem
1748 1306 280 92 conuer

516 1370 196 105 sus,
638 1370 196 105 gelo
760 1370 367 105 Christianae
1054 1370 220 105 Fidei
1200 1370 318 105 accensus,
1445 1370 220 105 omnes
1592 1370 342 105 Pontifices
1836 1370 147 105 suae

522 1441 229 91 Legis,
683 1441 115 91 &
728 1441 206 91 alios
866 1441 206 91 ipsis
1003 1441 298 91 Apostolis
1233 1441 344 91 resistentes
1508 1441 229 91 vellet
1668 1441 183 91 igne
1760 1441 229 91 cremare;

506 1505 202 83 Ipsi
632 1505 303 83 Apostoli
859 1505 379 83 Aduersariis
1162 1505 202 83 suis
1288 1505 429 83 compatientes,
1642 1505 202 83 pros
1768 1505 177 83 eis
1844 1505 151 83 apud

508 1570 250 92 Ducem
675 1570 472 92 misericordiam
1063 1570 139 92 &
1119 1570 444 92 indulgentiam
1480 1570 444 92 implorabant.
1813 1570 167 92 Vnde

511 1634 276 106 legitur
712 1634 151 106 in
787 1634 201 106 Vita
913 1634 301 106 dictorum
1139 1634 402 106 Apostolorum.
1466 1634 201 106 Tunc
1591 1634 251 106 iratus
1767 1634 176 106 Rex
1842 1634 126 106 ius

510 1709 151 92 sit
596 1709 258 92 copiosum
789 1709 194 92 ignem
918 1709 258 92 accendi,
1112 1709 129 92 vt
1176 1709 301 92 Pontifices
1413 1709 151 92 ibi
1499 1709 452 92 praecipitarentur,
1886 1709 108 92 &
1907 1709 86 92 ii

511 1775 228 87 omnes,
671 1775 160 87 qui
762 1775 297 87 Apostolos
991 1775 251 87 Christi
1174 1775 297 87 offuscare
1402 1775 343 87 nitebantur.
1676 1775 274 87 Apostoli
1859 1775 114 87 au¬-

503 1836 187 88 tem
610 1836 455 88 prostrauerunt
985 1836 160 88 se
1065 1836 214 88 ante
1199 1836 241 88 Ducem
1359 1836 348 88 dicentes.
1626 1836 401 88 OBSECRAMVS;

502 1890 428 118 DOMINE,
813 1890 233 118 NE
930 1890 544 118 PEPIGIAMVA
1358 1890 350 118 CAVSA
1552 1890 428 118 INTERITVS

492 1971 380 77 EORVM,
758 1971 228 77 ET
872 1971 266 77 QVI
1024 1971 266 77 PRO
1176 1971 684 77 SALVTTENOMINUM
1708 1971 266 77 MESSI

499 2029 346 105 SVMVS,
742 2029 208 105 vT
846 2029 623 105 VIVIPICABEVVIS
1365 2029 277 105 NOET
1538 2029 277 105 VoS,
1677 2029 277 105 VIVIEN

500 2105 249 65 TES
643 2105 427 65 OCCIDERE
963 2105 462 65 VIDEAMVE.

547 2150 158 106 §.
626 2150 184 106 Sed
731 2150 263 106 iterum
915 2150 632 106 Pseudo-Praedicatores
1468 2150 421 106 respondebunt
1783 2150 211 106 dicene

500 2234 203 75 tes,
627 2234 152 75 vt
703 2234 228 75 supra
855 2234 279 75 proximo
1058 2234 254 75 Signo.
1236 2234 178 75 Nos
1337 2234 178 75 per
1439 2234 330 75 Principes
1692 2234 355 75 Christiasi

514 2305 165 76 nos
609 2305 189 76 gelo
727 2305 331 76 charitatis
987 2305 331 76 succensos,
1247 2305 236 76 illos,
1412 2305 165 76 qui
1507 2305 213 76 famam
1625 2305 378 76 nostrumnoffuse

505 2374 208 84 care
635 2374 338 84 nituntur,
895 2374 417 84 compescimus;
1234 2374 182 84 ned
1338 2374 156 84 ex
1416 2374 208 84 odii
1546 2374 260 84 fomite
1729 2374 156 84 ad
1781 2374 208 84 vindi¬-

511 2425 218 84 ctam,
656 2425 170 84 sed
753 2425 145 84 ex
826 2425 194 84 gelo
947 2425 339 84 charitatis
1214 2425 145 84 ad
1286 2425 339 84 vtilitatem
1553 2425 315 84 publicam;
1771 2425 218 84 videlis

508 2499 232 113 cet,
653 2499 319 113 quoniam
885 2499 203 113 nos
1001 2499 406 113 diffamando
1319 2499 348 113 animarum
1580 2499 319 113 salutem
1783 2499 203 113 imper

510 2555 245 101 diunt,
682 2555 196 101 quae
805 2555 172 101 per
903 2555 172 101 nos
1001 2555 294 101 continue
1221 2555 368 101 produratur.

560 2613 151 110 §.
635 2613 151 110 Ad
711 2613 201 110 quod
836 2613 301 110 dicendum
1062 2613 201 110 est,
1188 2613 201 110 quod
1313 2613 226 110 illi,
1464 2613 176 110 qui
1564 2613 301 110 Beatorum
1765 2613 226 110 Simonis

504 2683 129 100 &
556 2683 232 100 Iudae
711 2683 387 100 Apostolorum
1020 2683 232 100 famam
1175 2683 335 100 obsturare
1433 2683 387 100 nirebantur,
1743 2683 129 100 &
1769 2683 232 100 siceie;
