<?xml version="1.0" encoding="UTF-8"?>
<alto xmlns:xsi="http://www.w3.org/2001/XMLSchema-instance"
      xmlns="http://www.loc.gov/standards/alto/ns-v4#"
      xmlns:page="http://schema.primaresearch.org/PAGE/gts/pagecontent/2013-07-15"
      xsi:schemaLocation="http://www.loc.gov/standards/alto/ns-v4# https://www.loc.gov/standards/alto/v4/alto.xsd">
   <Description>
      <MeasurementUnit>pixel</MeasurementUnit>
      <OCRProcessing ID="IdOcr">
         <ocrProcessingStep>
            <processingDateTime>2021-04-28T07:31:59.436-04:00</processingDateTime>
            <processingSoftware>
               <softwareCreator>READ COOP</softwareCreator>
               <softwareName>Transkribus</softwareName>
            </processingSoftware>
         </ocrProcessingStep>
      </OCRProcessing>
   </Description>
   <Tags/>
   <Layout>
      <Page ID="Page1" PHYSICAL_IMG_NR="1" HEIGHT="3508" WIDTH="2592">
         <TopMargin HEIGHT="0" WIDTH="2592" VPOS="0" HPOS="0"/>
         <LeftMargin HEIGHT="3508" WIDTH="0" VPOS="0" HPOS="0"/>
         <RightMargin HEIGHT="3508" WIDTH="0" VPOS="0" HPOS="2592"/>
         <BottomMargin HEIGHT="0" WIDTH="2592" VPOS="3508" HPOS="0"/>
         <PrintSpace HEIGHT="3508" WIDTH="2592" VPOS="0" HPOS="0">
            <TextBlock ID="r2" HEIGHT="2630" WIDTH="1487" VPOS="124" HPOS="516">
               <Shape>
                  <Polygon POINTS="516,124 516,2754 2003,2754 2003,124"/>
               </Shape>
               <TextLine ID="r2l3"
                         BASELINE="522,230 594,228 666,228 738,228 810,227 882,228 954,228 1027,228 1099,230 1171,230 1243,231 1315,231 1387,233 1459,233 1532,234 1604,236 1676,236 1748,237 1820,237 1892,237 1965,239"
                         HEIGHT="66"
                         WIDTH="1462"
                         VPOS="179"
                         HPOS="512">
                  <String HEIGHT="66"
                          WIDTH="418"
                          VPOS="179"
                          HPOS="486"
                          CONTENT="resistebant,"/>
                  <SP HEIGHT="66" WIDTH="26" VPOS="179" HPOS="904"/>
                  <String HEIGHT="66"
                          WIDTH="287"
                          VPOS="179"
                          HPOS="825"
                          CONTENT="salutem"/>
                  <SP HEIGHT="66" WIDTH="26" VPOS="179" HPOS="1112"/>
                  <String HEIGHT="66"
                          WIDTH="313"
                          VPOS="179"
                          HPOS="1034"
                          CONTENT="animarum"/>
                  <SP HEIGHT="66" WIDTH="26" VPOS="179" HPOS="1347"/>
                  <String HEIGHT="66"
                          WIDTH="261"
                          VPOS="179"
                          HPOS="1269"
                          CONTENT="procul"/>
                  <SP HEIGHT="66" WIDTH="26" VPOS="179" HPOS="1530"/>
                  <String HEIGHT="66"
                          WIDTH="235"
                          VPOS="179"
                          HPOS="1452"
                          CONTENT="dubio"/>
                  <SP HEIGHT="66" WIDTH="26" VPOS="179" HPOS="1687"/>
                  <String HEIGHT="66"
                          WIDTH="418"
                          VPOS="179"
                          HPOS="1609"
                          CONTENT="impediebant;"/>
                  <SP HEIGHT="66" WIDTH="26" VPOS="179" HPOS="2026"/>
                  <String HEIGHT="66" WIDTH="52" VPOS="179" HPOS="1922" CONTENT=""/>
               </TextLine>
               <TextLine ID="r2l4"
                         BASELINE="518,291 589,293 661,293 733,294 805,294 877,296 949,296 1020,296 1092,296 1164,297 1236,297 1308,297 1380,299 1452,299 1523,300 1595,300 1667,302 1739,302 1811,303 1883,305 1955,306"
                         HEIGHT="62"
                         WIDTH="1457"
                         VPOS="262"
                         HPOS="508">
                  <String HEIGHT="62" WIDTH="185" VPOS="262" HPOS="482" CONTENT="non"/>
                  <SP HEIGHT="62" WIDTH="26" VPOS="262" HPOS="667"/>
                  <String HEIGHT="62"
                          WIDTH="238"
                          VPOS="262"
                          HPOS="587"
                          CONTENT="tamen"/>
                  <SP HEIGHT="62" WIDTH="26" VPOS="262" HPOS="826"/>
                  <String HEIGHT="62"
                          WIDTH="291"
                          VPOS="262"
                          HPOS="746"
                          CONTENT="propter"/>
                  <SP HEIGHT="62" WIDTH="26" VPOS="262" HPOS="1038"/>
                  <String HEIGHT="62" WIDTH="185" VPOS="262" HPOS="958" CONTENT="hoc"/>
                  <SP HEIGHT="62" WIDTH="26" VPOS="262" HPOS="1144"/>
                  <String HEIGHT="62"
                          WIDTH="212"
                          VPOS="262"
                          HPOS="1064"
                          CONTENT="ipsi"/>
                  <SP HEIGHT="62" WIDTH="26" VPOS="262" HPOS="1276"/>
                  <String HEIGHT="62"
                          WIDTH="318"
                          VPOS="262"
                          HPOS="1197"
                          CONTENT="Apostoli"/>
                  <SP HEIGHT="62" WIDTH="26" VPOS="262" HPOS="1515"/>
                  <String HEIGHT="62"
                          WIDTH="185"
                          VPOS="262"
                          HPOS="1435"
                          CONTENT="eos"/>
                  <SP HEIGHT="62" WIDTH="26" VPOS="262" HPOS="1621"/>
                  <String HEIGHT="62" WIDTH="159" VPOS="262" HPOS="1541" CONTENT="ad"/>
                  <SP HEIGHT="62" WIDTH="26" VPOS="262" HPOS="1700"/>
                  <String HEIGHT="62"
                          WIDTH="371"
                          VPOS="262"
                          HPOS="1594"
                          CONTENT="correctionem"/>
               </TextLine>
               <TextLine ID="r2l5"
                         BASELINE="527,363 598,362 670,362 741,360 813,360 885,360 956,362 1028,362 1099,362 1171,363 1243,363 1314,365 1386,365 1457,366 1529,366 1601,368 1672,368 1744,368 1815,369 1887,369 1959,368"
                         HEIGHT="73"
                         WIDTH="1451"
                         VPOS="308"
                         HPOS="517">
                  <String HEIGHT="73"
                          WIDTH="396"
                          VPOS="308"
                          HPOS="491"
                          CONTENT="accusarunt;"/>
                  <SP HEIGHT="73" WIDTH="26" VPOS="308" HPOS="886"/>
                  <String HEIGHT="73" WIDTH="185" VPOS="308" HPOS="807" CONTENT="sed"/>
                  <SP HEIGHT="73" WIDTH="26" VPOS="308" HPOS="992"/>
                  <String HEIGHT="73"
                          WIDTH="264"
                          VPOS="308"
                          HPOS="913"
                          CONTENT="potius"/>
                  <SP HEIGHT="73" WIDTH="26" VPOS="308" HPOS="1177"/>
                  <String HEIGHT="73"
                          WIDTH="185"
                          VPOS="308"
                          HPOS="1097"
                          CONTENT="eis"/>
                  <SP HEIGHT="73" WIDTH="26" VPOS="308" HPOS="1282"/>
                  <String HEIGHT="73"
                          WIDTH="422"
                          VPOS="308"
                          HPOS="1203"
                          CONTENT="indulgentiam"/>
                  <SP HEIGHT="73" WIDTH="26" VPOS="308" HPOS="1625"/>
                  <String HEIGHT="73"
                          WIDTH="422"
                          VPOS="308"
                          HPOS="1546"
                          CONTENT="postularunt,"/>
                  <SP HEIGHT="73" WIDTH="26" VPOS="308" HPOS="1968"/>
                  <String HEIGHT="73" WIDTH="106" VPOS="308" HPOS="1862" CONTENT="vt"/>
               </TextLine>
               <TextLine ID="r2l6"
                         BASELINE="528,417 599,420 671,422 743,425 815,426 887,428 958,428 1030,429 1102,429 1174,429 1246,429 1317,429 1389,431 1461,431 1533,431 1605,432 1676,432 1748,434 1820,435 1892,438 1964,441"
                         HEIGHT="68"
                         WIDTH="1455"
                         VPOS="392"
                         HPOS="519">
                  <String HEIGHT="68"
                          WIDTH="338"
                          VPOS="392"
                          HPOS="493"
                          CONTENT="tistensum"/>
                  <SP HEIGHT="68" WIDTH="26" VPOS="392" HPOS="831"/>
                  <String HEIGHT="68" WIDTH="182" VPOS="392" HPOS="753" CONTENT="est"/>
                  <SP HEIGHT="68" WIDTH="26" VPOS="392" HPOS="935"/>
                  <String HEIGHT="68"
                          WIDTH="234"
                          VPOS="392"
                          HPOS="857"
                          CONTENT="supra"/>
                  <SP HEIGHT="68" WIDTH="26" VPOS="392" HPOS="1091"/>
                  <String HEIGHT="68"
                          WIDTH="234"
                          VPOS="392"
                          HPOS="1013"
                          CONTENT="eodem"/>
                  <SP HEIGHT="68" WIDTH="26" VPOS="392" HPOS="1247"/>
                  <String HEIGHT="68"
                          WIDTH="260"
                          VPOS="392"
                          HPOS="1169"
                          CONTENT="Signo."/>
                  <SP HEIGHT="68" WIDTH="26" VPOS="392" HPOS="1428"/>
                  <String HEIGHT="68"
                          WIDTH="208"
                          VPOS="392"
                          HPOS="1350"
                          CONTENT="Quod"/>
                  <SP HEIGHT="68" WIDTH="26" VPOS="392" HPOS="1558"/>
                  <String HEIGHT="68" WIDTH="156" VPOS="392" HPOS="1480" CONTENT="&amp;,"/>
                  <SP HEIGHT="68" WIDTH="26" VPOS="392" HPOS="1636"/>
                  <String HEIGHT="68"
                          WIDTH="208"
                          VPOS="392"
                          HPOS="1558"
                          CONTENT="ipsi"/>
                  <SP HEIGHT="68" WIDTH="26" VPOS="392" HPOS="1766"/>
                  <String HEIGHT="68"
                          WIDTH="338"
                          VPOS="392"
                          HPOS="1688"
                          CONTENT="facerent,"/>
                  <SP HEIGHT="68" WIDTH="26" VPOS="392" HPOS="2026"/>
                  <String HEIGHT="68" WIDTH="52" VPOS="392" HPOS="1922" CONTENT=""/>
               </TextLine>
               <TextLine ID="r2l7"
                         BASELINE="531,488 603,489 675,491 747,492 819,492 891,494 963,495 1035,495 1107,497 1179,497 1251,498 1323,498 1395,498 1467,498 1539,500 1611,500 1683,500 1755,501 1827,501 1899,501 1971,503"
                         HEIGHT="60"
                         WIDTH="1458"
                         VPOS="451"
                         HPOS="523">
                  <String HEIGHT="60" WIDTH="156" VPOS="451" HPOS="497" CONTENT="§."/>
                  <SP HEIGHT="60" WIDTH="26" VPOS="451" HPOS="653"/>
                  <String HEIGHT="60"
                          WIDTH="208"
                          VPOS="451"
                          HPOS="575"
                          CONTENT="veri"/>
                  <SP HEIGHT="60" WIDTH="26" VPOS="451" HPOS="783"/>
                  <String HEIGHT="60"
                          WIDTH="312"
                          VPOS="451"
                          HPOS="705"
                          CONTENT="spostoli"/>
                  <SP HEIGHT="60" WIDTH="26" VPOS="451" HPOS="1018"/>
                  <String HEIGHT="60"
                          WIDTH="286"
                          VPOS="451"
                          HPOS="940"
                          CONTENT="essent,"/>
                  <SP HEIGHT="60" WIDTH="26" VPOS="451" HPOS="1226"/>
                  <String HEIGHT="60" WIDTH="130" VPOS="451" HPOS="1148" CONTENT="&amp;"/>
                  <SP HEIGHT="60" WIDTH="26" VPOS="451" HPOS="1278"/>
                  <String HEIGHT="60"
                          WIDTH="260"
                          VPOS="451"
                          HPOS="1200"
                          CONTENT="rectam"/>
                  <SP HEIGHT="60" WIDTH="26" VPOS="451" HPOS="1460"/>
                  <String HEIGHT="60"
                          WIDTH="391"
                          VPOS="451"
                          HPOS="1382"
                          CONTENT="intentionem"/>
                  <SP HEIGHT="60" WIDTH="26" VPOS="451" HPOS="1773"/>
                  <String HEIGHT="60"
                          WIDTH="338"
                          VPOS="451"
                          HPOS="1695"
                          CONTENT="haberent;"/>
                  <SP HEIGHT="60" WIDTH="26" VPOS="451" HPOS="2033"/>
                  <String HEIGHT="60" WIDTH="52" VPOS="451" HPOS="1929" CONTENT=""/>
               </TextLine>
               <TextLine ID="r2l8"
                         BASELINE="539,557 609,557 680,558 750,558 821,560 891,560 962,561 1032,561 1103,563 1173,563 1244,563 1314,564 1385,564 1455,564 1526,566 1596,566 1667,566 1737,566 1808,565 1878,564 1949,564"
                         HEIGHT="65"
                         WIDTH="1427"
                         VPOS="515"
                         HPOS="531">
                  <String HEIGHT="65"
                          WIDTH="290"
                          VPOS="515"
                          HPOS="507"
                          CONTENT="paecipue"/>
                  <SP HEIGHT="65" WIDTH="24" VPOS="515" HPOS="797"/>
                  <String HEIGHT="65" WIDTH="169" VPOS="515" HPOS="724" CONTENT="cum"/>
                  <SP HEIGHT="65" WIDTH="24" VPOS="515" HPOS="894"/>
                  <String HEIGHT="65"
                          WIDTH="290"
                          VPOS="515"
                          HPOS="821"
                          CONTENT="illorum,"/>
                  <SP HEIGHT="65" WIDTH="24" VPOS="515" HPOS="1111"/>
                  <String HEIGHT="65"
                          WIDTH="193"
                          VPOS="515"
                          HPOS="1039"
                          CONTENT="quos"/>
                  <SP HEIGHT="65" WIDTH="24" VPOS="515" HPOS="1232"/>
                  <String HEIGHT="65"
                          WIDTH="314"
                          VPOS="515"
                          HPOS="1160"
                          CONTENT="appellant"/>
                  <SP HEIGHT="65" WIDTH="24" VPOS="515" HPOS="1474"/>
                  <String HEIGHT="65"
                          WIDTH="387"
                          VPOS="515"
                          HPOS="1402"
                          CONTENT="Aduersarios,"/>
                  <SP HEIGHT="65" WIDTH="24" VPOS="515" HPOS="1789"/>
                  <String HEIGHT="65"
                          WIDTH="169"
                          VPOS="515"
                          HPOS="1716"
                          CONTENT="aut"/>
                  <SP HEIGHT="65" WIDTH="24" VPOS="515" HPOS="1885"/>
                  <String HEIGHT="65"
                          WIDTH="193"
                          VPOS="515"
                          HPOS="1813"
                          CONTENT="Dis¬"/>
                  <SP HEIGHT="65" WIDTH="24" VPOS="515" HPOS="2006"/>
                  <String HEIGHT="65" WIDTH="48" VPOS="515" HPOS="1910" CONTENT=""/>
               </TextLine>
               <TextLine ID="r2l9"
                         BASELINE="534,626 605,626 677,626 748,626 820,627 891,627 963,627 1034,627 1106,629 1177,629 1249,629 1320,630 1392,630 1463,630 1535,630 1606,632 1678,632 1749,632 1821,632 1892,632 1964,632"
                         HEIGHT="57"
                         WIDTH="1447"
                         VPOS="603"
                         HPOS="526">
                  <String HEIGHT="57" WIDTH="123" VPOS="603" HPOS="501" CONTENT="i"/>
                  <SP HEIGHT="57" WIDTH="25" VPOS="603" HPOS="624"/>
                  <String HEIGHT="57"
                          WIDTH="294"
                          VPOS="603"
                          HPOS="551"
                          CONTENT="amatores"/>
                  <SP HEIGHT="57" WIDTH="25" VPOS="603" HPOS="845"/>
                  <String HEIGHT="57"
                          WIDTH="221"
                          VPOS="603"
                          HPOS="771"
                          CONTENT="suos,"/>
                  <SP HEIGHT="57" WIDTH="25" VPOS="603" HPOS="992"/>
                  <String HEIGHT="57"
                          WIDTH="368"
                          VPOS="603"
                          HPOS="918"
                          CONTENT="intentionem"/>
                  <SP HEIGHT="57" WIDTH="25" VPOS="603" HPOS="1286"/>
                  <String HEIGHT="57"
                          WIDTH="319"
                          VPOS="603"
                          HPOS="1213"
                          CONTENT="ignorent."/>
                  <SP HEIGHT="57" WIDTH="25" VPOS="603" HPOS="1532"/>
                  <String HEIGHT="57" WIDTH="147" VPOS="603" HPOS="1458" CONTENT="In"/>
                  <SP HEIGHT="57" WIDTH="25" VPOS="603" HPOS="1605"/>
                  <String HEIGHT="57"
                          WIDTH="172"
                          VPOS="603"
                          HPOS="1532"
                          CONTENT="eis"/>
                  <SP HEIGHT="57" WIDTH="25" VPOS="603" HPOS="1703"/>
                  <String HEIGHT="57"
                          WIDTH="221"
                          VPOS="603"
                          HPOS="1630"
                          CONTENT="enim,"/>
                  <SP HEIGHT="57" WIDTH="25" VPOS="603" HPOS="1850"/>
                  <String HEIGHT="57" WIDTH="147" VPOS="603" HPOS="1777" CONTENT="de"/>
                  <SP HEIGHT="57" WIDTH="25" VPOS="603" HPOS="1924"/>
                  <String HEIGHT="57"
                          WIDTH="147"
                          VPOS="603"
                          HPOS="1826"
                          CONTENT="qui¬"
                          SUBS_TYPE="HypPart1"
                          SUBS_CONTENT="quibus"/>
                  <HYP CONTENT="-"/>
               </TextLine>
               <TextLine ID="r2l10"
                         BASELINE="540,692 611,692 682,693 754,693 825,693 896,693 968,693 1039,695 1110,695 1182,695 1253,695 1324,696 1396,696 1467,696 1538,696 1610,697 1681,698 1752,698 1824,698 1895,698 1967,698"
                         HEIGHT="65"
                         WIDTH="1446"
                         VPOS="660"
                         HPOS="531">
                  <String HEIGHT="65"
                          WIDTH="161"
                          VPOS="660"
                          HPOS="508"
                          CONTENT="bus"
                          SUBS_TYPE="HypPart2"
                          SUBS_CONTENT="quibus"/>
                  <SP HEIGHT="65" WIDTH="23" VPOS="660" HPOS="669"/>
                  <String HEIGHT="65"
                          WIDTH="230"
                          VPOS="660"
                          HPOS="600"
                          CONTENT="dubium"/>
                  <SP HEIGHT="65" WIDTH="23" VPOS="660" HPOS="829"/>
                  <String HEIGHT="65"
                          WIDTH="184"
                          VPOS="660"
                          HPOS="761"
                          CONTENT="est,"/>
                  <SP HEIGHT="65" WIDTH="23" VPOS="660" HPOS="944"/>
                  <String HEIGHT="65" WIDTH="161" VPOS="660" HPOS="875" CONTENT="quo"/>
                  <SP HEIGHT="65" WIDTH="23" VPOS="660" HPOS="1036"/>
                  <String HEIGHT="65"
                          WIDTH="207"
                          VPOS="660"
                          HPOS="967"
                          CONTENT="animo"/>
                  <SP HEIGHT="65" WIDTH="23" VPOS="660" HPOS="1174"/>
                  <String HEIGHT="65"
                          WIDTH="230"
                          VPOS="660"
                          HPOS="1105"
                          CONTENT="siant,"/>
                  <SP HEIGHT="65" WIDTH="23" VPOS="660" HPOS="1334"/>
                  <String HEIGHT="65" WIDTH="138" VPOS="660" HPOS="1265" CONTENT="Si"/>
                  <SP HEIGHT="65" WIDTH="23" VPOS="660" HPOS="1403"/>
                  <String HEIGHT="65"
                          WIDTH="252"
                          VPOS="660"
                          HPOS="1334"
                          CONTENT="aliquis"/>
                  <SP HEIGHT="65" WIDTH="23" VPOS="660" HPOS="1587"/>
                  <String HEIGHT="65"
                          WIDTH="207"
                          VPOS="660"
                          HPOS="1518"
                          CONTENT="putat"/>
                  <SP HEIGHT="65" WIDTH="23" VPOS="660" HPOS="1725"/>
                  <String HEIGHT="65" WIDTH="138" VPOS="660" HPOS="1656" CONTENT="se"/>
                  <SP HEIGHT="65" WIDTH="23" VPOS="660" HPOS="1793"/>
                  <String HEIGHT="65" WIDTH="138" VPOS="660" HPOS="1725" CONTENT="in"/>
                  <SP HEIGHT="65" WIDTH="23" VPOS="660" HPOS="1862"/>
                  <String HEIGHT="65"
                          WIDTH="161"
                          VPOS="660"
                          HPOS="1793"
                          CONTENT="hoc"/>
                  <SP HEIGHT="65" WIDTH="23" VPOS="660" HPOS="1954"/>
                  <String HEIGHT="65"
                          WIDTH="115"
                          VPOS="660"
                          HPOS="1862"
                          CONTENT="Deo"/>
               </TextLine>
               <TextLine ID="r2l11"
                         BASELINE="543,758 613,758 684,758 755,759 826,759 897,759 967,759 1038,759 1109,760 1180,761 1251,761 1321,761 1392,761 1463,762 1534,762 1605,762 1675,762 1746,764 1817,764 1888,764 1959,764"
                         HEIGHT="58"
                         WIDTH="1435"
                         VPOS="714"
                         HPOS="534">
                  <String HEIGHT="58"
                          WIDTH="257"
                          VPOS="714"
                          HPOS="513"
                          CONTENT="placere;"/>
                  <SP HEIGHT="58" WIDTH="21" VPOS="714" HPOS="770"/>
                  <String HEIGHT="58"
                          WIDTH="171"
                          VPOS="714"
                          HPOS="705"
                          CONTENT="quod"/>
                  <SP HEIGHT="58" WIDTH="21" VPOS="714" HPOS="877"/>
                  <String HEIGHT="58"
                          WIDTH="214"
                          VPOS="714"
                          HPOS="812"
                          CONTENT="Seruos"/>
                  <SP HEIGHT="58" WIDTH="21" VPOS="714" HPOS="1027"/>
                  <String HEIGHT="58" WIDTH="150" VPOS="714" HPOS="962" CONTENT="Dei"/>
                  <SP HEIGHT="58" WIDTH="21" VPOS="714" HPOS="1112"/>
                  <String HEIGHT="58"
                          WIDTH="257"
                          VPOS="714"
                          HPOS="1048"
                          CONTENT="accusat,"/>
                  <SP HEIGHT="58" WIDTH="21" VPOS="714" HPOS="1305"/>
                  <String HEIGHT="58" WIDTH="107" VPOS="714" HPOS="1241" CONTENT="&amp;"/>
                  <SP HEIGHT="58" WIDTH="21" VPOS="714" HPOS="1348"/>
                  <String HEIGHT="58" WIDTH="129" VPOS="714" HPOS="1284" CONTENT="vt"/>
                  <SP HEIGHT="58" WIDTH="21" VPOS="714" HPOS="1412"/>
                  <String HEIGHT="58"
                          WIDTH="257"
                          VPOS="714"
                          HPOS="1348"
                          CONTENT="meliores"/>
                  <SP HEIGHT="58" WIDTH="21" VPOS="714" HPOS="1605"/>
                  <String HEIGHT="58"
                          WIDTH="214"
                          VPOS="714"
                          HPOS="1541"
                          CONTENT="siant,"/>
                  <SP HEIGHT="58" WIDTH="21" VPOS="714" HPOS="1755"/>
                  <String HEIGHT="58"
                          WIDTH="193"
                          VPOS="714"
                          HPOS="1691"
                          CONTENT="dicit"/>
                  <SP HEIGHT="58" WIDTH="21" VPOS="714" HPOS="1883"/>
                  <String HEIGHT="58" WIDTH="129" VPOS="714" HPOS="1819" CONTENT="se"/>
                  <SP HEIGHT="58" WIDTH="21" VPOS="714" HPOS="1948"/>
                  <String HEIGHT="58"
                          WIDTH="107"
                          VPOS="714"
                          HPOS="1862"
                          CONTENT="hoc"/>
               </TextLine>
               <TextLine ID="r2l12"
                         BASELINE="540,821 611,821 683,822 754,822 826,822 897,824 969,824 1040,825 1112,825 1183,827 1255,827 1326,828 1398,828 1469,828 1541,830 1612,830 1684,830 1755,830 1827,828 1898,828 1970,828"
                         HEIGHT="72"
                         WIDTH="1450"
                         VPOS="779"
                         HPOS="530">
                  <String HEIGHT="72"
                          WIDTH="223"
                          VPOS="779"
                          HPOS="508"
                          CONTENT="egere;"/>
                  <SP HEIGHT="72" WIDTH="22" VPOS="779" HPOS="731"/>
                  <String HEIGHT="72"
                          WIDTH="178"
                          VPOS="779"
                          HPOS="664"
                          CONTENT="plus"/>
                  <SP HEIGHT="72" WIDTH="22" VPOS="779" HPOS="842"/>
                  <String HEIGHT="72"
                          WIDTH="268"
                          VPOS="779"
                          HPOS="775"
                          CONTENT="inuidiae"/>
                  <SP HEIGHT="72" WIDTH="22" VPOS="779" HPOS="1043"/>
                  <String HEIGHT="72"
                          WIDTH="268"
                          VPOS="779"
                          HPOS="976"
                          CONTENT="stimulis"/>
                  <SP HEIGHT="72" WIDTH="22" VPOS="779" HPOS="1244"/>
                  <String HEIGHT="72"
                          WIDTH="290"
                          VPOS="779"
                          HPOS="1177"
                          CONTENT="agitatur,"/>
                  <SP HEIGHT="72" WIDTH="22" VPOS="779" HPOS="1467"/>
                  <String HEIGHT="72"
                          WIDTH="178"
                          VPOS="779"
                          HPOS="1400"
                          CONTENT="quam"/>
                  <SP HEIGHT="72" WIDTH="22" VPOS="779" HPOS="1578"/>
                  <String HEIGHT="72"
                          WIDTH="335"
                          VPOS="779"
                          HPOS="1512"
                          CONTENT="charitatis,"/>
                  <SP HEIGHT="72" WIDTH="22" VPOS="779" HPOS="1846"/>
                  <String HEIGHT="72" WIDTH="134" VPOS="779" HPOS="1779" CONTENT="vt"/>
                  <SP HEIGHT="72" WIDTH="22" VPOS="779" HPOS="1913"/>
                  <String HEIGHT="72"
                          WIDTH="156"
                          VPOS="779"
                          HPOS="1824"
                          CONTENT="legi¬"
                          SUBS_TYPE="HypPart1"
                          SUBS_CONTENT="legitur"/>
                  <HYP CONTENT="-"/>
               </TextLine>
               <TextLine ID="r2l13"
                         BASELINE="536,890 565,889 595,888 625,888 654,888 684,888 714,888 743,888 773,890 803,890 833,890 862,890 892,890 922,891 951,891 981,891 1011,891 1040,891 1070,891 1100,891 1130,891"
                         HEIGHT="57"
                         WIDTH="612"
                         VPOS="848"
                         HPOS="527">
                  <String HEIGHT="57"
                          WIDTH="153"
                          VPOS="848"
                          HPOS="505"
                          CONTENT="tur"
                          SUBS_TYPE="HypPart2"
                          SUBS_CONTENT="legitur"/>
                  <SP HEIGHT="57" WIDTH="22" VPOS="848" HPOS="658"/>
                  <String HEIGHT="57" WIDTH="131" VPOS="848" HPOS="593" CONTENT="6."/>
                  <SP HEIGHT="57" WIDTH="22" VPOS="848" HPOS="724"/>
                  <String HEIGHT="57" WIDTH="131" VPOS="848" HPOS="658" CONTENT="4."/>
                  <SP HEIGHT="57" WIDTH="22" VPOS="848" HPOS="789"/>
                  <String HEIGHT="57" WIDTH="131" VPOS="848" HPOS="724" CONTENT="I."/>
                  <SP HEIGHT="57" WIDTH="22" VPOS="848" HPOS="855"/>
                  <String HEIGHT="57"
                          WIDTH="175"
                          VPOS="848"
                          HPOS="789"
                          CONTENT="cap."/>
                  <SP HEIGHT="57" WIDTH="22" VPOS="848" HPOS="964"/>
                  <String HEIGHT="57" WIDTH="131" VPOS="848" HPOS="899" CONTENT="Si"/>
                  <SP HEIGHT="57" WIDTH="22" VPOS="848" HPOS="1030"/>
                  <String HEIGHT="57"
                          WIDTH="219"
                          VPOS="848"
                          HPOS="964"
                          CONTENT="omnia."/>
                  <SP HEIGHT="57" WIDTH="22" VPOS="848" HPOS="1183"/>
                  <String HEIGHT="57" WIDTH="44" VPOS="848" HPOS="1095" CONTENT=""/>
               </TextLine>
               <TextLine ID="r2l14"
                         BASELINE="602,953 670,953 739,954 807,954 876,954 944,954 1013,956 1081,956 1150,956 1218,957 1287,957 1356,957 1424,959 1493,959 1561,959 1630,959 1698,959 1767,959 1835,959 1904,959 1973,959"
                         HEIGHT="63"
                         WIDTH="1389"
                         VPOS="907"
                         HPOS="593">
                  <String HEIGHT="63" WIDTH="146" VPOS="907" HPOS="569" CONTENT="§."/>
                  <SP HEIGHT="63" WIDTH="24" VPOS="907" HPOS="715"/>
                  <String HEIGHT="63" WIDTH="146" VPOS="907" HPOS="642" CONTENT="Si"/>
                  <SP HEIGHT="63" WIDTH="24" VPOS="907" HPOS="788"/>
                  <String HEIGHT="63" WIDTH="171" VPOS="907" HPOS="715" CONTENT="qui"/>
                  <SP HEIGHT="63" WIDTH="24" VPOS="907" HPOS="885"/>
                  <String HEIGHT="63"
                          WIDTH="195"
                          VPOS="907"
                          HPOS="812"
                          CONTENT="ergo"/>
                  <SP HEIGHT="63" WIDTH="24" VPOS="907" HPOS="1007"/>
                  <String HEIGHT="63"
                          WIDTH="414"
                          VPOS="907"
                          HPOS="934"
                          CONTENT="Praedicatores"/>
                  <SP HEIGHT="63" WIDTH="24" VPOS="907" HPOS="1348"/>
                  <String HEIGHT="63"
                          WIDTH="171"
                          VPOS="907"
                          HPOS="1275"
                          CONTENT="(de"/>
                  <SP HEIGHT="63" WIDTH="24" VPOS="907" HPOS="1446"/>
                  <String HEIGHT="63"
                          WIDTH="244"
                          VPOS="907"
                          HPOS="1373"
                          CONTENT="quorum"/>
                  <SP HEIGHT="63" WIDTH="24" VPOS="907" HPOS="1616"/>
                  <String HEIGHT="63"
                          WIDTH="292"
                          VPOS="907"
                          HPOS="1543"
                          CONTENT="canonica"/>
                  <SP HEIGHT="63" WIDTH="24" VPOS="907" HPOS="1836"/>
                  <String HEIGHT="63"
                          WIDTH="244"
                          VPOS="907"
                          HPOS="1738"
                          CONTENT="vocatio¬"
                          SUBS_TYPE="HypPart1"
                          SUBS_CONTENT="vocatione,"/>
                  <HYP CONTENT="-"/>
               </TextLine>
               <TextLine ID="r2l15"
                         BASELINE="536,1022 607,1022 678,1020 750,1020 821,1020 893,1020 964,1020 1035,1022 1107,1022 1178,1022 1250,1023 1321,1023 1392,1025 1464,1025 1535,1025 1607,1026 1678,1026 1749,1026 1821,1026 1892,1025 1964,1025"
                         HEIGHT="59"
                         WIDTH="1446"
                         VPOS="978"
                         HPOS="527">
                  <String HEIGHT="59"
                          WIDTH="178"
                          VPOS="978"
                          HPOS="502"
                          CONTENT="ne,"
                          SUBS_TYPE="HypPart2"
                          SUBS_CONTENT="vocatione,"/>
                  <SP HEIGHT="59" WIDTH="25" VPOS="978" HPOS="679"/>
                  <String HEIGHT="59" WIDTH="178" VPOS="978" HPOS="603" CONTENT="seu"/>
                  <SP HEIGHT="59" WIDTH="25" VPOS="978" HPOS="781"/>
                  <String HEIGHT="59"
                          WIDTH="304"
                          VPOS="978"
                          HPOS="705"
                          CONTENT="missione"/>
                  <SP HEIGHT="59" WIDTH="25" VPOS="978" HPOS="1009"/>
                  <String HEIGHT="59" WIDTH="178" VPOS="978" HPOS="933" CONTENT="non"/>
                  <SP HEIGHT="59" WIDTH="25" VPOS="978" HPOS="1110"/>
                  <String HEIGHT="59"
                          WIDTH="457"
                          VPOS="978"
                          HPOS="1034"
                          CONTENT="constetycontra"/>
                  <SP HEIGHT="59" WIDTH="25" VPOS="978" HPOS="1491"/>
                  <String HEIGHT="59"
                          WIDTH="203"
                          VPOS="978"
                          HPOS="1415"
                          CONTENT="eos,"/>
                  <SP HEIGHT="59" WIDTH="25" VPOS="978" HPOS="1618"/>
                  <String HEIGHT="59"
                          WIDTH="203"
                          VPOS="978"
                          HPOS="1542"
                          CONTENT="quos"/>
                  <SP HEIGHT="59" WIDTH="25" VPOS="978" HPOS="1745"/>
                  <String HEIGHT="59"
                          WIDTH="330"
                          VPOS="978"
                          HPOS="1643"
                          CONTENT="Aduersarios"/>
               </TextLine>
               <TextLine ID="r2l16"
                         BASELINE="539,1086 610,1086 682,1086 753,1086 825,1086 896,1086 968,1087 1039,1088 1111,1088 1182,1089 1254,1089 1326,1091 1397,1091 1469,1091 1540,1091 1612,1091 1683,1091 1755,1091 1826,1091 1898,1089 1970,1088"
                         HEIGHT="58"
                         WIDTH="1449"
                         VPOS="1042"
                         HPOS="530">
                  <String HEIGHT="58"
                          WIDTH="380"
                          VPOS="1042"
                          HPOS="506"
                          CONTENT="suspicantur,"/>
                  <SP HEIGHT="58" WIDTH="24" VPOS="1042" HPOS="886"/>
                  <String HEIGHT="58"
                          WIDTH="309"
                          VPOS="1042"
                          HPOS="815"
                          CONTENT="Principes"/>
                  <SP HEIGHT="58" WIDTH="24" VPOS="1042" HPOS="1124"/>
                  <String HEIGHT="58"
                          WIDTH="190"
                          VPOS="1042"
                          HPOS="1053"
                          CONTENT="sibi"/>
                  <SP HEIGHT="58" WIDTH="24" VPOS="1042" HPOS="1243"/>
                  <String HEIGHT="58"
                          WIDTH="356"
                          VPOS="1042"
                          HPOS="1171"
                          CONTENT="fauorabiles"/>
                  <SP HEIGHT="58" WIDTH="24" VPOS="1042" HPOS="1528"/>
                  <String HEIGHT="58"
                          WIDTH="143"
                          VPOS="1042"
                          HPOS="1456"
                          CONTENT="ad"/>
                  <SP HEIGHT="58" WIDTH="24" VPOS="1042" HPOS="1599"/>
                  <String HEIGHT="58"
                          WIDTH="309"
                          VPOS="1042"
                          HPOS="1528"
                          CONTENT="puniendum"/>
                  <SP HEIGHT="58" WIDTH="24" VPOS="1042" HPOS="1836"/>
                  <String HEIGHT="58"
                          WIDTH="214"
                          VPOS="1042"
                          HPOS="1765"
                          CONTENT="illos"/>
                  <SP HEIGHT="58" WIDTH="24" VPOS="1042" HPOS="1979"/>
                  <String HEIGHT="58" WIDTH="95" VPOS="1042" HPOS="1884" CONTENT="ex"/>
               </TextLine>
               <TextLine ID="r2l17"
                         BASELINE="543,1148 614,1148 685,1149 756,1149 827,1151 899,1151 970,1152 1041,1152 1112,1154 1183,1154 1255,1154 1326,1154 1397,1155 1468,1155 1539,1155 1611,1157 1682,1157 1753,1157 1824,1157 1895,1157 1967,1157"
                         HEIGHT="69"
                         WIDTH="1443"
                         VPOS="1119"
                         HPOS="533">
                  <String HEIGHT="69"
                          WIDTH="203"
                          VPOS="1119"
                          HPOS="508"
                          CONTENT="more"/>
                  <SP HEIGHT="69" WIDTH="25" VPOS="1119" HPOS="710"/>
                  <String HEIGHT="69"
                          WIDTH="354"
                          VPOS="1119"
                          HPOS="634"
                          CONTENT="prouocent,"/>
                  <SP HEIGHT="69" WIDTH="25" VPOS="1119" HPOS="989"/>
                  <String HEIGHT="69"
                          WIDTH="177"
                          VPOS="1119"
                          HPOS="913"
                          CONTENT="vel"/>
                  <SP HEIGHT="69" WIDTH="25" VPOS="1119" HPOS="1090"/>
                  <String HEIGHT="69"
                          WIDTH="253"
                          VPOS="1119"
                          HPOS="1014"
                          CONTENT="aliter"/>
                  <SP HEIGHT="69" WIDTH="25" VPOS="1119" HPOS="1267"/>
                  <String HEIGHT="69"
                          WIDTH="228"
                          VPOS="1119"
                          HPOS="1191"
                          CONTENT="illos"/>
                  <SP HEIGHT="69" WIDTH="25" VPOS="1119" HPOS="1419"/>
                  <String HEIGHT="69"
                          WIDTH="253"
                          VPOS="1119"
                          HPOS="1343"
                          CONTENT="puniri"/>
                  <SP HEIGHT="69" WIDTH="25" VPOS="1119" HPOS="1596"/>
                  <String HEIGHT="69"
                          WIDTH="354"
                          VPOS="1119"
                          HPOS="1520"
                          CONTENT="procurent;"/>
                  <SP HEIGHT="69" WIDTH="25" VPOS="1119" HPOS="1875"/>
                  <String HEIGHT="69"
                          WIDTH="177"
                          VPOS="1119"
                          HPOS="1799"
                          CONTENT="non"/>
                  <SP HEIGHT="69" WIDTH="25" VPOS="1119" HPOS="1976"/>
                  <String HEIGHT="69"
                          WIDTH="101"
                          VPOS="1119"
                          HPOS="1875"
                          CONTENT="ex"/>
               </TextLine>
               <TextLine ID="r2l18"
                         BASELINE="543,1217 614,1217 685,1217 756,1218 827,1218 899,1218 970,1218 1041,1218 1112,1218 1183,1220 1255,1220 1326,1220 1397,1220 1468,1221 1539,1221 1611,1221 1682,1221 1753,1221 1824,1221 1895,1223 1967,1223"
                         HEIGHT="67"
                         WIDTH="1442"
                         VPOS="1185"
                         HPOS="535">
                  <String HEIGHT="67"
                          WIDTH="347"
                          VPOS="1185"
                          HPOS="508"
                          CONTENT="charitate"/>
                  <SP HEIGHT="67" WIDTH="27" VPOS="1185" HPOS="855"/>
                  <String HEIGHT="67" WIDTH="160" VPOS="1185" HPOS="775" CONTENT="ad"/>
                  <SP HEIGHT="67" WIDTH="27" VPOS="1185" HPOS="936"/>
                  <String HEIGHT="67"
                          WIDTH="454"
                          VPOS="1185"
                          HPOS="855"
                          CONTENT="correctionem,"/>
                  <SP HEIGHT="67" WIDTH="27" VPOS="1185" HPOS="1309"/>
                  <String HEIGHT="67"
                          WIDTH="187"
                          VPOS="1185"
                          HPOS="1229"
                          CONTENT="sed"/>
                  <SP HEIGHT="67" WIDTH="27" VPOS="1185" HPOS="1416"/>
                  <String HEIGHT="67"
                          WIDTH="240"
                          VPOS="1185"
                          HPOS="1336"
                          CONTENT="magis"/>
                  <SP HEIGHT="67" WIDTH="27" VPOS="1185" HPOS="1576"/>
                  <String HEIGHT="67"
                          WIDTH="160"
                          VPOS="1185"
                          HPOS="1496"
                          CONTENT="ex"/>
                  <SP HEIGHT="67" WIDTH="27" VPOS="1185" HPOS="1657"/>
                  <String HEIGHT="67"
                          WIDTH="214"
                          VPOS="1185"
                          HPOS="1576"
                          CONTENT="odio"/>
                  <SP HEIGHT="67" WIDTH="27" VPOS="1185" HPOS="1790"/>
                  <String HEIGHT="67"
                          WIDTH="160"
                          VPOS="1185"
                          HPOS="1710"
                          CONTENT="ad"/>
                  <SP HEIGHT="67" WIDTH="27" VPOS="1185" HPOS="1870"/>
                  <String HEIGHT="67"
                          WIDTH="214"
                          VPOS="1185"
                          HPOS="1763"
                          CONTENT="vindi¬"
                          SUBS_TYPE="HypPart1"
                          SUBS_CONTENT="vindictam"/>
                  <HYP CONTENT="-"/>
               </TextLine>
               <TextLine ID="r2l19"
                         BASELINE="554,1284 625,1283 696,1283 767,1283 839,1283 910,1283 981,1283 1053,1283 1124,1284 1195,1284 1267,1286 1338,1286 1409,1287 1480,1287 1552,1287 1623,1288 1694,1289 1766,1288 1837,1287 1908,1287 1980,1286"
                         HEIGHT="66"
                         WIDTH="1444"
                         VPOS="1234"
                         HPOS="545">
                  <String HEIGHT="66"
                          WIDTH="222"
                          VPOS="1234"
                          HPOS="517"
                          CONTENT="ctam"
                          SUBS_TYPE="HypPart2"
                          SUBS_CONTENT="vindictam"/>
                  <SP HEIGHT="66" WIDTH="28" VPOS="1234" HPOS="739"/>
                  <String HEIGHT="66"
                          WIDTH="278"
                          VPOS="1234"
                          HPOS="656"
                          CONTENT="moueri"/>
                  <SP HEIGHT="66" WIDTH="28" VPOS="1234" HPOS="934"/>
                  <String HEIGHT="66"
                          WIDTH="361"
                          VPOS="1234"
                          HPOS="850"
                          CONTENT="videntur."/>
                  <SP HEIGHT="66" WIDTH="28" VPOS="1234" HPOS="1211"/>
                  <String HEIGHT="66"
                          WIDTH="167"
                          VPOS="1234"
                          HPOS="1128"
                          CONTENT="Et"/>
                  <SP HEIGHT="66" WIDTH="28" VPOS="1234" HPOS="1295"/>
                  <String HEIGHT="66"
                          WIDTH="222"
                          VPOS="1234"
                          HPOS="1211"
                          CONTENT="ideo"/>
                  <SP HEIGHT="66" WIDTH="28" VPOS="1234" HPOS="1434"/>
                  <String HEIGHT="66"
                          WIDTH="194"
                          VPOS="1234"
                          HPOS="1350"
                          CONTENT="non"/>
                  <SP HEIGHT="66" WIDTH="28" VPOS="1234" HPOS="1545"/>
                  <String HEIGHT="66"
                          WIDTH="333"
                          VPOS="1234"
                          HPOS="1461"
                          CONTENT="videntur"/>
                  <SP HEIGHT="66" WIDTH="28" VPOS="1234" HPOS="1795"/>
                  <String HEIGHT="66"
                          WIDTH="222"
                          VPOS="1234"
                          HPOS="1711"
                          CONTENT="esse"/>
                  <SP HEIGHT="66" WIDTH="28" VPOS="1234" HPOS="1933"/>
                  <String HEIGHT="66"
                          WIDTH="167"
                          VPOS="1234"
                          HPOS="1822"
                          CONTENT="veri"/>
               </TextLine>
               <TextLine ID="r2l20"
                         BASELINE="552,1346 623,1346 695,1346 766,1347 838,1347 909,1349 981,1349 1052,1349 1124,1350 1195,1350 1267,1352 1338,1352 1410,1353 1481,1353 1553,1354 1624,1355 1696,1355 1767,1355 1839,1355 1910,1355 1982,1355"
                         HEIGHT="60"
                         WIDTH="1447"
                         VPOS="1303"
                         HPOS="544">
                  <String HEIGHT="60"
                          WIDTH="355"
                          VPOS="1303"
                          HPOS="517"
                          CONTENT="Apostoli,"/>
                  <SP HEIGHT="60" WIDTH="27" VPOS="1303" HPOS="872"/>
                  <String HEIGHT="60"
                          WIDTH="191"
                          VPOS="1303"
                          HPOS="790"
                          CONTENT="sed"/>
                  <SP HEIGHT="60" WIDTH="27" VPOS="1303" HPOS="981"/>
                  <String HEIGHT="60"
                          WIDTH="273"
                          VPOS="1303"
                          HPOS="899"
                          CONTENT="potius"/>
                  <SP HEIGHT="60" WIDTH="27" VPOS="1303" HPOS="1172"/>
                  <String HEIGHT="60"
                          WIDTH="328"
                          VPOS="1303"
                          HPOS="1090"
                          CONTENT="suspecti"/>
                  <SP HEIGHT="60" WIDTH="27" VPOS="1303" HPOS="1418"/>
                  <String HEIGHT="60"
                          WIDTH="273"
                          VPOS="1303"
                          HPOS="1336"
                          CONTENT="huberi"/>
                  <SP HEIGHT="60" WIDTH="27" VPOS="1303" HPOS="1609"/>
                  <String HEIGHT="60"
                          WIDTH="328"
                          VPOS="1303"
                          HPOS="1527"
                          CONTENT="possunt,"/>
                  <SP HEIGHT="60" WIDTH="27" VPOS="1303" HPOS="1854"/>
                  <String HEIGHT="60"
                          WIDTH="164"
                          VPOS="1303"
                          HPOS="1773"
                          CONTENT="ne"/>
                  <SP HEIGHT="60" WIDTH="27" VPOS="1303" HPOS="1936"/>
                  <String HEIGHT="60"
                          WIDTH="164"
                          VPOS="1303"
                          HPOS="1827"
                          CONTENT="sint"/>
               </TextLine>
               <TextLine ID="r2l21"
                         BASELINE="555,1412 580,1412 605,1412 630,1412 656,1413 681,1413 706,1413 732,1412"
                         HEIGHT="82"
                         WIDTH="196"
                         VPOS="1362"
                         HPOS="545">
                  <String HEIGHT="82"
                          WIDTH="252"
                          VPOS="1362"
                          HPOS="489"
                          CONTENT="Pseudo."/>
               </TextLine>
               <TextLine ID="r2l22"
                         BASELINE="617,1475 685,1476 753,1476 821,1476 890,1476 958,1478 1026,1478 1094,1479 1163,1479 1231,1481 1299,1481 1367,1482 1436,1482 1504,1483 1572,1484 1640,1484 1709,1484 1777,1485 1845,1485 1913,1485 1982,1484"
                         HEIGHT="82"
                         WIDTH="1384"
                         VPOS="1435"
                         HPOS="607">
                  <String HEIGHT="82" WIDTH="166" VPOS="1435" HPOS="579" CONTENT="§."/>
                  <SP HEIGHT="82" WIDTH="28" VPOS="1435" HPOS="745"/>
                  <String HEIGHT="82"
                          WIDTH="388"
                          VPOS="1435"
                          HPOS="662"
                          CONTENT="Trigesimum"/>
                  <SP HEIGHT="82" WIDTH="28" VPOS="1435" HPOS="1050"/>
                  <String HEIGHT="82"
                          WIDTH="277"
                          VPOS="1435"
                          HPOS="967"
                          CONTENT="sextum"/>
                  <SP HEIGHT="82" WIDTH="28" VPOS="1435" HPOS="1244"/>
                  <String HEIGHT="82"
                          WIDTH="277"
                          VPOS="1435"
                          HPOS="1161"
                          CONTENT="Signum"/>
                  <SP HEIGHT="82" WIDTH="28" VPOS="1435" HPOS="1437"/>
                  <String HEIGHT="82"
                          WIDTH="277"
                          VPOS="1435"
                          HPOS="1354"
                          CONTENT="potest"/>
                  <SP HEIGHT="82" WIDTH="28" VPOS="1435" HPOS="1631"/>
                  <String HEIGHT="82"
                          WIDTH="249"
                          VPOS="1435"
                          HPOS="1548"
                          CONTENT="esse,"/>
                  <SP HEIGHT="82" WIDTH="28" VPOS="1435" HPOS="1797"/>
                  <String HEIGHT="82"
                          WIDTH="221"
                          VPOS="1435"
                          HPOS="1714"
                          CONTENT="Quod"/>
                  <SP HEIGHT="82" WIDTH="28" VPOS="1435" HPOS="1936"/>
                  <String HEIGHT="82"
                          WIDTH="166"
                          VPOS="1435"
                          HPOS="1825"
                          CONTENT="veri"/>
               </TextLine>
               <TextLine ID="r2l23"
                         BASELINE="549,1544 621,1544 693,1544 765,1544 837,1544 909,1544 981,1544 1053,1545 1125,1545 1197,1546 1270,1547 1342,1547 1414,1548 1486,1548 1558,1548 1630,1548 1702,1550 1774,1550 1846,1550 1918,1550 1991,1550"
                         HEIGHT="61"
                         WIDTH="1460"
                         VPOS="1497"
                         HPOS="540">
                  <String HEIGHT="61"
                          WIDTH="307"
                          VPOS="1497"
                          HPOS="514"
                          CONTENT="Apostoli"/>
                  <SP HEIGHT="61" WIDTH="26" VPOS="1497" HPOS="822"/>
                  <String HEIGHT="61"
                          WIDTH="179"
                          VPOS="1497"
                          HPOS="745"
                          CONTENT="non"/>
                  <SP HEIGHT="61" WIDTH="26" VPOS="1497" HPOS="924"/>
                  <String HEIGHT="61"
                          WIDTH="231"
                          VPOS="1497"
                          HPOS="847"
                          CONTENT="amant"/>
                  <SP HEIGHT="61" WIDTH="26" VPOS="1497" HPOS="1078"/>
                  <String HEIGHT="61"
                          WIDTH="359"
                          VPOS="1497"
                          HPOS="1001"
                          CONTENT="carnaliter"/>
                  <SP HEIGHT="61" WIDTH="26" VPOS="1497" HPOS="1360"/>
                  <String HEIGHT="61"
                          WIDTH="333"
                          VPOS="1497"
                          HPOS="1283"
                          CONTENT="quidquam,"/>
                  <SP HEIGHT="61" WIDTH="26" VPOS="1497" HPOS="1616"/>
                  <String HEIGHT="61"
                          WIDTH="205"
                          VPOS="1497"
                          HPOS="1539"
                          CONTENT="quod"/>
                  <SP HEIGHT="61" WIDTH="26" VPOS="1497" HPOS="1744"/>
                  <String HEIGHT="61"
                          WIDTH="179"
                          VPOS="1497"
                          HPOS="1667"
                          CONTENT="eis"/>
                  <SP HEIGHT="61" WIDTH="26" VPOS="1497" HPOS="1846"/>
                  <String HEIGHT="61"
                          WIDTH="256"
                          VPOS="1497"
                          HPOS="1744"
                          CONTENT="obsistat"/>
               </TextLine>
               <TextLine ID="r2l24"
                         BASELINE="555,1608 626,1608 698,1608 769,1608 841,1608 912,1608 984,1608 1055,1610 1127,1610 1198,1611 1270,1611 1341,1611 1413,1613 1484,1613 1556,1614 1627,1614 1699,1616 1770,1616 1842,1616 1913,1616 1985,1617"
                         HEIGHT="58"
                         WIDTH="1449"
                         VPOS="1571"
                         HPOS="546">
                  <String HEIGHT="58" WIDTH="150" VPOS="1571" HPOS="521" CONTENT="in"/>
                  <SP HEIGHT="58" WIDTH="25" VPOS="1571" HPOS="671"/>
                  <String HEIGHT="58"
                          WIDTH="300"
                          VPOS="1571"
                          HPOS="596"
                          CONTENT="seruitio"/>
                  <SP HEIGHT="58" WIDTH="25" VPOS="1571" HPOS="896"/>
                  <String HEIGHT="58"
                          WIDTH="200"
                          VPOS="1571"
                          HPOS="821"
                          CONTENT="Dei;"/>
                  <SP HEIGHT="58" WIDTH="25" VPOS="1571" HPOS="1021"/>
                  <String HEIGHT="58"
                          WIDTH="225"
                          VPOS="1571"
                          HPOS="946"
                          CONTENT="iuxta"/>
                  <SP HEIGHT="58" WIDTH="25" VPOS="1571" HPOS="1171"/>
                  <String HEIGHT="58"
                          WIDTH="325"
                          VPOS="1571"
                          HPOS="1096"
                          CONTENT="doctrinam"/>
                  <SP HEIGHT="58" WIDTH="25" VPOS="1571" HPOS="1420"/>
                  <String HEIGHT="58"
                          WIDTH="250"
                          VPOS="1571"
                          HPOS="1345"
                          CONTENT="Domini"/>
                  <SP HEIGHT="58" WIDTH="25" VPOS="1571" HPOS="1595"/>
                  <String HEIGHT="58"
                          WIDTH="300"
                          VPOS="1571"
                          HPOS="1520"
                          CONTENT="dicentis"/>
                  <SP HEIGHT="58" WIDTH="25" VPOS="1571" HPOS="1820"/>
                  <String HEIGHT="58"
                          WIDTH="200"
                          VPOS="1571"
                          HPOS="1745"
                          CONTENT="Luc."/>
                  <SP HEIGHT="58" WIDTH="25" VPOS="1571" HPOS="1945"/>
                  <String HEIGHT="58"
                          WIDTH="175"
                          VPOS="1571"
                          HPOS="1870"
                          CONTENT="IA."/>
                  <SP HEIGHT="58" WIDTH="25" VPOS="1571" HPOS="2045"/>
                  <String HEIGHT="58" WIDTH="50" VPOS="1571" HPOS="1945" CONTENT=""/>
               </TextLine>
               <TextLine ID="r2l25"
                         BASELINE="557,1674 628,1674 700,1674 772,1674 843,1674 915,1674 987,1676 1058,1676 1130,1676 1202,1676 1274,1677 1345,1677 1417,1677 1489,1677 1560,1679 1632,1679 1704,1679 1775,1679 1847,1679 1919,1679 1991,1679"
                         HEIGHT="59"
                         WIDTH="1451"
                         VPOS="1626"
                         HPOS="548">
                  <String HEIGHT="59" WIDTH="155" VPOS="1626" HPOS="522" CONTENT="Si"/>
                  <SP HEIGHT="59" WIDTH="26" VPOS="1626" HPOS="678"/>
                  <String HEIGHT="59"
                          WIDTH="207"
                          VPOS="1626"
                          HPOS="600"
                          CONTENT="quis"/>
                  <SP HEIGHT="59" WIDTH="26" VPOS="1626" HPOS="807"/>
                  <String HEIGHT="59"
                          WIDTH="233"
                          VPOS="1626"
                          HPOS="729"
                          CONTENT="venit"/>
                  <SP HEIGHT="59" WIDTH="26" VPOS="1626" HPOS="963"/>
                  <String HEIGHT="59" WIDTH="155" VPOS="1626" HPOS="885" CONTENT="ad"/>
                  <SP HEIGHT="59" WIDTH="26" VPOS="1626" HPOS="1040"/>
                  <String HEIGHT="59"
                          WIDTH="181"
                          VPOS="1626"
                          HPOS="963"
                          CONTENT="me,"/>
                  <SP HEIGHT="59" WIDTH="26" VPOS="1626" HPOS="1144"/>
                  <String HEIGHT="59" WIDTH="130" VPOS="1626" HPOS="1066" CONTENT="&amp;"/>
                  <SP HEIGHT="59" WIDTH="26" VPOS="1626" HPOS="1196"/>
                  <String HEIGHT="59"
                          WIDTH="181"
                          VPOS="1626"
                          HPOS="1118"
                          CONTENT="non"/>
                  <SP HEIGHT="59" WIDTH="26" VPOS="1626" HPOS="1299"/>
                  <String HEIGHT="59"
                          WIDTH="207"
                          VPOS="1626"
                          HPOS="1222"
                          CONTENT="odit"/>
                  <SP HEIGHT="59" WIDTH="26" VPOS="1626" HPOS="1429"/>
                  <String HEIGHT="59"
                          WIDTH="259"
                          VPOS="1626"
                          HPOS="1351"
                          CONTENT="Patrem"/>
                  <SP HEIGHT="59" WIDTH="26" VPOS="1626" HPOS="1610"/>
                  <String HEIGHT="59"
                          WIDTH="233"
                          VPOS="1626"
                          HPOS="1533"
                          CONTENT="suum,"/>
                  <SP HEIGHT="59" WIDTH="26" VPOS="1626" HPOS="1766"/>
                  <String HEIGHT="59" WIDTH="130" VPOS="1626" HPOS="1688" CONTENT="&amp;"/>
                  <SP HEIGHT="59" WIDTH="26" VPOS="1626" HPOS="1818"/>
                  <String HEIGHT="59"
                          WIDTH="285"
                          VPOS="1626"
                          HPOS="1740"
                          CONTENT="Matrem,"/>
                  <SP HEIGHT="59" WIDTH="26" VPOS="1626" HPOS="2025"/>
                  <String HEIGHT="59" WIDTH="78" VPOS="1626" HPOS="1921" CONTENT="&amp;"/>
               </TextLine>
               <TextLine ID="r2l26"
                         BASELINE="554,1739 625,1737 697,1737 769,1737 841,1739 913,1739 985,1739 1056,1739 1128,1740 1200,1740 1272,1742 1344,1742 1416,1743 1488,1743 1559,1745 1631,1745 1703,1745 1775,1745 1847,1745 1919,1745 1991,1745"
                         HEIGHT="73"
                         WIDTH="1457"
                         VPOS="1699"
                         HPOS="544">
                  <String HEIGHT="73"
                          WIDTH="291"
                          VPOS="1699"
                          HPOS="518"
                          CONTENT="Vxorem;"/>
                  <SP HEIGHT="73" WIDTH="26" VPOS="1699" HPOS="809"/>
                  <String HEIGHT="73" WIDTH="132" VPOS="1699" HPOS="729" CONTENT="&amp;"/>
                  <SP HEIGHT="73" WIDTH="26" VPOS="1699" HPOS="862"/>
                  <String HEIGHT="73"
                          WIDTH="318"
                          VPOS="1699"
                          HPOS="782"
                          CONTENT="Fratres,"/>
                  <SP HEIGHT="73" WIDTH="26" VPOS="1699" HPOS="1100"/>
                  <String HEIGHT="73" WIDTH="132" VPOS="1699" HPOS="1021" CONTENT="&amp;"/>
                  <SP HEIGHT="73" WIDTH="26" VPOS="1699" HPOS="1153"/>
                  <String HEIGHT="73"
                          WIDTH="318"
                          VPOS="1699"
                          HPOS="1074"
                          CONTENT="Sorores,"/>
                  <SP HEIGHT="73" WIDTH="26" VPOS="1699" HPOS="1392"/>
                  <String HEIGHT="73"
                          WIDTH="238"
                          VPOS="1699"
                          HPOS="1312"
                          CONTENT="adhuc"/>
                  <SP HEIGHT="73" WIDTH="26" VPOS="1699" HPOS="1551"/>
                  <String HEIGHT="73"
                          WIDTH="238"
                          VPOS="1699"
                          HPOS="1471"
                          CONTENT="autem"/>
                  <SP HEIGHT="73" WIDTH="26" VPOS="1699" HPOS="1710"/>
                  <String HEIGHT="73" WIDTH="132" VPOS="1699" HPOS="1630" CONTENT="&amp;"/>
                  <SP HEIGHT="73" WIDTH="26" VPOS="1699" HPOS="1763"/>
                  <String HEIGHT="73"
                          WIDTH="265"
                          VPOS="1699"
                          HPOS="1683"
                          CONTENT="animam"/>
                  <SP HEIGHT="73" WIDTH="26" VPOS="1699" HPOS="1948"/>
                  <String HEIGHT="73"
                          WIDTH="159"
                          VPOS="1699"
                          HPOS="1842"
                          CONTENT="suam"/>
               </TextLine>
               <TextLine ID="r2l27"
                         BASELINE="545,1803 616,1804 688,1805 760,1805 832,1805 904,1805 976,1806 1048,1806 1120,1806 1192,1808 1264,1808 1335,1808 1407,1808 1479,1809 1551,1809 1623,1809 1695,1811 1767,1811 1839,1811 1911,1811 1983,1811"
                         HEIGHT="94"
                         WIDTH="1454"
                         VPOS="1754"
                         HPOS="537">
                  <String HEIGHT="94"
                          WIDTH="262"
                          VPOS="1754"
                          HPOS="513"
                          CONTENT="propter"/>
                  <SP HEIGHT="94" WIDTH="24" VPOS="1754" HPOS="775"/>
                  <String HEIGHT="94"
                          WIDTH="167"
                          VPOS="1754"
                          HPOS="704"
                          CONTENT="me;"/>
                  <SP HEIGHT="94" WIDTH="24" VPOS="1754" HPOS="871"/>
                  <String HEIGHT="94"
                          WIDTH="167"
                          VPOS="1754"
                          HPOS="799"
                          CONTENT="non"/>
                  <SP HEIGHT="94" WIDTH="24" VPOS="1754" HPOS="966"/>
                  <String HEIGHT="94"
                          WIDTH="238"
                          VPOS="1754"
                          HPOS="895"
                          CONTENT="potest"/>
                  <SP HEIGHT="94" WIDTH="24" VPOS="1754" HPOS="1133"/>
                  <String HEIGHT="94"
                          WIDTH="191"
                          VPOS="1754"
                          HPOS="1061"
                          CONTENT="meus"/>
                  <SP HEIGHT="94" WIDTH="24" VPOS="1754" HPOS="1252"/>
                  <String HEIGHT="94"
                          WIDTH="191"
                          VPOS="1754"
                          HPOS="1181"
                          CONTENT="esse"/>
                  <SP HEIGHT="94" WIDTH="24" VPOS="1754" HPOS="1371"/>
                  <String HEIGHT="94"
                          WIDTH="358"
                          VPOS="1754"
                          HPOS="1300"
                          CONTENT="Discipulus."/>
                  <SP HEIGHT="94" WIDTH="24" VPOS="1754" HPOS="1657"/>
                  <String HEIGHT="94"
                          WIDTH="262"
                          VPOS="1754"
                          HPOS="1586"
                          CONTENT="Glossa."/>
                  <SP HEIGHT="94" WIDTH="24" VPOS="1754" HPOS="1848"/>
                  <String HEIGHT="94"
                          WIDTH="143"
                          VPOS="1754"
                          HPOS="1776"
                          CONTENT="Id"/>
                  <SP HEIGHT="94" WIDTH="24" VPOS="1754" HPOS="1919"/>
                  <String HEIGHT="94"
                          WIDTH="191"
                          VPOS="1754"
                          HPOS="1848"
                          CONTENT="est,"/>
                  <SP HEIGHT="94" WIDTH="24" VPOS="1754" HPOS="2039"/>
                  <String HEIGHT="94" WIDTH="48" VPOS="1754" HPOS="1943" CONTENT=""/>
               </TextLine>
               <TextLine ID="r2l28"
                         BASELINE="563,1869 637,1869 712,1869 787,1870 861,1871 936,1871 1011,1871 1085,1871 1160,1872 1235,1872 1309,1873 1384,1874 1459,1874 1533,1875 1608,1875 1683,1875 1757,1877 1832,1877 1907,1877 1982,1878"
                         HEIGHT="89"
                         WIDTH="1436"
                         VPOS="1826"
                         HPOS="555">
                  <String HEIGHT="89"
                          WIDTH="146"
                          VPOS="1826"
                          HPOS="534"
                          CONTENT="Qui"/>
                  <SP HEIGHT="89" WIDTH="21" VPOS="1826" HPOS="680"/>
                  <String HEIGHT="89"
                          WIDTH="146"
                          VPOS="1826"
                          HPOS="617"
                          CONTENT="non"/>
                  <SP HEIGHT="89" WIDTH="21" VPOS="1826" HPOS="763"/>
                  <String HEIGHT="89"
                          WIDTH="166"
                          VPOS="1826"
                          HPOS="701"
                          CONTENT="odit"/>
                  <SP HEIGHT="89" WIDTH="21" VPOS="1826" HPOS="867"/>
                  <String HEIGHT="89"
                          WIDTH="250"
                          VPOS="1826"
                          HPOS="805"
                          CONTENT="quidquid"/>
                  <SP HEIGHT="89" WIDTH="21" VPOS="1826" HPOS="1054"/>
                  <String HEIGHT="89"
                          WIDTH="250"
                          VPOS="1826"
                          HPOS="992"
                          CONTENT="obsistit"/>
                  <SP HEIGHT="89" WIDTH="21" VPOS="1826" HPOS="1242"/>
                  <String HEIGHT="89"
                          WIDTH="125"
                          VPOS="1826"
                          HPOS="1179"
                          CONTENT="ei"/>
                  <SP HEIGHT="89" WIDTH="21" VPOS="1826" HPOS="1304"/>
                  <String HEIGHT="89"
                          WIDTH="125"
                          VPOS="1826"
                          HPOS="1242"
                          CONTENT="in"/>
                  <SP HEIGHT="89" WIDTH="21" VPOS="1826" HPOS="1367"/>
                  <String HEIGHT="89"
                          WIDTH="250"
                          VPOS="1826"
                          HPOS="1304"
                          CONTENT="seruitio"/>
                  <SP HEIGHT="89" WIDTH="21" VPOS="1826" HPOS="1554"/>
                  <String HEIGHT="89"
                          WIDTH="166"
                          VPOS="1826"
                          HPOS="1492"
                          CONTENT="Dei,"/>
                  <SP HEIGHT="89" WIDTH="21" VPOS="1826" HPOS="1658"/>
                  <String HEIGHT="89"
                          WIDTH="146"
                          VPOS="1826"
                          HPOS="1596"
                          CONTENT="non"/>
                  <SP HEIGHT="89" WIDTH="21" VPOS="1826" HPOS="1741"/>
                  <String HEIGHT="89"
                          WIDTH="146"
                          VPOS="1826"
                          HPOS="1679"
                          CONTENT="est"/>
                  <SP HEIGHT="89" WIDTH="21" VPOS="1826" HPOS="1825"/>
                  <String HEIGHT="89"
                          WIDTH="208"
                          VPOS="1826"
                          HPOS="1762"
                          CONTENT="dignus"/>
                  <SP HEIGHT="89" WIDTH="21" VPOS="1826" HPOS="1970"/>
                  <String HEIGHT="89"
                          WIDTH="104"
                          VPOS="1826"
                          HPOS="1887"
                          CONTENT="meo"/>
               </TextLine>
               <TextLine ID="r2l29"
                         BASELINE="554,1935 626,1934 698,1934 770,1934 842,1934 914,1935 986,1935 1058,1935 1130,1937 1202,1938 1274,1938 1346,1940 1418,1940 1490,1941 1562,1941 1634,1943 1706,1943 1778,1943 1850,1943 1922,1943 1994,1941"
                         HEIGHT="79"
                         WIDTH="1458"
                         VPOS="1893"
                         HPOS="546">
                  <String HEIGHT="79"
                          WIDTH="382"
                          VPOS="1893"
                          HPOS="522"
                          CONTENT="discipulatu,"/>
                  <SP HEIGHT="79" WIDTH="24" VPOS="1893" HPOS="905"/>
                  <String HEIGHT="79"
                          WIDTH="167"
                          VPOS="1893"
                          HPOS="833"
                          CONTENT="nec"/>
                  <SP HEIGHT="79" WIDTH="24" VPOS="1893" HPOS="1000"/>
                  <String HEIGHT="79"
                          WIDTH="239"
                          VPOS="1893"
                          HPOS="928"
                          CONTENT="potest"/>
                  <SP HEIGHT="79" WIDTH="24" VPOS="1893" HPOS="1167"/>
                  <String HEIGHT="79"
                          WIDTH="143"
                          VPOS="1893"
                          HPOS="1096"
                          CONTENT="in"/>
                  <SP HEIGHT="79" WIDTH="24" VPOS="1893" HPOS="1239"/>
                  <String HEIGHT="79"
                          WIDTH="143"
                          VPOS="1893"
                          HPOS="1167"
                          CONTENT="eo"/>
                  <SP HEIGHT="79" WIDTH="24" VPOS="1893" HPOS="1311"/>
                  <String HEIGHT="79"
                          WIDTH="335"
                          VPOS="1893"
                          HPOS="1239"
                          CONTENT="permanere."/>
                  <SP HEIGHT="79" WIDTH="24" VPOS="1893" HPOS="1574"/>
                  <String HEIGHT="79"
                          WIDTH="143"
                          VPOS="1893"
                          HPOS="1502"
                          CONTENT="Ex"/>
                  <SP HEIGHT="79" WIDTH="24" VPOS="1893" HPOS="1645"/>
                  <String HEIGHT="79"
                          WIDTH="167"
                          VPOS="1893"
                          HPOS="1574"
                          CONTENT="quo"/>
                  <SP HEIGHT="79" WIDTH="24" VPOS="1893" HPOS="1741"/>
                  <String HEIGHT="79"
                          WIDTH="287"
                          VPOS="1893"
                          HPOS="1669"
                          CONTENT="videtur,"/>
                  <SP HEIGHT="79" WIDTH="24" VPOS="1893" HPOS="1956"/>
                  <String HEIGHT="79"
                          WIDTH="143"
                          VPOS="1893"
                          HPOS="1861"
                          CONTENT="quod"/>
               </TextLine>
               <TextLine ID="r2l30"
                         BASELINE="551,2003 622,2001 693,2000 765,2000 836,2000 908,2000 979,2000 1050,2001 1122,2001 1193,2003 1265,2003 1336,2004 1407,2004 1479,2006 1550,2006 1622,2007 1693,2007 1764,2009 1836,2009 1907,2009 1979,2009"
                         HEIGHT="57"
                         WIDTH="1445"
                         VPOS="1954"
                         HPOS="543">
                  <String HEIGHT="57"
                          WIDTH="231"
                          VPOS="1954"
                          HPOS="514"
                          CONTENT="amor"/>
                  <SP HEIGHT="57" WIDTH="29" VPOS="1954" HPOS="745"/>
                  <String HEIGHT="57"
                          WIDTH="347"
                          VPOS="1954"
                          HPOS="659"
                          CONTENT="carnalis"/>
                  <SP HEIGHT="57" WIDTH="29" VPOS="1954" HPOS="1005"/>
                  <String HEIGHT="57"
                          WIDTH="347"
                          VPOS="1954"
                          HPOS="919"
                          CONTENT="Parentum"/>
                  <SP HEIGHT="57" WIDTH="29" VPOS="1954" HPOS="1266"/>
                  <String HEIGHT="57" WIDTH="145" VPOS="1954" HPOS="1179" CONTENT="&amp;"/>
                  <SP HEIGHT="57" WIDTH="29" VPOS="1954" HPOS="1323"/>
                  <String HEIGHT="57"
                          WIDTH="549"
                          VPOS="1954"
                          HPOS="1237"
                          CONTENT="Consanguineorum"/>
                  <SP HEIGHT="57" WIDTH="29" VPOS="1954" HPOS="1786"/>
                  <String HEIGHT="57"
                          WIDTH="318"
                          VPOS="1954"
                          HPOS="1670"
                          CONTENT="immodera¬"
                          SUBS_TYPE="HypPart1"
                          SUBS_CONTENT="immoderatus"/>
                  <HYP CONTENT="-"/>
               </TextLine>
               <TextLine ID="r2l31"
                         BASELINE="558,2066 629,2066 700,2066 771,2066 842,2066 914,2067 985,2067 1056,2067 1127,2069 1198,2069 1270,2070 1341,2070 1412,2072 1483,2072 1554,2073 1626,2073 1697,2075 1768,2075 1839,2075 1910,2075 1982,2075"
                         HEIGHT="90"
                         WIDTH="1444"
                         VPOS="2026"
                         HPOS="548">
                  <String HEIGHT="90"
                          WIDTH="166"
                          VPOS="2026"
                          HPOS="524"
                          CONTENT="tus"
                          SUBS_TYPE="HypPart2"
                          SUBS_CONTENT="immoderatus"/>
                  <SP HEIGHT="90" WIDTH="24" VPOS="2026" HPOS="690"/>
                  <String HEIGHT="90"
                          WIDTH="284"
                          VPOS="2026"
                          HPOS="619"
                          CONTENT="obsistit"/>
                  <SP HEIGHT="90" WIDTH="24" VPOS="2026" HPOS="903"/>
                  <String HEIGHT="90"
                          WIDTH="237"
                          VPOS="2026"
                          HPOS="832"
                          CONTENT="homini"/>
                  <SP HEIGHT="90" WIDTH="24" VPOS="2026" HPOS="1069"/>
                  <String HEIGHT="90" WIDTH="142" VPOS="2026" HPOS="998" CONTENT="in"/>
                  <SP HEIGHT="90" WIDTH="24" VPOS="2026" HPOS="1140"/>
                  <String HEIGHT="90"
                          WIDTH="284"
                          VPOS="2026"
                          HPOS="1069"
                          CONTENT="seruitio"/>
                  <SP HEIGHT="90" WIDTH="24" VPOS="2026" HPOS="1353"/>
                  <String HEIGHT="90"
                          WIDTH="189"
                          VPOS="2026"
                          HPOS="1282"
                          CONTENT="Dei."/>
                  <SP HEIGHT="90" WIDTH="24" VPOS="2026" HPOS="1471"/>
                  <String HEIGHT="90"
                          WIDTH="142"
                          VPOS="2026"
                          HPOS="1400"
                          CONTENT="Et"/>
                  <SP HEIGHT="90" WIDTH="24" VPOS="2026" HPOS="1542"/>
                  <String HEIGHT="90"
                          WIDTH="166"
                          VPOS="2026"
                          HPOS="1471"
                          CONTENT="hoc"/>
                  <SP HEIGHT="90" WIDTH="24" VPOS="2026" HPOS="1637"/>
                  <String HEIGHT="90"
                          WIDTH="213"
                          VPOS="2026"
                          HPOS="1566"
                          CONTENT="satis"/>
                  <SP HEIGHT="90" WIDTH="24" VPOS="2026" HPOS="1779"/>
                  <String HEIGHT="90"
                          WIDTH="308"
                          VPOS="2026"
                          HPOS="1684"
                          CONTENT="perpendipo¬"
                          SUBS_TYPE="HypPart1"
                          SUBS_CONTENT="perpendipotest"/>
                  <HYP CONTENT="-"/>
               </TextLine>
               <TextLine ID="r2l32"
                         BASELINE="558,2132 629,2132 700,2133 771,2133 842,2133 914,2133 985,2135 1056,2135 1127,2135 1198,2136 1270,2136 1341,2138 1412,2138 1483,2138 1554,2139 1626,2139 1697,2141 1768,2141 1839,2141 1910,2142 1982,2142"
                         HEIGHT="71"
                         WIDTH="1443"
                         VPOS="2100"
                         HPOS="548">
                  <String HEIGHT="71"
                          WIDTH="186"
                          VPOS="2100"
                          HPOS="525"
                          CONTENT="test"
                          SUBS_TYPE="HypPart2"
                          SUBS_CONTENT="perpendipotest"/>
                  <SP HEIGHT="71" WIDTH="23" VPOS="2100" HPOS="711"/>
                  <String HEIGHT="71" WIDTH="140" VPOS="2100" HPOS="641" CONTENT="ex"/>
                  <SP HEIGHT="71" WIDTH="23" VPOS="2100" HPOS="781"/>
                  <String HEIGHT="71"
                          WIDTH="163"
                          VPOS="2100"
                          HPOS="711"
                          CONTENT="eo,"/>
                  <SP HEIGHT="71" WIDTH="23" VPOS="2100" HPOS="874"/>
                  <String HEIGHT="71"
                          WIDTH="186"
                          VPOS="2100"
                          HPOS="804"
                          CONTENT="quod"/>
                  <SP HEIGHT="71" WIDTH="23" VPOS="2100" HPOS="990"/>
                  <String HEIGHT="71"
                          WIDTH="233"
                          VPOS="2100"
                          HPOS="920"
                          CONTENT="aliqui"/>
                  <SP HEIGHT="71" WIDTH="23" VPOS="2100" HPOS="1153"/>
                  <String HEIGHT="71"
                          WIDTH="326"
                          VPOS="2100"
                          HPOS="1083"
                          CONTENT="Regulares,"/>
                  <SP HEIGHT="71" WIDTH="23" VPOS="2100" HPOS="1409"/>
                  <String HEIGHT="71"
                          WIDTH="209"
                          VPOS="2100"
                          HPOS="1339"
                          CONTENT="licet"/>
                  <SP HEIGHT="71" WIDTH="23" VPOS="2100" HPOS="1549"/>
                  <String HEIGHT="71"
                          WIDTH="233"
                          VPOS="2100"
                          HPOS="1479"
                          CONTENT="aliter"/>
                  <SP HEIGHT="71" WIDTH="23" VPOS="2100" HPOS="1712"/>
                  <String HEIGHT="71"
                          WIDTH="303"
                          VPOS="2100"
                          HPOS="1642"
                          CONTENT="Religiosi"/>
                  <SP HEIGHT="71" WIDTH="23" VPOS="2100" HPOS="1944"/>
                  <String HEIGHT="71"
                          WIDTH="140"
                          VPOS="2100"
                          HPOS="1851"
                          CONTENT="exi¬"
                          SUBS_TYPE="HypPart1"
                          SUBS_CONTENT="existant,"/>
                  <HYP CONTENT="-"/>
               </TextLine>
               <TextLine ID="r2l33"
                         BASELINE="557,2199 629,2199 701,2199 773,2199 845,2201 917,2201 989,2201 1061,2202 1133,2202 1205,2202 1277,2204 1349,2204 1421,2205 1493,2205 1565,2205 1637,2205 1709,2207 1781,2207 1853,2207 1925,2207 1997,2207"
                         HEIGHT="66"
                         WIDTH="1458"
                         VPOS="2148"
                         HPOS="549">
                  <String HEIGHT="66"
                          WIDTH="275"
                          VPOS="2148"
                          HPOS="521"
                          CONTENT="stant,"
                          SUBS_TYPE="HypPart2"
                          SUBS_CONTENT="existant,"/>
                  <SP HEIGHT="66" WIDTH="28" VPOS="2148" HPOS="797"/>
                  <String HEIGHT="66"
                          WIDTH="248"
                          VPOS="2148"
                          HPOS="714"
                          CONTENT="tamen"/>
                  <SP HEIGHT="66" WIDTH="28" VPOS="2148" HPOS="962"/>
                  <String HEIGHT="66"
                          WIDTH="303"
                          VPOS="2148"
                          HPOS="879"
                          CONTENT="propter"/>
                  <SP HEIGHT="66" WIDTH="28" VPOS="2148" HPOS="1182"/>
                  <String HEIGHT="66"
                          WIDTH="275"
                          VPOS="2148"
                          HPOS="1099"
                          CONTENT="amorem"/>
                  <SP HEIGHT="66" WIDTH="28" VPOS="2148" HPOS="1374"/>
                  <String HEIGHT="66"
                          WIDTH="440"
                          VPOS="2148"
                          HPOS="1292"
                          CONTENT="Propinquorum"/>
                  <SP HEIGHT="66" WIDTH="28" VPOS="2148" HPOS="1732"/>
                  <String HEIGHT="66"
                          WIDTH="275"
                          VPOS="2148"
                          HPOS="1649"
                          CONTENT="suorum"/>
                  <SP HEIGHT="66" WIDTH="28" VPOS="2148" HPOS="1924"/>
                  <String HEIGHT="66"
                          WIDTH="193"
                          VPOS="2148"
                          HPOS="1814"
                          CONTENT="plae¬"
                          SUBS_TYPE="HypPart1"
                          SUBS_CONTENT="plaerumque"/>
                  <HYP CONTENT="-"/>
               </TextLine>
               <TextLine ID="r2l34"
                         BASELINE="557,2267 628,2267 699,2265 771,2265 842,2265 914,2265 985,2267 1056,2267 1128,2267 1199,2268 1271,2268 1342,2270 1413,2271 1485,2271 1556,2272 1628,2273 1699,2273 1770,2273 1842,2274 1913,2274 1985,2273"
                         HEIGHT="55"
                         WIDTH="1446"
                         VPOS="2227"
                         HPOS="548">
                  <String HEIGHT="55"
                          WIDTH="249"
                          VPOS="2227"
                          HPOS="523"
                          CONTENT="rumque"
                          SUBS_TYPE="HypPart2"
                          SUBS_CONTENT="plaerumque"/>
                  <SP HEIGHT="55" WIDTH="25" VPOS="2227" HPOS="772"/>
                  <String HEIGHT="55" WIDTH="150" VPOS="2227" HPOS="698" CONTENT="se"/>
                  <SP HEIGHT="55" WIDTH="25" VPOS="2227" HPOS="847"/>
                  <String HEIGHT="55"
                          WIDTH="299"
                          VPOS="2227"
                          HPOS="772"
                          CONTENT="ingerunt"/>
                  <SP HEIGHT="55" WIDTH="25" VPOS="2227" HPOS="1072"/>
                  <String HEIGHT="55"
                          WIDTH="299"
                          VPOS="2227"
                          HPOS="997"
                          CONTENT="terrenis"/>
                  <SP HEIGHT="55" WIDTH="25" VPOS="2227" HPOS="1296"/>
                  <String HEIGHT="55"
                          WIDTH="349"
                          VPOS="2227"
                          HPOS="1221"
                          CONTENT="actionibus"/>
                  <SP HEIGHT="55" WIDTH="25" VPOS="2227" HPOS="1570"/>
                  <String HEIGHT="55"
                          WIDTH="224"
                          VPOS="2227"
                          HPOS="1495"
                          CONTENT="huius"/>
                  <SP HEIGHT="55" WIDTH="25" VPOS="2227" HPOS="1720"/>
                  <String HEIGHT="55"
                          WIDTH="224"
                          VPOS="2227"
                          HPOS="1645"
                          CONTENT="Mundi"/>
                  <SP HEIGHT="55" WIDTH="25" VPOS="2227" HPOS="1869"/>
                  <String HEIGHT="55"
                          WIDTH="175"
                          VPOS="2227"
                          HPOS="1795"
                          CONTENT="pro"/>
                  <SP HEIGHT="55" WIDTH="25" VPOS="2227" HPOS="1969"/>
                  <String HEIGHT="55"
                          WIDTH="125"
                          VPOS="2227"
                          HPOS="1869"
                          CONTENT="ne¬"
                          SUBS_TYPE="HypPart1"
                          SUBS_CONTENT="negotus"/>
                  <HYP CONTENT="-"/>
               </TextLine>
               <TextLine ID="r2l35"
                         BASELINE="569,2331 643,2331 718,2333 793,2333 867,2333 942,2334 1017,2334 1091,2334 1166,2336 1241,2336 1315,2336 1390,2337 1465,2337 1539,2337 1614,2339 1689,2339 1763,2340 1838,2340 1913,2342 1988,2343"
                         HEIGHT="83"
                         WIDTH="1437"
                         VPOS="2297"
                         HPOS="560">
                  <String HEIGHT="83"
                          WIDTH="216"
                          VPOS="2297"
                          HPOS="536"
                          CONTENT="gotus"
                          SUBS_TYPE="HypPart2"
                          SUBS_CONTENT="negotus"/>
                  <SP HEIGHT="83" WIDTH="24" VPOS="2297" HPOS="752"/>
                  <String HEIGHT="83"
                          WIDTH="287"
                          VPOS="2297"
                          HPOS="680"
                          CONTENT="illorum;"/>
                  <SP HEIGHT="83" WIDTH="24" VPOS="2297" HPOS="967"/>
                  <String HEIGHT="83"
                          WIDTH="192"
                          VPOS="2297"
                          HPOS="895"
                          CONTENT="quas"/>
                  <SP HEIGHT="83" WIDTH="24" VPOS="2297" HPOS="1087"/>
                  <String HEIGHT="83"
                          WIDTH="287"
                          VPOS="2297"
                          HPOS="1015"
                          CONTENT="actiones"/>
                  <SP HEIGHT="83" WIDTH="24" VPOS="2297" HPOS="1302"/>
                  <String HEIGHT="83"
                          WIDTH="192"
                          VPOS="2297"
                          HPOS="1231"
                          CONTENT="ante"/>
                  <SP HEIGHT="83" WIDTH="24" VPOS="2297" HPOS="1422"/>
                  <String HEIGHT="83"
                          WIDTH="359"
                          VPOS="2297"
                          HPOS="1350"
                          CONTENT="reliquerant"/>
                  <SP HEIGHT="83" WIDTH="24" VPOS="2297" HPOS="1710"/>
                  <String HEIGHT="83"
                          WIDTH="263"
                          VPOS="2297"
                          HPOS="1638"
                          CONTENT="propter"/>
                  <SP HEIGHT="83" WIDTH="24" VPOS="2297" HPOS="1901"/>
                  <String HEIGHT="83"
                          WIDTH="216"
                          VPOS="2297"
                          HPOS="1829"
                          CONTENT="Deum."/>
                  <SP HEIGHT="83" WIDTH="24" VPOS="2297" HPOS="2045"/>
                  <String HEIGHT="83" WIDTH="48" VPOS="2297" HPOS="1949" CONTENT=""/>
               </TextLine>
               <TextLine ID="r2l36"
                         BASELINE="563,2396 634,2397 706,2397 777,2399 849,2399 920,2399 992,2400 1063,2400 1135,2401 1206,2402 1278,2402 1350,2403 1421,2403 1493,2405 1564,2405 1636,2405 1707,2406 1779,2406 1850,2408 1922,2408 1994,2409"
                         HEIGHT="88"
                         WIDTH="1450"
                         VPOS="2356"
                         HPOS="553">
                  <String HEIGHT="88"
                          WIDTH="197"
                          VPOS="2356"
                          HPOS="528"
                          CONTENT="Vnde"/>
                  <SP HEIGHT="88" WIDTH="25" VPOS="2356" HPOS="725"/>
                  <String HEIGHT="88"
                          WIDTH="221"
                          VPOS="2356"
                          HPOS="651"
                          CONTENT="super"/>
                  <SP HEIGHT="88" WIDTH="25" VPOS="2356" HPOS="872"/>
                  <String HEIGHT="88"
                          WIDTH="221"
                          VPOS="2356"
                          HPOS="799"
                          CONTENT="illud"/>
                  <SP HEIGHT="88" WIDTH="25" VPOS="2356" HPOS="1020"/>
                  <String HEIGHT="88"
                          WIDTH="172"
                          VPOS="2356"
                          HPOS="946"
                          CONTENT="Iob"/>
                  <SP HEIGHT="88" WIDTH="25" VPOS="2356" HPOS="1118"/>
                  <String HEIGHT="88"
                          WIDTH="147"
                          VPOS="2356"
                          HPOS="1045"
                          CONTENT="6."/>
                  <SP HEIGHT="88" WIDTH="25" VPOS="2356" HPOS="1192"/>
                  <String HEIGHT="88"
                          WIDTH="295"
                          VPOS="2356"
                          HPOS="1118"
                          CONTENT="Inuoluta"/>
                  <SP HEIGHT="88" WIDTH="25" VPOS="2356" HPOS="1413"/>
                  <String HEIGHT="88"
                          WIDTH="197"
                          VPOS="2356"
                          HPOS="1339"
                          CONTENT="sunt"/>
                  <SP HEIGHT="88" WIDTH="25" VPOS="2356" HPOS="1536"/>
                  <String HEIGHT="88"
                          WIDTH="270"
                          VPOS="2356"
                          HPOS="1462"
                          CONTENT="semitae"/>
                  <SP HEIGHT="88" WIDTH="25" VPOS="2356" HPOS="1733"/>
                  <String HEIGHT="88"
                          WIDTH="295"
                          VPOS="2356"
                          HPOS="1659"
                          CONTENT="gressuum"/>
                  <SP HEIGHT="88" WIDTH="25" VPOS="2356" HPOS="1954"/>
                  <String HEIGHT="88"
                          WIDTH="147"
                          VPOS="2356"
                          HPOS="1856"
                          CONTENT="suo¬"
                          SUBS_TYPE="HypPart1"
                          SUBS_CONTENT="suorum,"/>
                  <HYP CONTENT="-"/>
               </TextLine>
               <TextLine ID="r2l37"
                         BASELINE="552,2462 623,2463 695,2463 766,2465 838,2465 910,2466 981,2466 1053,2468 1125,2468 1196,2469 1268,2469 1340,2469 1411,2471 1483,2471 1555,2472 1626,2472 1698,2472 1770,2474 1841,2474 1913,2475 1985,2475"
                         HEIGHT="66"
                         WIDTH="1451"
                         VPOS="2434"
                         HPOS="543">
                  <String HEIGHT="66"
                          WIDTH="187"
                          VPOS="2434"
                          HPOS="520"
                          CONTENT="rum,"
                          SUBS_TYPE="HypPart2"
                          SUBS_CONTENT="suorum,"/>
                  <SP HEIGHT="66" WIDTH="23" VPOS="2434" HPOS="707"/>
                  <String HEIGHT="66"
                          WIDTH="211"
                          VPOS="2434"
                          HPOS="637"
                          CONTENT="dicit"/>
                  <SP HEIGHT="66" WIDTH="23" VPOS="2434" HPOS="847"/>
                  <String HEIGHT="66"
                          WIDTH="304"
                          VPOS="2434"
                          HPOS="777"
                          CONTENT="Gregorius"/>
                  <SP HEIGHT="66" WIDTH="23" VPOS="2434" HPOS="1081"/>
                  <String HEIGHT="66"
                          WIDTH="140"
                          VPOS="2434"
                          HPOS="1011"
                          CONTENT="in"/>
                  <SP HEIGHT="66" WIDTH="23" VPOS="2434" HPOS="1151"/>
                  <String HEIGHT="66"
                          WIDTH="187"
                          VPOS="2434"
                          HPOS="1081"
                          CONTENT="lib."/>
                  <SP HEIGHT="66" WIDTH="23" VPOS="2434" HPOS="1269"/>
                  <String HEIGHT="66"
                          WIDTH="140"
                          VPOS="2434"
                          HPOS="1198"
                          CONTENT="8."/>
                  <SP HEIGHT="66" WIDTH="23" VPOS="2434" HPOS="1339"/>
                  <String HEIGHT="66"
                          WIDTH="234"
                          VPOS="2434"
                          HPOS="1269"
                          CONTENT="Moral."/>
                  <SP HEIGHT="66" WIDTH="23" VPOS="2434" HPOS="1503"/>
                  <String HEIGHT="66"
                          WIDTH="211"
                          VPOS="2434"
                          HPOS="1432"
                          CONTENT="Saepe"/>
                  <SP HEIGHT="66" WIDTH="23" VPOS="2434" HPOS="1643"/>
                  <String HEIGHT="66"
                          WIDTH="257"
                          VPOS="2434"
                          HPOS="1573"
                          CONTENT="quosdam"/>
                  <SP HEIGHT="66" WIDTH="23" VPOS="2434" HPOS="1830"/>
                  <String HEIGHT="66"
                          WIDTH="281"
                          VPOS="2434"
                          HPOS="1760"
                          CONTENT="vidimus,"/>
                  <SP HEIGHT="66" WIDTH="23" VPOS="2434" HPOS="2041"/>
                  <String HEIGHT="66" WIDTH="47" VPOS="2434" HPOS="1947" CONTENT=""/>
               </TextLine>
               <TextLine ID="r2l38"
                         BASELINE="563,2529 634,2529 706,2529 778,2530 850,2531 922,2531 994,2532 1065,2533 1137,2534 1209,2535 1281,2535 1353,2537 1425,2537 1497,2538 1568,2538 1640,2540 1712,2540 1784,2540 1856,2540 1928,2540 2000,2538"
                         HEIGHT="66"
                         WIDTH="1455"
                         VPOS="2491"
                         HPOS="554">
                  <String HEIGHT="66"
                          WIDTH="254"
                          VPOS="2491"
                          HPOS="531"
                          CONTENT="quantum"/>
                  <SP HEIGHT="66" WIDTH="23" VPOS="2491" HPOS="785"/>
                  <String HEIGHT="66" WIDTH="139" VPOS="2491" HPOS="716" CONTENT="ad"/>
                  <SP HEIGHT="66" WIDTH="23" VPOS="2491" HPOS="854"/>
                  <String HEIGHT="66"
                          WIDTH="277"
                          VPOS="2491"
                          HPOS="785"
                          CONTENT="proprium"/>
                  <SP HEIGHT="66" WIDTH="23" VPOS="2491" HPOS="1062"/>
                  <String HEIGHT="66"
                          WIDTH="254"
                          VPOS="2491"
                          HPOS="993"
                          CONTENT="studium"/>
                  <SP HEIGHT="66" WIDTH="23" VPOS="2491" HPOS="1247"/>
                  <String HEIGHT="66"
                          WIDTH="277"
                          VPOS="2491"
                          HPOS="1178"
                          CONTENT="spectat,"/>
                  <SP HEIGHT="66" WIDTH="23" VPOS="2491" HPOS="1455"/>
                  <String HEIGHT="66"
                          WIDTH="162"
                          VPOS="2491"
                          HPOS="1385"
                          CONTENT="iam"/>
                  <SP HEIGHT="66" WIDTH="23" VPOS="2491" HPOS="1547"/>
                  <String HEIGHT="66"
                          WIDTH="323"
                          VPOS="2491"
                          HPOS="1478"
                          CONTENT="praesentis"/>
                  <SP HEIGHT="66" WIDTH="23" VPOS="2491" HPOS="1801"/>
                  <String HEIGHT="66"
                          WIDTH="208"
                          VPOS="2491"
                          HPOS="1732"
                          CONTENT="vitae"/>
                  <SP HEIGHT="66" WIDTH="23" VPOS="2491" HPOS="1940"/>
                  <String HEIGHT="66"
                          WIDTH="162"
                          VPOS="2491"
                          HPOS="1847"
                          CONTENT="desi¬"
                          SUBS_TYPE="HypPart1"
                          SUBS_CONTENT="desideria"/>
                  <HYP CONTENT="-"/>
               </TextLine>
               <TextLine ID="r2l39"
                         BASELINE="555,2594 627,2595 699,2595 772,2597 844,2597 917,2597 989,2598 1061,2598 1134,2598 1206,2598 1279,2600 1351,2600 1423,2600 1496,2601 1568,2601 1641,2602 1713,2603 1785,2604 1858,2606 1930,2608 2003,2610"
                         HEIGHT="79"
                         WIDTH="1466"
                         VPOS="2557"
                         HPOS="546">
                  <String HEIGHT="79"
                          WIDTH="224"
                          VPOS="2557"
                          HPOS="521"
                          CONTENT="deria"
                          SUBS_TYPE="HypPart2"
                          SUBS_CONTENT="desideria"/>
                  <SP HEIGHT="79" WIDTH="25" VPOS="2557" HPOS="745"/>
                  <String HEIGHT="79"
                          WIDTH="174"
                          VPOS="2557"
                          HPOS="670"
                          CONTENT="non"/>
                  <SP HEIGHT="79" WIDTH="25" VPOS="2557" HPOS="844"/>
                  <String HEIGHT="79"
                          WIDTH="273"
                          VPOS="2557"
                          HPOS="770"
                          CONTENT="hubere,"/>
                  <SP HEIGHT="79" WIDTH="25" VPOS="2557" HPOS="1043"/>
                  <String HEIGHT="79"
                          WIDTH="248"
                          VPOS="2557"
                          HPOS="968"
                          CONTENT="Mundum"/>
                  <SP HEIGHT="79" WIDTH="25" VPOS="2557" HPOS="1217"/>
                  <String HEIGHT="79" WIDTH="124" VPOS="2557" HPOS="1142" CONTENT="&amp;"/>
                  <SP HEIGHT="79" WIDTH="25" VPOS="2557" HPOS="1267"/>
                  <String HEIGHT="79"
                          WIDTH="224"
                          VPOS="2557"
                          HPOS="1192"
                          CONTENT="opere"/>
                  <SP HEIGHT="79" WIDTH="25" VPOS="2557" HPOS="1416"/>
                  <String HEIGHT="79" WIDTH="124" VPOS="2557" HPOS="1341" CONTENT="&amp;"/>
                  <SP HEIGHT="79" WIDTH="25" VPOS="2557" HPOS="1465"/>
                  <String HEIGHT="79"
                          WIDTH="373"
                          VPOS="2557"
                          HPOS="1391"
                          CONTENT="professione"/>
                  <SP HEIGHT="79" WIDTH="25" VPOS="2557" HPOS="1764"/>
                  <String HEIGHT="79"
                          WIDTH="373"
                          VPOS="2557"
                          HPOS="1689"
                          CONTENT="reliquisse;"/>
                  <SP HEIGHT="79" WIDTH="25" VPOS="2557" HPOS="2062"/>
                  <String HEIGHT="79" WIDTH="50" VPOS="2557" HPOS="1962" CONTENT=""/>
               </TextLine>
               <TextLine ID="r2l40"
                         BASELINE="560,2663 632,2663 704,2663 776,2663 848,2663 920,2663 992,2664 1065,2664 1137,2666 1209,2666 1281,2667 1353,2667 1425,2669 1497,2669 1570,2670 1642,2670 1714,2672 1786,2672 1858,2672 1930,2672 2003,2670"
                         HEIGHT="64"
                         WIDTH="1462"
                         VPOS="2611"
                         HPOS="551">
                  <String HEIGHT="64"
                          WIDTH="162"
                          VPOS="2611"
                          HPOS="528"
                          CONTENT="sed"/>
                  <SP HEIGHT="64" WIDTH="23" VPOS="2611" HPOS="690"/>
                  <String HEIGHT="64"
                          WIDTH="209"
                          VPOS="2611"
                          HPOS="621"
                          CONTENT="tamen"/>
                  <SP HEIGHT="64" WIDTH="23" VPOS="2611" HPOS="829"/>
                  <String HEIGHT="64"
                          WIDTH="162"
                          VPOS="2611"
                          HPOS="760"
                          CONTENT="pro"/>
                  <SP HEIGHT="64" WIDTH="23" VPOS="2611" HPOS="922"/>
                  <String HEIGHT="64"
                          WIDTH="348"
                          VPOS="2611"
                          HPOS="853"
                          CONTENT="inordinatis"/>
                  <SP HEIGHT="64" WIDTH="23" VPOS="2611" HPOS="1201"/>
                  <String HEIGHT="64"
                          WIDTH="325"
                          VPOS="2611"
                          HPOS="1131"
                          CONTENT="affectibus"/>
                  <SP HEIGHT="64" WIDTH="23" VPOS="2611" HPOS="1456"/>
                  <String HEIGHT="64"
                          WIDTH="371"
                          VPOS="2611"
                          HPOS="1386"
                          CONTENT="Propinquorum"/>
                  <SP HEIGHT="64" WIDTH="23" VPOS="2611" HPOS="1758"/>
                  <String HEIGHT="64"
                          WIDTH="302"
                          VPOS="2611"
                          HPOS="1688"
                          CONTENT="Praetoria"/>
                  <SP HEIGHT="64" WIDTH="23" VPOS="2611" HPOS="1990"/>
                  <String HEIGHT="64"
                          WIDTH="116"
                          VPOS="2611"
                          HPOS="1897"
                          CONTENT="ir¬"
                          SUBS_TYPE="HypPart1"
                          SUBS_CONTENT="irrumpere,"/>
                  <HYP CONTENT="-"/>
               </TextLine>
               <TextLine ID="r2l41"
                         BASELINE="557,2727 629,2729 701,2729 773,2730 845,2730 917,2732 989,2732 1061,2733 1133,2735 1205,2736 1277,2736 1349,2738 1421,2738 1493,2739 1565,2739 1637,2739 1709,2739 1781,2739 1853,2739 1925,2739 1997,2738"
                         HEIGHT="81"
                         WIDTH="1458"
                         VPOS="2691"
                         HPOS="548">
                  <String HEIGHT="81"
                          WIDTH="269"
                          VPOS="2691"
                          HPOS="526"
                          CONTENT="rumpere,"
                          SUBS_TYPE="HypPart2"
                          SUBS_CONTENT="irrumpere,"/>
                  <SP HEIGHT="81" WIDTH="22" VPOS="2691" HPOS="795"/>
                  <String HEIGHT="81"
                          WIDTH="314"
                          VPOS="2691"
                          HPOS="727"
                          CONTENT="terrenarum"/>
                  <SP HEIGHT="81" WIDTH="22" VPOS="2691" HPOS="1041"/>
                  <String HEIGHT="81"
                          WIDTH="202"
                          VPOS="2691"
                          HPOS="974"
                          CONTENT="rerum"/>
                  <SP HEIGHT="81" WIDTH="22" VPOS="2691" HPOS="1176"/>
                  <String HEIGHT="81"
                          WIDTH="247"
                          VPOS="2691"
                          HPOS="1109"
                          CONTENT="iurgiis"/>
                  <SP HEIGHT="81" WIDTH="22" VPOS="2691" HPOS="1356"/>
                  <String HEIGHT="81"
                          WIDTH="247"
                          VPOS="2691"
                          HPOS="1288"
                          CONTENT="vacare,"/>
                  <SP HEIGHT="81" WIDTH="22" VPOS="2691" HPOS="1535"/>
                  <String HEIGHT="81"
                          WIDTH="314"
                          VPOS="2691"
                          HPOS="1468"
                          CONTENT="libertatem"/>
                  <SP HEIGHT="81" WIDTH="22" VPOS="2691" HPOS="1782"/>
                  <String HEIGHT="81"
                          WIDTH="224"
                          VPOS="2691"
                          HPOS="1714"
                          CONTENT="intima"/>
                  <SP HEIGHT="81" WIDTH="22" VPOS="2691" HPOS="1939"/>
                  <String HEIGHT="81"
                          WIDTH="157"
                          VPOS="2691"
                          HPOS="1849"
                          CONTENT="quie¬"/>
               </TextLine>
            </TextBlock>
         </PrintSpace>
      </Page>
   </Layout>
</alto>
