2592 3508
535 134 415 128 Mendicationem
876 134 293 128 esseopus
1096 134 415 128 humilirtatis,
1437 134 171 128 vel
1535 134 317 128 pietatis,
1754 134 293 128 videritur;

533 238 192 96 esse
653 238 144 96 de
725 238 216 96 illis
868 238 263 96 Pseudo.
1060 238 144 96 de
1132 238 240 96 quibus
1300 238 216 96 dicit
1443 238 311 96 Apostolus
1683 238 144 96 I.
1755 238 263 96 Timotli
1946 238 144 96 6.

529 315 427 85 Existimantium
881 315 302 85 quaestum
1107 315 201 85 esse
1233 315 327 85 vietatem.
1484 315 151 85 Si
1559 315 201 85 vero
1685 315 226 85 milti
1811 315 226 85 praedis

540 362 199 97 cant
665 362 423 97 Praedicatores
1013 362 373 97 praedictist
1312 362 249 97 petunt
1486 362 174 97 vel
1586 362 324 97 recipiunt
1810 362 224 97 sumprus

534 441 152 90 ab
610 441 203 90 eis,
737 441 254 90 quibus
915 441 381 90 praedicant;
1219 441 457 90 qualitercumque
1601 441 254 90 petant
1778 441 178 90 vel
1855 441 152 90 reci

545 507 252 91 piant,
721 507 201 91 siue
847 507 277 91 propter
1048 507 302 91 debitum,
1274 507 201 91 siue
1400 507 277 91 proprer
1601 507 402 91 Deum(quoniam
1903 507 126 91 non

535 571 201 87 nisi
660 571 276 87 propter
861 571 226 87 Deum,
1012 571 301 87 scilicet
1238 571 201 87 Iure
1364 571 301 87 Dominico
1590 571 251 87 petere
1766 571 276 87 possunt
1942 571 100 87 ex

535 645 321 78 Euangelio
782 645 272 78 viuunt,
980 645 198 78 quod
1104 645 173 78 non
1203 645 247 78 potest
1376 645 198 78 esse
1499 645 395 78 inendicitas,
1821 645 173 78 sed
1895 645 148 78 pos¬-

537 699 271 95 testas;
734 699 123 95 &
784 699 172 95 sic
882 699 320 95 recipiunt
1129 699 271 95 sumptus
1326 699 394 95 potestatiue,
1646 699 172 95 non
1744 699 345 95 mendicatis

539 772 159 87 ue,
630 772 136 87 vt
698 772 272 87 ostensum
902 772 159 87 est
992 772 204 87 supra
1128 772 204 87 dist.
1264 772 136 87 1.
1332 772 136 87 §.
1400 772 159 87 Sed
1490 772 226 87 contra
1649 772 159 87 hoc
1740 772 226 87 forte,
1898 772 113 87 &
1943 772 136 87 §.

549 857 193 64 Item
669 857 362 64 Augustinus.
959 857 217 64 Falso
1103 857 241 64 igitur
1272 857 313 64 humiliant
1513 857 169 64 se,
1609 857 289 64 dicentes
1826 857 145 64 se
1874 857 121 64 men

561 905 234 90 dicare
724 905 210 90 velle
865 905 140 90 ab
935 905 351 90 Auditoribus
1215 905 187 90 suis
1332 905 210 90 tausa
1472 905 374 90 humilitatis,
1776 905 164 90 cum
1846 905 164 90 abiis

552 969 143 76 si
624 969 215 76 missi
767 969 359 76 extiterint,
1054 969 167 76 non
1150 969 263 76 valeant
1341 969 335 76 mendicare.

641 1024 136 103 §.
709 1024 182 103 Item
823 1024 204 103 falso
959 1024 295 103 humiliant
1186 1024 136 103 se
1255 1024 386 103 Praedicatores
1573 1024 227 103 missi,
1732 1024 136 103 si
1800 1024 227 103 dicant
1936 1024 91 103 se

548 1102 148 89 ad
622 1102 247 89 tantam
795 1102 271 89 inopiam
992 1102 321 89 peruenire
1239 1102 247 89 velle,
1411 1102 148 89 vt
1485 1102 173 89 eos
1584 1102 296 89 oporteat
1781 1102 247 89 meidica¬-

558 1169 179 82 re,
661 1169 256 82 veluti
840 1169 256 82 quidam
1019 1169 281 82 docent;
1223 1169 179 82 cum
1326 1169 153 82 ex
1402 1169 230 82 tanta
1556 1169 256 82 inopia
1709 1169 307 82 contingere

549 1230 267 90 posset,
743 1230 170 90 eos
840 1230 267 90 propter
1035 1230 365 90 indigentiam
1326 1230 292 90 sumptuum
1545 1230 389 90 contristari,
1861 1230 146 90 ac
1910 1230 122 90 in¬-

565 1303 308 75 stantiam
797 1303 231 75 eorum
951 1303 308 75 remitti,
1182 1303 180 75 nec
1285 1303 180 75 non
1388 1303 411 75 authoritatem
1722 1303 257 75 minui.
1876 1303 154 75 Vnde

560 1364 141 78 I.
630 1364 258 78 Timoth.
818 1364 141 78 5.
888 1364 211 78 super
1029 1364 235 78 illud,
1193 1364 164 78 Qui
1287 1364 188 78 hene
1404 1364 282 78 praesunt
1616 1364 352 78 Presbyteri,
1874 1364 164 78 dicit

563 1425 241 84 Glossa.
738 1425 175 84 Boni
848 1425 394 84 Dispensatores,
1177 1425 153 84 non
1264 1425 197 84 solum
1396 1425 219 84 honore
1549 1425 241 84 sublimi
1724 1425 307 84 praeueniri
1943 1425 88 84 de

560 1489 209 79 bent,
699 1489 162 79 sed
792 1489 116 79 &
838 1489 278 79 terreno;
1047 1489 139 79 vt
1117 1489 162 79 non
1210 1489 395 79 contristentur
1534 1489 325 79 indigentia
1790 1489 302 79 sumptuum.

555 1556 302 87 instantior
792 1556 172 87 enim
900 1556 151 87 fit
986 1556 345 87 Praedicator,
1266 1556 129 87 si
1331 1556 151 87 non
1417 1556 302 87 humilietur
1654 1556 237 87 inopia;
1827 1556 108 87 &
1848 1556 194 87 crescit

563 1625 126 75 in
626 1625 126 75 eo
689 1625 314 75 authoritas,
940 1625 147 75 cum
1024 1625 189 75 videt
1150 1625 126 75 se
1213 1625 126 75 in
1276 1625 272 75 praesenti
1485 1625 189 75 etiam
1611 1625 231 75 laboris
1779 1625 147 75 sur
1841 1625 189 75 fructum

562 1683 305 98 percipere,
802 1683 153 98 non
889 1683 131 98 vt
955 1683 262 98 abundet,
1151 1683 153 98 sed
1238 1683 131 98 vt
1304 1683 153 98 non
1391 1683 283 98 deficiat,
1609 1683 131 98 vt
1674 1683 218 98 dictum
1827 1683 153 98 est
1892 1683 153 98 supra

568 1747 177 88 ead.
679 1747 199 88 dist.
811 1747 133 88 in
878 1747 221 88 decimo
1033 1747 221 88 Signo,
1188 1747 133 88 §.
1254 1747 155 88 Sed
1343 1747 221 88 forte.
1498 1747 177 88 Nota
1608 1747 177 88 quod
1719 1747 199 88 dicit
1830 1747 177 88 Gloss.

559 1841 152 76 vt
635 1841 177 76 non
736 1841 429 76 contristentur
1089 1841 354 76 indigentia
1367 1841 328 76 sumptuum.
1620 1841 152 76 Ex
1695 1841 177 76 quo
1796 1841 303 76 videtur,

565 1891 204 83 quod
693 1891 204 83 veri
821 1891 230 83 etiam
974 1891 434 83 Praedicatores
1331 1891 357 83 indigentia
1612 1891 306 83 sumptuum
1816 1891 230 83 contri¬-

558 1952 260 94 stantur
747 1952 331 94 quandoque.
1007 1952 189 94 Item
1125 1952 189 94 nota
1244 1952 189 94 quod
1362 1952 236 94 dicit.
1527 1952 331 94 Instantior
1787 1952 165 94 sit
1858 1952 189 94 Pradis

575 2032 217 72 cator,
727 2032 130 72 si
792 2032 152 72 non
879 2032 325 72 humilieturc
1139 2032 130 72 Id
1204 2032 152 72 est
1291 2032 130 72 si
1356 2032 152 72 non
1443 2032 347 72 vilificetur)
1725 2032 239 72 inopia.
1898 2032 130 72 Ex
1942 2032 108 72 quo

543 2079 298 109 videtur,
767 2079 199 109 quod
891 2079 372 109 Praedicator
1188 2079 323 109 quandoque
1437 2079 372 109 vilificatur
1734 2079 273 109 inopia,
1933 2079 124 109 &
1958 2079 99 109 ex

553 2145 217 106 eadem
698 2145 217 106 causa
842 2145 314 106 instantia
1084 2145 193 106 eius
1204 2145 362 106 remiititur.
1494 2145 193 106 Item
1615 2145 193 106 nota
1735 2145 193 106 quod
1856 2145 241 106 dicit.

557 2209 130 85 Et
622 2209 239 85 crescit
796 2209 130 85 in
861 2209 130 85 eo
926 2209 326 85 authoritas,
1187 2209 152 85 cum
1274 2209 195 85 vilet
1404 2209 130 85 se
1469 2209 130 85 in
1534 2209 282 85 praesenti
1751 2209 195 85 etiam
1860 2209 195 85 labatis

545 2295 168 83 sui
641 2295 263 83 fructum
832 2295 335 83 percipere.
1096 2295 144 83 Ex
1168 2295 168 83 quo
1264 2295 287 83 videtur,
1479 2295 192 83 quod
1599 2295 335 83 authoritas
1838 2295 216 83 Praedi¬-

553 2376 275 63 catoris
753 2376 350 63 decrescit,
1029 2376 175 63 cum
1129 2376 175 63 non
1229 2376 376 63 raecipiendo
1529 2376 275 63 sumptus
1730 2376 150 63 ex
1780 2376 275 63 Euangelio

545 2440 171 72 teo
642 2440 219 72 forte
788 2440 195 72 quod
910 2440 219 72 caret
1057 2440 268 72 officio
1252 2440 390 72 praedicandi,
1568 2440 195 72 quia
1690 2440 171 72 non
1788 2440 171 72 est
1861 2440 195 72 missis

546 2489 352 80 canonice)
817 2489 298 80 necesse
1034 2489 244 80 habet
1196 2489 406 80 mendicate.;
1521 2489 298 80 Quoniam
1738 2489 244 80 igius
1873 2489 190 80 dicta

546 2551 210 98 tria
677 2551 342 98 incommoda
940 2551 184 98 non
1045 2551 368 98 Expediunt,
1334 2551 184 98 sed
1439 2551 237 98 magis
1597 2551 342 98 osficiunt
1833 2551 237 98 Praedi¬-

551 2614 293 78 catpriib
770 2614 439 78 praedicationi;
1136 2614 268 78 restat,
1331 2614 195 78 quod
1453 2614 219 78 bonus
1599 2614 390 78 Praedicatori
1891 2614 171 78 iueni

558 2679 333 95 dicitatem,
820 2679 143 95 ex
892 2679 167 95 qua
987 2679 190 95 illa
1106 2679 357 95 contingint,
1392 2679 357 95 desidlerale
1677 2679 190 95 nion
1796 2679 238 95 debete
1939 2679 143 95 qpi¬
