2592 3508
433 164 219 65 etiam
579 164 243 65 verbis
749 164 389 65 familiaribus
1065 164 122 65 &
1114 164 462 65 persuasibilibus
1503 164 365 65 incessanter
1771 164 146 65 pro¬-

450 235 249 62 uocant
624 235 124 62 &
674 235 348 62 persuadere
947 235 174 62 non
1047 235 298 62 cessant;
1271 235 199 62 quod
1395 235 174 62 est
1494 235 249 62 signum
1644 235 273 62 superbiae

442 298 368 50 manifestum,
737 298 221 50 iuxta
884 298 245 50 verbum
1056 298 270 50 Senecae
1252 298 147 50 Ad
1325 298 294 50 Eucilium
1546 298 172 50 sic
1644 298 319 50 dicentis.

447 346 260 65 Proprium
642 346 282 65 superbiae
859 346 173 65 est,
967 346 195 65 magno
1097 346 282 65 aestimare
1314 346 282 65 introitum
1530 346 130 65 ac
1595 346 217 65 tactum
1747 346 152 65 sui
1812 346 108 65 li¬-

444 410 235 66 minis,
608 410 141 66 vt
678 410 235 66 dictum
843 410 164 66 est
937 410 211 66 supra
1078 410 188 66 ead.
1195 410 211 66 dist.
1336 410 141 66 in
1406 410 282 66 vigesimo
1618 410 235 66 Signo.
1759 410 164 66 SItem

426 476 224 80 Pseudo.,

508 538 151 81 §.
583 538 328 81 Suggerunt
836 538 227 81 etiam
987 538 202 81 suis
1113 538 403 81 Largitoribus
1441 538 403 81 supradictis,
1743 538 177 81 opti¬-

446 611 179 57 mum
549 611 204 57 esse
676 611 153 57 in
753 611 230 57 tales
906 611 204 57 vsus
1033 611 230 57 (quos
1186 611 281 57 propter
1390 611 332 57 simulatam
1620 611 306 57 veneratio¬-

448 673 184 66 nem
553 673 184 66 Dei
658 673 131 66 &
710 673 341 66 Sanctorum
972 673 210 66 Pios
1104 673 367 66 appellant)
1392 673 315 66 pecuniam
1628 673 210 66 suam
1733 673 184 66 dicet

452 750 199 71 male
577 750 348 71 quaesitam)
850 750 348 71 expendere,
1124 750 124 71 &
1174 750 224 71 quasi
1323 750 174 71 sui
1422 750 348 71 memorialia
1671 750 249 71 perpetuo

451 810 310 58 duratura
683 810 155 58 ad
761 810 310 58 memoriam
993 810 284 58 aliorum
1200 810 155 58 in
1277 810 310 58 posterum
1509 810 387 58 instaurare;
1793 810 129 58 cum

451 867 206 64 tamen
589 867 229 64 melius
749 867 206 64 esset
887 867 183 64 eam,
1002 867 161 64 vel
1093 867 115 64 a
1139 867 229 64 quibus
1300 867 183 64 male
1414 867 229 64 oblata
1575 867 183 64 est,
1667 867 252 64 restitue¬-

456 951 155 53 re;
544 951 155 53 vel
633 951 155 53 eis
721 951 155 53 non
809 951 265 53 inuitis,
1008 951 221 53 saltem
1163 951 243 53 Christi
1340 951 309 53 Pauperibus
1583 951 376 53 esurientibus,

457 1003 122 65 &
505 1003 294 65 laborare
726 1003 416 65 impotentibus,
1069 1003 171 65 vel
1167 1003 318 65 mendicare
1412 1003 147 65 ex
1485 1003 220 65 caula
1608 1003 318 65 rationabili

444 1068 467 65 erubescentibus
833 1068 311 65 erogare.
1066 1068 259 65 Contra
1248 1068 259 65 quorum
1429 1068 467 65 superstitiosam
1792 1068 130 65 as¬-

449 1137 347 64 sertionem
716 1137 347 64 inuehitur
983 1137 427 64 Chrysostomus
1329 1137 240 64 super
1489 1137 240 64 illud
1649 1137 240 64 Math.
1783 1137 133 64 23.

451 1215 154 69 Qui
539 1215 330 69 aedificatis
803 1215 286 69 sepulchra
1023 1215 352 69 Prophetarum,
1310 1215 154 69 &c.
1398 1215 154 69 ita
1486 1215 242 69 dicens.
1662 1215 308 69 Insipiens,

450 1269 171 78 quid
557 1269 171 78 tibi
663 1269 235 78 prodest
835 1269 171 78 post
941 1269 214 78 mortem
1091 1269 171 78 ista
1198 1269 257 78 memoria,
1390 1269 128 78 si
1455 1269 150 78 vbi
1540 1269 128 78 es
1604 1269 299 78 torqueris,
1818 1269 107 78 vbi

447 1330 161 58 non
539 1330 138 58 es
608 1330 299 58 laudaris?
838 1330 184 58 Item
953 1330 230 58 ibidem
1114 1330 391 58 Chrysostomus.
1436 1330 184 58 Quae
1551 1330 161 58 est
1643 1330 184 58 ista
1735 1330 184 58 iusti¬-

450 1393 183 83 tia,
564 1393 274 83 munerare
770 1393 274 83 mortuos,
976 1393 114 83 &
1021 1393 183 83 expo
1135 1393 183 83 iare
1250 1393 297 83 viuentes?
1478 1393 137 83 de
1547 1393 274 83 sanguine
1729 1393 206 83 misero¬-

458 1466 155 74 rum
547 1466 266 74 tollere,
746 1466 111 74 &
791 1466 155 74 Deo
879 1466 266 74 osperre?
1079 1466 200 74 Illud
1212 1466 177 74 enim
1323 1466 155 74 est
1412 1466 155 74 Deo
1500 1466 266 74 osferre,
1700 1466 155 74 sed
1767 1466 155 74 velle

474 1531 317 56 violentiae
724 1531 317 56 suaesocium
973 1531 227 56 facere
1132 1531 204 56 Deum;
1268 1531 136 56 vt
1336 1531 159 56 cum
1426 1531 181 56 sibi
1540 1531 249 56 oblatam
1698 1531 227 56 pecuniam

451 1593 137 59 de
520 1593 251 59 peccato
702 1593 274 59 libenter
907 1593 319 59 acceperit,
1158 1593 297 59 consntiat
1387 1593 137 59 in
1455 1593 274 59 peccato.
1660 1593 183 59 Item
1752 1593 183 59 ibidem

453 1651 416 66 Chrysostomus.
795 1651 171 66 Vis
893 1651 220 66 domum
1040 1651 171 66 Dei
1137 1651 367 66 aedificare,
1431 1651 147 66 da
1504 1651 318 66 Fidelibus
1749 1651 122 66 &
1773 1651 147 66 Pau¬-

454 1722 242 75 peribus
630 1722 176 75 vnde
740 1722 242 75 viuant;
916 1722 132 75 in
982 1722 308 75 aedificiis
1223 1722 176 75 enim
1333 1722 242 75 homines
1509 1722 286 75 habitant,
1729 1722 176 75 Deus
1817 1722 110 75 au¬-

452 1779 165 67 tem
547 1779 141 67 in
617 1779 235 67 homini
782 1779 141 67 us
852 1779 282 67 sanctis.
1064 1779 188 67 Hine
1181 1779 141 67 D.
1252 1779 306 67 Stephanus
1487 1779 188 67 Act.
1605 1779 141 67 3.
1675 1779 235 67 dicit.
1816 1779 118 67 Non

458 1871 135 61 in
525 1871 202 61 manuf
660 1871 202 61 ictis
795 1871 270 61 excelsus
997 1871 247 61 habitat
1177 1871 202 61 sicut
1312 1871 157 61 per
1402 1871 292 61 Prophetam
1626 1871 225 61 dicit.
1761 1871 180 61 COELVM

444 1930 291 49 MINI
626 1930 473 49 SPPESEST,
990 1930 328 49 TERRA
1208 1930 328 49 AVTEM
1426 1930 473 49 SCABELLVM
1754 1930 182 49 PE¬-

445 1986 183 74 DVM
549 1986 235 74 NEORV
706 1986 157 74 M.
784 1986 209 74 Hinc
915 1986 235 74 etiam
1071 1986 261 74 Paulus
1254 1986 209 74 Act.
1384 1986 183 74 19.
1488 1986 261 74 dicit.
1671 1986 235 74 Deus,
1802 1986 130 74 qui

456 2051 200 71 fecit
589 2051 245 71 Mundum,
767 2051 111 71 &
812 2051 200 71 omnia
945 2051 178 71 quae
1057 2051 134 71 in
1124 2051 134 71 eo
1190 2051 200 71 sunt,
1324 2051 156 71 cum
1413 2051 156 71 sit
1502 2051 200 71 caeli
1636 2051 111 71 &
1680 2051 223 71 terrae
1814 2051 111 71 Do¬-

453 2134 223 62 minns,
609 2134 156 62 non
698 2134 134 62 in
765 2134 313 62 manufactis
1011 2134 246 62 Templis
1189 2134 268 62 habitat.
1390 2134 223 62 Melius
1547 2134 223 62 igitur
1703 2134 201 62 esset
1814 2134 112 62 pe¬-

455 2179 266 66 cuniam
642 2179 133 66 a
695 2179 400 66 Christianis
1015 2179 320 66 oblatam,
1254 2179 186 66 vel
1361 2179 160 66 ab
1441 2179 186 66 eis
1547 2179 186 66 per
1627 2179 320 66 importunos

457 2250 304 73 quaestus
685 2250 329 73 extortam,
938 2250 152 73 in
1014 2250 380 73 eleemosvnam
1317 2250 304 73 Pauperum
1545 2250 278 73 Christi
1722 2250 203 73 expen¬-

457 2315 225 58 dere,
607 2315 200 58 quam
732 2315 150 58 in
807 2315 325 58 aedificus
1058 2315 350 58 Templorum,
1333 2315 175 58 vel
1433 2315 225 58 aliis
1584 2315 376 58 immoderatis
1859 2315 75 58 &

458 2379 343 66 sumptuosis
727 2379 220 66 atque
874 2379 343 66 superfluis
1143 2379 343 66 collocare.
1413 2379 196 66 Nam,
1535 2379 220 66 sicut
1682 2379 220 66 dicit
1805 2379 122 66 Am¬-

458 2449 262 71 brosius
649 2449 143 71 in
720 2449 214 71 libro
863 2449 143 71 De
935 2449 310 71 Officiis.
1173 2449 214 71 Nonne
1316 2449 286 71 dicturus
1530 2449 167 71 est
1625 2449 286 71 Dominus,
1816 2449 119 71 cur

461 2520 226 75 passus
620 2520 136 75 es
688 2520 158 75 tot
778 2520 226 75 inopes
937 2520 181 75 fame
1050 2520 204 75 mori,
1185 2520 113 75 &
1231 2520 249 75 habebas
1412 2520 226 75 aurum,
1570 2520 181 75 vnde
1661 2520 272 75 ministras¬-

448 2579 166 80 ses
543 2579 332 80 alimoniam?
804 2579 142 80 Et
876 2579 261 80 hubetur
1066 2579 166 80 12.
1161 2579 190 80 6.2.
1279 2579 190 80 cap.
1398 2579 214 80 Aurum
1540 2579 214 80 habet
1683 2579 309 80 Ecclesia,

461 2648 216 84 Item
596 2648 379 84 Hieronymus
894 2648 162 84 Ad
975 2648 325 84 Paulinum
1219 2648 433 84 Presbyterum.
1570 2648 244 84 Verum
1706 2648 244 84 Christi
