2592 3508
481 194 196 59 illi
603 194 196 59 bona
725 194 294 59 Fidelium
945 194 245 59 blande
1117 194 318 59 auferunt,
1361 194 171 59 qui
1459 194 245 59 quando
1630 194 318 59 aegrotant
1851 194 122 59 di¬-

485 265 212 53 uites
626 265 306 53 Vsurarii,
861 265 165 53 vel
955 265 188 53 alii
1072 265 329 53 Peccatores
1331 265 306 53 opulenti,
1566 265 353 53 conscientia
1824 265 141 53 pec¬-

494 330 277 61 catorum
695 330 252 61 suorum
871 330 227 61 morte
1022 330 327 61 imminente
1274 330 302 61 turbati,
1501 330 252 61 statim
1677 330 302 61 ingerunt
1878 330 101 61 se

494 392 253 75 illorum
678 392 367 75 confessioni,
976 392 115 75 &
1022 392 299 75 terrentes
1252 392 161 75 eos
1344 392 138 75 de
1413 392 230 75 poenis
1574 392 230 75 futuri
1734 392 276 75 saeculi,

493 458 341 71 promittunt
760 458 170 71 eis
858 458 292 71 animarum
1077 458 292 71 salutem,
1296 458 146 71 si
1369 458 195 71 apud
1490 458 170 71 eos
1588 458 219 71 ipsos
1709 458 268 71 elegerint

484 534 318 70 sepeliri,
728 534 196 70 apud
851 534 196 70 quos
973 534 294 70 asserunt
1193 534 245 70 maiora
1364 534 122 70 &
1413 534 269 70 meliora
1609 534 318 70 orationum
1829 534 147 70 sus¬-

495 587 258 88 fragia
676 587 412 88 inueniriecum
1010 587 232 88 tamen
1165 587 232 88 eorum
1319 587 361 88 orationesm
1603 587 180 88 nec
1706 587 232 88 sibi,
1834 587 155 88 neci

490 666 225 50 aliis
640 666 276 50 possint
841 666 326 50 proficere
1091 666 150 50 ad
1166 666 301 50 salutem;
1392 666 200 50 immo
1517 666 175 50 cum
1617 666 175 50 per
1717 666 175 50 eas
1793 666 175 50 deci¬-

494 729 269 66 piant,
682 729 161 66 ad
763 729 296 66 maiorem
978 729 269 66 cedunt
1166 729 242 66 eorum
1327 729 430 66 damnationem.
1676 729 215 66 Vnde
1784 729 188 66 super

490 794 213 64 illud
632 794 189 64 Iue.
750 794 165 64 20.
845 794 165 64 Qui
939 794 283 64 deuorant
1152 794 213 64 domos
1293 794 307 64 Viduarum,
1529 794 165 64 &c.
1624 794 213 64 dicit
1765 794 260 64 Glossa.

501 859 152 57 Qui
588 859 131 57 vt
654 859 370 57 religiosiores
959 859 283 57 videantur
1176 859 283 57 prolixius
1394 859 218 57 orant,
1546 859 131 57 vt
1612 859 131 57 ab
1677 859 261 57 infirmis
1851 859 131 57 qui¬-

492 919 252 86 busque,
676 919 115 86 &
721 919 321 86 peccatorum
974 919 229 86 suorum
1134 919 344 86 conscientia
1410 919 298 86 turbatis,
1639 919 206 86 quasi
1754 919 229 86 Patroni.

498 979 279 97 pecunias
707 979 116 97 &
753 979 232 97 laudes
916 979 325 97 accipiant;
1171 979 232 97 quorum
1334 979 232 97 oratio
1496 979 163 97 fit
1589 979 139 97 in
1659 979 302 97 peccatum;
1868 979 139 97 quia

496 1060 149 81 nec
581 1060 192 81 sibi,
709 1060 149 81 nec
794 1060 192 81 aliis
922 1060 234 81 possunt
1092 1060 277 81 proficere
1305 1060 128 81 ad
1369 1060 255 81 salutem;
1560 1060 170 81 immo
1667 1060 149 81 pro
1752 1060 192 81 ipsis
1858 1060 128 81 ora¬-

495 1130 298 57 tionibus,
724 1130 161 57 cum
816 1130 161 57 per
908 1130 161 57 eas
1000 1130 206 57 alios
1137 1130 321 57 decipiant,
1390 1130 252 57 grauius
1573 1130 367 57 damnabuntur;
1848 1130 138 57 non¬-

490 1194 219 67 enim
627 1194 356 67 orationem
901 1194 192 67 Deo
1010 1194 356 67 commendat
1285 1194 247 67 manus
1449 1194 384 67 accipiens,
1751 1194 192 67 sed
1833 1194 137 67 ma¬-

490 1256 174 52 nus
589 1256 323 52 largiens.
838 1256 199 52 Vnde
962 1256 223 52 Marc.
1111 1256 174 52 12.
1210 1256 223 52 super
1359 1256 223 52 verbo
1508 1256 347 52 praedicto.
1780 1256 174 52 Qui
1855 1256 124 52 de¬-

493 1321 239 59 uorant
660 1321 215 59 domos
804 1321 311 59 Viduarum,
1042 1321 215 59 dicit
1186 1321 263 59 Glossa.
1377 1321 215 59 Quasi
1520 1321 263 59 Patroni
1711 1321 143 59 in
1759 1321 215 59 Iudicio

501 1378 254 65 futuri,
686 1378 139 65 ab
755 1378 277 65 infirmis
963 1378 116 65 &
1009 1378 324 65 peccatorum
1264 1378 347 65 conscientia
1541 1378 300 65 turbatis,
1749 1378 231 65 pecuniam

498 1450 300 56 accipere
723 1450 175 56 non
823 1450 325 56 dubitant;
1073 1450 175 56 cum
1173 1450 325 56 commendet
1422 1450 175 56 Deo
1522 1450 325 56 orationem
1747 1450 250 56 porrecta

498 1521 208 75 manus
636 1521 139 75 ad
706 1521 254 75 dandum,
891 1521 162 75 non
983 1521 277 75 collecta
1191 1521 139 75 ad
1260 1521 370 75 accipiendum;
1560 1521 231 75 quibus
1722 1521 208 75 illud
1837 1521 139 75 con¬-

484 1586 341 65 gruit.
722 1586 341 65 ORATIO
961 1586 272 65 EIVS
1131 1586 272 65 FIAT
1301 1586 204 65 IN
1403 1586 443 65 PECCATVM.

533 1663 155 57 §.
611 1663 259 57 Blande
792 1663 233 57 etiam
947 1663 310 57 auferunt
1180 1663 181 57 res
1283 1663 284 57 aliorum
1490 1663 362 57 praedicti,
1748 1663 233 57 promit¬-

493 1706 246 58 tentes
666 1706 271 58 salutem
863 1706 296 58 aeternam
1084 1706 271 58 egrotis
1281 1706 345 58 diuitibus,
1552 1706 172 58 si.
1651 1706 296 58 secundum
1848 1706 123 58 eo¬-

497 1777 170 53 rum
594 1777 291 53 consilia
812 1777 170 53 sua
909 1777 364 53 condiderint
1200 1777 364 53 testamenta;
1491 1777 146 53 in
1564 1777 243 53 quibus
1709 1777 267 53 testamen¬-

494 1842 171 61 tis
591 1842 292 61 seipsos,
810 1842 171 61 vel
908 1842 268 61 aliquos
1103 1842 146 61 de
1176 1842 219 61 suis,
1322 1842 366 61 Executores,
1615 1842 171 61 vel
1688 1842 292 61 Executorum

496 1914 407 57 consiliatores
831 1914 287 57 ordinari
1046 1914 335 57 procurant;
1309 1914 359 57 quasimelius
1596 1914 120 57 &
1644 1914 287 57 fidelius
1835 1914 144 57 dis¬-

488 1977 332 66 pensaturi
744 1977 204 66 sint
872 1977 307 66 pecuniam
1102 1977 307 66 alienam,
1332 1977 179 66 qui
1434 1977 281 66 propter
1639 1977 332 66 Christum,
1869 1977 102 66 vt

484 2047 358 61 asserunt,
760 2047 248 61 omnia
925 2047 469 61 relinquentes,
1311 2047 221 61 suam
1449 2047 331 61 pecuniam
1670 2047 303 61 creduntur

485 2107 265 57 optime
671 2107 424 57 dispensasse.
1016 2107 265 57 Contra
1201 2107 212 57 quos
1334 2107 239 57 dicit
1493 2107 371 57 Hieronymns
1784 2107 159 57 Ad
1837 2107 133 57 Ne¬-

482 2179 336 72 potianum.
740 2179 232 72 Caue,
895 2179 155 72 ne
973 2179 232 72 quasi
1128 2179 284 72 fidelis
1334 2179 129 72 &
1386 2179 284 72 famosus
1593 2179 284 72 quondam
1773 2179 207 72 tuorum

489 2240 391 75 Dispensator,
806 2240 269 75 alienam
1002 2240 293 75 pecuniam
1222 2240 415 75 distribuendam
1564 2240 318 75 accipias.
1784 2240 195 75 Habeto

498 2298 405 65 simplicitatem
832 2298 310 65 columbae,
1070 2298 143 65 ne
1142 2298 238 65 vnquam
1309 2298 334 65 machineris
1571 2298 238 65 dolos.
1738 2298 143 65 Et
1809 2298 143 65 ne
1857 2298 119 65 Te¬-

490 2363 301 65 statores
716 2363 175 65 dum
816 2363 276 65 viuunt,
1016 2363 351 65 testamenta
1292 2363 401 65 praedictorum
1618 2363 326 65 consiliis
1844 2363 125 65 fa¬-

481 2434 202 57 cta,
607 2434 329 57 cuiusquam
860 2434 380 57 suggestione
1164 2434 278 57 possint
1367 2434 278 57 mutare,
1569 2434 329 57 autlegata
1797 2434 177 57 immo¬-

481 2501 257 71 derata
661 2501 180 71 eis
764 2501 283 71 relicta
969 2501 334 71 reuocare,
1226 2501 180 71 vel
1329 2501 308 71 minuere,
1560 2501 257 71 semper
1740 2501 231 71 vsque
1868 2501 103 71 ad

476 2578 263 67 mortem
660 2578 237 67 egris
818 2578 369 67 assistunt,
1107 2578 237 67 quasi
1265 2578 316 67 Vultures
1502 2578 500 67 circumuolantes,
1897 2578 79 67 &

475 2635 305 69 cadauera
703 2635 406 69 expectantes;
1033 2635 152 69 de
1110 2635 254 69 quibus
1287 2635 229 69 dicit
1440 2635 254 69 Seneca
1617 2635 152 69 in
1694 2635 203 69 libu
1821 2635 152 69 4.
1871 2635 102 69 De

470 2707 303 89 Officiis.
703 2707 279 89 Ingratum
912 2707 210 89 voco,
1052 2707 163 89 qui
1145 2707 210 89 aegro
1285 2707 279 89 assidet,
1494 2707 186 89 quia
1611 2707 349 89 testamennum
1867 2707 116 89 sa¬
