2592 3508
505 162 221 98 cturus
659 162 176 98 est;
770 162 154 98 ant
858 162 154 98 cur
946 162 132 98 de
1012 162 331 98 hareditate,
1277 162 154 98 vel
1365 162 265 98 delegato
1564 162 221 98 vacati
1718 162 287 98 cogitare.
1917 162 88 98 vt

508 234 204 88 anes,
644 234 181 88 quae
758 234 340 88 laceratione
1030 234 272 88 corporum
1234 234 295 88 aluentur,
1461 234 204 88 lapsa
1597 234 204 88 morbo
1733 234 295 88 corpora;;
1937 234 68 88 &

511 287 259 102 casura,
700 287 259 102 proximo
888 287 376 102 speculantur;
1194 287 165 102 ita
1288 287 188 102 hit,
1405 287 165 102 qui
1499 287 400 102 imminetmorti;
1829 287 118 102 &
1852 287 165 102 ciret

514 355 283 103 cadauera
727 355 236 103 volat.
892 355 377 103 Consequenter
1198 355 377 103 verolegrotis
1504 355 212 103 illis
1646 355 306 103 defunctis
1858 355 165 103 illam

525 425 226 99 eorum
675 425 301 99 pecuniam
901 425 276 99 ipsorum
1102 425 376 99 executioni,
1403 425 176 99 seu
1503 425 376 99 ordinationi
1779 425 226 99 commis¬-

520 499 184 90 sam,
635 499 161 90 sub
727 499 300 90 praetextu
958 499 184 90 suae
1073 499 346 90 voluntariae
1350 499 369 90 paupertatis,
1649 499 115 90 &
1695 499 184 90 suae
1788 499 230 90 simulate

521 568 373 86 sanctitatis,
824 568 140 86 in
894 568 187 86 vsus
1011 568 210 86 suos,
1151 568 163 86 vel
1244 568 233 86 suorum
1407 568 350 86 conuertunt;
1687 568 303 86 ostendere
1897 568 117 86 co¬-

520 639 250 85 nantes
695 639 200 85 suis
820 639 350 85 rationibus
1094 639 374 85 adinuentis;
1394 639 175 85 non
1494 639 225 85 posse
1644 639 225 85 illam
1768 639 250 85 pecuniam

523 692 163 96 ad
604 692 326 96 meliores
849 692 218 96 vsus
985 692 326 96 expendi;
1230 692 136 96 &
1285 692 218 96 sici
1421 692 272 96 contra
1611 692 381 96 documentum
1883 692 136 96 Am¬-

530 749 229 109 brossi
690 749 206 109 Tiunt
827 749 366 109 Procuratores
1124 749 206 109 rerum
1262 749 366 109 saecularium,
1559 749 160 109 qui
1650 749 229 109 debent
1787 749 229 109 Religio¬-

535 823 177 102 nis
636 823 252 102 cultui
812 823 353 102 deseruire.
1090 823 151 102 Et
1165 823 252 102 contra
1342 823 353 102 documentum
1619 823 328 102 Hieronymi
1846 823 177 102 Tiunt

534 885 295 102 alienarum
761 885 204 102 rerum
897 885 408 102 Dispensatores,
1237 885 159 102 qui
1327 885 363 102 contempsisse
1622 885 272 102 videntur
1803 885 227 102 proprias

541 955 323 114 facultates,
800 955 129 114 vt
865 955 259 114 ostensum
1059 955 151 114 est
1145 955 194 114 supra
1274 955 194 114 dist.
1403 955 129 114 2.
1468 955 129 114 §.
1532 955 151 114 Sed
1619 955 194 114 forte
1748 955 259 114 obijciet
1920 955 108 114 cu¬-

551 1047 287 87 riositatis
777 1047 267 87 Defensor.

637 1068 154 121 §.
714 1068 179 121 Qui
817 1068 205 121 vero
945 1068 282 121 talibus
1150 1068 282 121 propter
1355 1068 282 121 speciem
1559 1068 410 121 sanctitatis,
1867 1068 179 121 quame

538 1166 312 86 ostendunt
778 1166 312 86 exterius,
1017 1166 216 86 quasi
1161 1166 288 86 fidelius
1377 1166 407 86 dispensaturis
1712 1166 192 86 bona
1832 1166 168 86 sua
1904 1166 120 86 di¬-

547 1218 346 99 stribuenda
819 1218 371 99 committunt,
1116 1218 272 99 cautius
1314 1218 297 99 agerent,
1537 1218 148 99 si
1611 1218 223 99 bona,
1760 1218 198 99 quae
1859 1218 173 99 forte

541 1291 178 106 per
642 1291 305 106 rapinam,
871 1291 178 106 vel
972 1291 279 106 vsuram,
1176 1291 127 106 a
1226 1291 279 106 Christi
1429 1291 330 106 Fidelibus
1683 1291 406 106 extorferunt,

549 1350 195 96 manu
671 1350 269 96 propria
866 1350 415 96 restituerent,
1208 1350 171 96 dum
1306 1350 195 96 ipsi
1428 1350 269 96 vinunt;
1623 1350 220 96 iuste
1769 1350 195 96 vero
1867 1350 171 96 quae¬-

547 1419 200 91 sita
672 1419 350 91 Pauperibus
947 1419 400 91 impotentibus
1272 1419 325 91 laborare,
1521 1419 175 91 vel
1621 1419 150 91 ex
1696 1419 225 91 causa
1821 1419 225 91 legiti¬-

556 1493 154 86 ma
633 1493 461 86 erubescentibus
1018 1493 359 86 mendicare,
1300 1493 205 86 manu
1428 1493 308 86 propria,
1659 1493 179 86 vel
1761 1493 256 86 saltem
1915 1493 128 86 vo¬-

554 1555 274 90 luntate
753 1555 274 90 propria
952 1555 124 90 &
1002 1555 298 90 expressa
1225 1555 423 90 distribuerent
1574 1555 174 90 per
1673 1555 274 90 aliquem
1847 1555 199 90 merito

554 1631 187 78 non
661 1631 373 78 suspectum.
954 1631 320 78 Cogitare
1194 1631 267 78 namque
1381 1631 293 78 debent,
1595 1631 213 78 quod
1728 1631 240 78 Iudas
1861 1631 187 78 licet

565 1672 231 102 esset
719 1672 359 102 Apostolus,
1001 1672 128 102 &
1052 1672 128 102 a
1104 1672 282 102 Domino;
1309 1672 179 102 qui
1411 1672 231 102 falli
1565 1672 179 102 non
1668 1672 282 102 potest,
1847 1672 205 102 secun¬-

554 1749 171 95 dum
651 1749 317 95 iustitiam
895 1749 341 95 praesentem
1163 1749 390 95 temporaliter
1480 1749 293 95 electus,
1700 1749 122 95 &
1748 1749 146 95 ob
1822 1749 171 95 hoc
1895 1749 146 95 pro¬-

561 1806 189 118 pter
680 1806 260 118 speciem
869 1806 379 118 sanctitatis,
1177 1806 189 118 quam
1295 1806 284 118 exterius
1508 1806 355 118 ostendebat,
1769 1806 284 118 Sanctissi¬-

565 1880 186 92 mus
672 1880 372 92 repuratus;
964 1880 398 92 nihilominus
1283 1880 239 92 tamen
1442 1880 345 92 pecuniam;
1708 1880 213 92 quae
1814 1880 239 92 commis¬-

557 1952 276 91 tebatur
757 1952 150 91 ei
833 1952 401 91 distribuenda
1159 1952 376 91 Pauperibus,
1459 1952 351 91 asportabat
1735 1952 125 91 &
1760 1952 301 91 furabatura

574 2011 134 99 vt
641 2011 246 99 legitur
820 2011 201 99 Ioan.
954 2011 157 99 I2.
1044 2011 112 99 &
1088 2011 269 99 ostensum
1290 2011 157 99 est
1379 2011 201 99 supra
1514 2011 201 99 dist.
1648 2011 134 99 2.
1715 2011 134 99 §.
1782 2011 157 99 Sed
1850 2011 201 99 iforsan

551 2086 264 87 dicet.
735 2086 211 87 Vnde
867 2086 370 87 Hieronymus
1158 2086 158 87 Ad
1237 2086 396 87 Nepotianum.
1554 2086 343 87 Fratribus
1791 2086 264 87 refrire¬-

563 2130 165 109 ria
658 2130 283 109 sumptuum
870 2130 189 109 manu
988 2130 259 109 propria
1177 2130 330 109 distribue;
1436 2130 189 109 rara
1554 2130 165 109 est
1648 2130 189 109 enim
1766 2130 142 109 in
1814 2130 259 109 hominibus

572 2226 205 99 fides;
716 2226 205 99 cogita
860 2226 185 99 Iudae
983 2226 246 99 loculos.

629 2241 144 131 §.
701 2241 192 131 Item
821 2241 239 131 blande
988 2241 168 131 res
1084 2241 263 131 aliorum
1276 2241 311 131 auferunt,
1515 2241 168 131 qui
1611 2241 144 131 vt
1683 2241 216 131 aliis
1803 2241 263 131 pauperins

569 2362 172 72 res
668 2362 123 72 &
717 2362 344 72 sanctiores
987 2362 319 72 putentur,
1233 2362 123 72 &
1282 2362 147 72 ob
1356 2362 172 72 hoc
1454 2362 270 72 Fideles
1650 2362 270 72 Christi
1847 2362 172 72 res
1921 2362 147 72 suas

573 2424 168 80 eis
669 2424 287 80 facilius
884 2424 359 80 largiantur,
1171 2424 215 80 nouas
1315 2424 431 80 superstitiones
1674 2424 359 80 confingunt;
1937 2424 120 80 dis

582 2471 248 100 centes
756 2471 224 100 forte
905 2471 149 100 se
980 2471 273 100 propter
1178 2471 298 100 Christum
1402 2471 373 100 nihishabere
1700 2471 224 100 velle
1825 2471 248 100 propriut

570 2546 204 85 vel
686 2546 349 85 commune,
948 2546 204 85 sed
1064 2546 262 85 magis
1239 2546 349 85 perpetuo
1500 2546 407 85 mendicare;
1791 2546 291 85 nolentes

579 2603 234 97 etiam
735 2603 285 97 propter
942 2603 337 97 egestatem
1202 2603 363 97 (cumitamen
1487 2603 311 97 possint)
1721 2603 285 97 munibus
1902 2603 182 97 labo¬-

561 2691 230 104 rare,
715 2691 179 104 sed
817 2691 230 104 magis
970 2691 332 104 orationi,
1226 2691 128 104 &
1277 2691 460 104 praedicationi,
1660 2691 128 104 &
1686 2691 409 104 animarumdlicet
