2592 3508
456 100 501 129 DEVORANT
832 100 376 129 DOMoS
1041 100 918 129 ViDVARVMISVPTOBRENEV

479 195 308 104 PROTITA
703 195 392 104 ORATIONIS.
1011 195 168 104 De
1095 195 252 104 istis
1262 195 504 104 superstitiosis
1682 195 336 104 Negoria,

480 268 284 89 toribus
687 268 336 89 Orationum
945 268 284 89 futuris
1152 268 387 89 prophetauit
1462 268 155 89 D.
1539 268 258 89 Petrus
1694 268 284 89 appellans

485 357 173 71 eos
584 357 321 71 Magistros
831 357 297 71 mendaces
1054 357 148 71 2.
1128 357 222 71 Petr.
1276 357 148 71 3.
1350 357 272 71 dicens.
1548 357 148 71 Et
1622 357 222 71 erunt
1771 357 148 71 in
1820 357 173 71 vobis

485 394 270 98 Magistri
688 394 293 98 mendaces,
913 394 158 98 qui
1003 394 360 98 introducent;
1296 394 225 98 sectas
1454 394 360 98 perditionis.
1746 394 135 98 Et
1814 394 225 98 infra,

485 470 144 99 Et
557 470 144 99 in
629 470 289 99 auaritia
846 470 241 99 fictis
1015 470 241 99 verbis
1183 470 144 99 de
1256 470 217 99 vobis
1400 470 433 99 negotiabuntur.
1761 470 193 99 Nota
1858 470 144 99 quod

492 531 206 89 dicit
630 531 413 89 Negotiabuntur.
973 531 252 89 Glossa.
1157 531 160 89 Non
1249 531 206 89 causa
1386 531 344 89 Religionis,
1661 531 160 89 sed
1730 531 252 89 auaritiae

499 612 157 108 asi
588 612 246 108 aliquid
767 612 291 108 lucrentur
991 612 246 108 fingunt
1170 612 201 108 nonas
1304 612 313 108 doctrinas,
1550 612 157 108 nec
1639 612 157 108 vos
1729 612 201 108 emunt
1863 612 179 108 Deo,

501 663 160 85 sed
593 663 137 85 de
661 663 206 85 vobis
798 663 251 85 aliquid
981 663 183 85 sibi
1095 663 251 85 commodi
1278 663 320 85 acquirunt,
1530 663 160 85 vel
1621 663 297 85 acquirere
1827 663 160 85 sata¬-

497 723 209 120 gunt.
636 723 278 120 Sequitur
845 723 139 120 in
914 723 232 120 textu.
1077 723 232 120 Quibus
1239 723 278 120 iudicium
1448 723 162 120 iam
1540 723 186 120 olim
1656 723 162 120 non
1749 723 255 120 cessat,
1911 723 70 120 &

493 810 274 91 perditio
698 810 205 91 eorum
835 810 160 91 non
926 810 296 91 dormitat.

556 851 161 102 §.
637 851 295 102 Quoniam
851 851 268 102 igitur
1038 851 375 102 Seductores
1333 851 375 102 praedicti,
1628 851 402 102 supradictis
1923 851 80 102 &

500 926 213 89 aliis
643 926 237 89 multis
809 926 213 89 modis
951 926 308 89 praedicta
1188 926 261 89 faciunt
1378 926 142 89 de
1449 926 285 89 plebibus
1662 926 285 89 alienis;
1852 926 142 89 ideo

497 990 211 94 Lupi
629 990 264 94 merito
813 990 396 94 appellantur
1130 990 158 94 in
1209 990 370 94 Scripturis
1500 990 317 94 Diuinis;
1737 990 132 94 &
1790 990 185 94 per
1869 990 132 94 hoc

506 1061 233 87 etiam
661 1061 414 87 discernuntur
998 1061 129 87 a
1050 1061 233 87 veris
1205 1061 362 87 Apostolis.
1489 1061 207 87 Vnde
1619 1061 207 87 Act.
1748 1061 181 87 2ol
1826 1061 181 87 super

503 1140 220 75 illud
649 1140 293 75 Apostoli
869 1140 318 75 Argentum,
1113 1140 171 75 aut
1211 1140 244 75 aurum,
1382 1140 171 75 vel
1480 1140 244 75 vestes
1651 1140 269 75 nullius
1822 1140 195 75 concu¬-

518 1187 217 96 piui,
662 1187 217 96 dicit
807 1187 265 96 Glossa.
1000 1187 169 96 Per
1096 1187 169 96 hoc
1192 1187 385 96 cognoscuntur
1505 1187 217 96 Lupi;
1650 1187 144 96 id
1722 1187 169 96 est
1794 1187 217 96 Pseudo¬-

516 1255 305 93 Apostoli,
750 1255 188 93 quia
867 1255 211 93 talia
1008 1255 399 93 concupiscunt.
1337 1255 141 93 Et
1407 1255 211 93 infra
1548 1255 211 93 super
1689 1255 211 93 illud
1806 1255 211 93 Aposto¬-

512 1315 136 98 I.
580 1315 136 98 Ad
648 1315 159 98 ea,
739 1315 182 98 quae
853 1315 182 98 mihi
966 1315 182 98 opus
1080 1315 227 98 erant,
1238 1315 113 98 &
1284 1315 159 98 iis
1375 1315 159 98 qui
1465 1315 204 98 mecum
1602 1315 204 98 sunt;
1715 1315 295 98 ministraue¬-

513 1402 189 78 runt
631 1402 212 78 manus
773 1402 236 78 istae,
938 1402 212 78 dicit
1079 1402 259 78 Glossa.
1268 1402 283 78 Exemplum
1480 1402 283 78 operandi
1692 1402 212 78 etiam
1810 1402 212 78 Episco¬-

519 1445 178 109 pis,
630 1445 156 109 est
719 1445 222 109 signum
875 1445 156 109 quo
964 1445 356 109 discernuntur
1253 1445 111 109 a
1297 1445 222 109 Rupis.
1453 1445 133 109 Id
1520 1445 156 109 est
1609 1445 111 109 a
1653 1445 245 109 Pseudo-
1809 1445 200 109 Aposto¬-

520 1525 196 81 lis.
642 1525 196 81 Isti
764 1525 245 81 Pseudo
936 1525 416 81 superstitiosi
1279 1525 318 81 auaritiam
1523 1525 196 81 suam
1646 1525 343 81 Religionis
1891 1525 122 81 eo¬-

517 1573 197 104 lore
641 1573 346 104 pingentes,
912 1573 321 104 praestant
1159 1573 272 104 Diabolo
1357 1573 197 104 arma
1480 1573 296 104 Christi,
1702 1573 173 104 cum
1801 1573 197 104 suas
1900 1573 123 104 su¬-

518 1641 378 116 perstitiones
826 1641 213 116 (quae
968 1641 284 116 profecto
1180 1641 355 116 iniquitates
1464 1641 213 116 sunt)
1606 1641 284 116 pietatem
1795 1641 213 116 faciunt

518 1715 314 112 assimari.
759 1715 193 112 Vnde
880 1715 217 112 super
1025 1715 217 112 illud
1169 1715 241 112 Matth.
1338 1715 169 112 23.
1435 1715 169 112 Vae
1531 1715 217 112 vobis
1676 1715 241 112 Scriba
1845 1715 121 112 &
1869 1715 145 112 Pha¬-

523 1784 235 87 risaei
687 1784 352 87 Hypocritae,
969 1784 164 87 qui
1063 1784 305 87 comeditis
1298 1784 211 87 domos
1439 1784 305 87 Viduarum,
1674 1784 258 87 orantes
1838 1784 188 87 longas

512 1867 360 72 orationes,
795 1867 231 72 dicit
949 1867 437 72 Chrysostomus.
1309 1867 180 72 Qui
1412 1867 334 72 auaritiam
1669 1867 283 72 vestram
1849 1867 180 72 Reli¬-

511 1913 225 109 gionis
669 1913 225 109 colore
827 1913 338 109 depingitis,
1097 1913 203 109 quasi
1232 1913 248 109 Diabolo
1412 1913 248 109 Christi
1592 1913 180 109 arma
1704 1913 338 109 praestatis,
1952 1913 90 109 vt

528 1994 236 75 ametur
694 1994 330 75 iniquitas,
953 1994 165 75 dum
1047 1994 236 75 pietas
1189 1994 283 75 astimatur.

608 2058 147 91 §.
682 2058 147 91 Si
756 2058 172 91 qui
854 2058 196 91 ergo
952 2058 368 91 Praedicatores

516 2128 247 81 tione,
689 2128 173 81 seu
788 2128 296 81 missione
1010 2128 173 81 non
1109 2128 346 81 constetsex
1380 2128 198 81 more
1504 2128 173 81 per
1603 2128 198 81 suas
1701 2128 346 81 superstitio¬-

516 2177 168 99 nes
612 2177 168 99 sic
708 2177 409 99 circumueniant
1045 2177 288 99 homines,
1261 2177 144 99 vt
1333 2177 240 99 dictum
1501 2177 192 99 est,
1621 2177 360 99 assistentes
1910 2177 192 99 eis,

511 2244 207 94 etiam
649 2244 322 94 importune,
902 2244 184 94 siue
1017 2244 138 94 in
1086 2244 207 94 vita,
1224 2244 184 94 file
1340 2244 138 94 in
1409 2244 230 94 morte,
1570 2244 138 94 ac
1639 2244 161 94 sub
1731 2244 276 94 pietatis
1915 2244 138 94 spe¬-

523 2331 177 71 cie
624 2331 405 71 suggerentes,
953 2331 152 71 vt
1029 2331 203 71 apud
1156 2331 177 71 eos
1257 2331 203 71 sias
1384 2331 355 71 sepulturas
1663 2331 304 71 eligant,
1891 2331 127 71 &
1916 2331 127 71 imi

519 2375 249 92 mensas
694 2375 174 92 eis
793 2375 349 92 donationes
1067 2375 299 92 faciant;
1291 2375 174 92 vel
1391 2375 274 92 immensa
1591 2375 249 92 legata
1765 2375 174 92 eis
1840 2375 199 92 resin¬-

523 2454 272 77 quant;
713 2454 163 77 vt
795 2454 381 77 testamenta
1095 2454 327 77 secundum
1340 2454 245 77 eorum
1503 2454 327 77 gonsilia
1748 2454 327 77 condant;
1966 2454 82 77 &

531 2509 177 86 sub
632 2509 329 86 praetextu
885 2509 303 86 fidelius
1112 2509 379 86 dispensandi
1416 2509 303 86 pecuniam
1643 2509 455 86 festamentorum;

545 2577 168 96 se,
641 2577 168 96 vel
737 2577 216 96 suos,
881 2577 336 96 Executores
1144 2577 431 96 testamentorum,
1504 2577 168 96 vel
1600 2577 407 96 consiliatores
1911 2577 120 96 Exe

528 2643 281 79 cutorum
733 2643 306 79 ordinari
962 2643 357 79 procurent;
1243 2643 128 79 &
1294 2643 153 79 vt
1371 2643 179 79 hoc
1473 2643 306 79 facilius
1703 2643 408 79 assequantur,
