2592 3508
437 115 282 85 futragis
649 115 212 85 illis
790 115 306 85 orationum
1026 115 353 85 promittant;
1308 115 118 85 &
1355 115 141 85 ne
1426 115 235 85 legata
1591 115 165 85 eis
1685 115 282 85 relicta,

449 216 160 61 vei
540 216 114 61 ;
586 216 320 61 eltarrenta
837 216 183 61 suis
951 216 297 61 consiliis
1180 216 205 61 facta
1317 216 251 61 mutent,
1499 216 160 61 vel
1591 216 297 61 reuocent,
1796 216 137 61 sem¬-

454 267 160 81 Ee¬
546 267 297 81 altistant
774 267 160 81 eis
866 267 206 81 vsque
1003 267 137 81 ad
1071 267 251 81 mortem;
1254 267 206 81 illis
1391 267 206 81 autem
1528 267 320 81 defunctis,
1757 267 160 81 pecu¬-

447 330 187 66 niam
563 330 210 66 eorum
704 330 397 66 fraudulenter,
1031 330 140 66 vt
1101 330 234 66 dictum
1265 330 187 66 est,
1381 330 140 66 in
1452 330 187 66 vsus
1568 330 210 66 suos,
1709 330 164 66 vel
1779 330 140 66 suo¬-

447 402 182 66 rum
551 402 391 66 conuertant;
864 402 313 66 videntur
1098 402 182 66 res
1203 402 234 66 eorum
1359 402 417 66 fraudulenter
1698 402 130 66 &
1724 402 208 66 blande

446 488 302 60 auferre;
673 488 302 60 videntur
900 488 227 60 etiam
1051 488 151 60 se
1126 488 252 60 contra
1303 488 328 60 doctrinam
1555 488 302 60 Apostoli
1757 488 176 60 nego¬-

448 544 198 68 tiis
572 544 396 68 saecularibus
894 544 347 68 immiscere,
1167 544 124 68 &
1216 544 421 68 Negotiatores,
1563 544 173 68 seu
1638 544 297 68 Mercatores

450 595 334 65 Orationum
707 595 231 65 esse,
861 595 128 65 &
913 595 180 65 per
1016 595 180 65 hoc
1118 595 283 65 Diabolo
1324 595 283 65 Christi
1530 595 206 65 arma
1632 595 283 65 praestare

464 639 296 93 Videntur
686 639 222 93 etiam
834 639 197 93 esse
957 639 296 93 Vultures
1179 639 468 93 circumuolantes,
1573 639 123 93 &
1622 639 296 93 cadauera
1819 639 123 93 est

453 745 368 64 pectantes;
742 745 315 64 videntur
979 745 237 64 etiam
1136 745 210 64 esse
1268 745 210 64 Lupi
1399 745 315 64 rapaces,
1636 745 210 64 bona
1741 745 184 64 ouium

448 802 277 66 Christi
649 802 302 66 carnalia
875 802 352 66 cupientes.
1152 802 151 66 Et
1228 802 201 66 ideo
1353 802 176 66 non
1454 802 302 66 videntur
1680 802 201 66 esse
1781 802 151 66 veri

445 865 349 83 Apostoli,
713 865 188 83 sed
794 865 241 83 Pseudo.

536 924 171 90 §.
621 924 683 90 Quadragesimumquartum
1218 924 284 90 Signum
1417 924 284 90 potest
1616 924 256 90 esse,
1758 924 171 90 Quod

442 995 213 65 veri
575 995 319 65 Apostoli
815 995 186 65 non
922 995 373 65 frequenter
1214 995 373 65 conueniunt
1507 995 160 65 ad
1587 995 293 65 alienam
1773 995 160 65 men¬-

444 1058 169 65 sam
540 1058 169 65 cum
637 1058 193 65 otio
758 1058 338 65 corporali,
1023 1058 145 65 ne
1096 1058 338 65 Adulatores
1361 1058 241 65 siant.
1530 1058 217 65 Sicut
1675 1058 193 65 enim
1772 1058 169 65 dicit

456 1129 232 66 Glossa
618 1129 209 66 super
757 1129 209 66 illud
896 1129 139 66 2.
966 1129 232 66 Thess.
1128 1129 139 66 3.
1197 1129 139 66 Vt
1267 1129 162 66 nos
1360 1129 209 66 ipsos
1499 1129 232 66 sormam
1661 1129 255 66 daremus
1823 1129 116 66 vo¬-

448 1193 180 67 bis,
560 1193 157 67 &c.
650 1193 157 67 Qui
740 1193 315 67 frequenter
987 1193 270 67 conuenit
1189 1193 135 67 ad
1257 1193 247 67 alienam
1437 1193 225 67 mensam
1594 1193 180 67 otio
1706 1193 270 67 deditus,

445 1258 268 65 aduletur
646 1258 246 65 necesse
825 1258 156 65 est
914 1258 268 65 pascenti
1115 1258 156 65 se;
1205 1258 156 65 cum
1294 1258 246 65 Religio
1473 1258 223 65 nostra
1629 1258 134 65 ad
1674 1258 268 65 libertatem

449 1322 243 64 homines
626 1322 265 64 aduocet,
825 1322 133 64 vt
891 1322 221 64 dictum
1046 1322 155 64 est
1135 1322 199 64 supra
1267 1322 199 64 dist.
1400 1322 133 64 2.
1466 1322 133 64 §.
1533 1322 133 64 Si
1599 1322 177 64 vero
1710 1322 265 64 dicatur.

462 1378 138 74 De
531 1378 253 74 talibus
715 1378 230 74 potest
876 1378 299 74 intelligi
1106 1378 138 74 ad
1175 1378 276 74 literam,
1383 1378 184 74 quod
1498 1378 207 74 dicit
1636 1378 345 74 Ecclesiast.

448 1475 187 63 cap.
564 1475 163 63 40.
658 1475 163 63 Vir
751 1475 327 63 respiciens
1008 1475 140 63 in
1078 1475 233 63 mensam
1241 1475 280 63 alienam,
1451 1475 163 63 non
1544 1475 163 63 est
1638 1475 187 63 vita
1754 1475 187 63 eius
1848 1475 93 63 in

451 1522 336 66 cogitatione
719 1522 246 66 victus;
898 1522 179 66 alit
1010 1522 179 66 enim
1122 1522 224 66 animam
1279 1522 179 66 suam
1391 1522 201 66 cibis
1525 1522 269 66 alienis,
1726 1522 157 66 Vir
1793 1522 157 66 autem

452 1593 363 59 disciplinatus
751 1593 107 59 &
794 1593 257 59 eruditus
986 1593 257 59 custodit
1178 1593 150 59 se;
1264 1593 278 59 scilicet,
1478 1593 107 59 a
1520 1593 257 59 talibus,
1713 1593 150 59 vel
1798 1593 107 59 a
1820 1593 128 59 tali

446 1650 235 86 facto.
611 1650 235 86 Contra
776 1650 212 86 tales
917 1650 212 86 etiam
1058 1650 259 86 dicitur
1246 1650 141 86 in
1316 1650 212 86 eodem
1457 1650 188 86 lib.
1575 1650 188 86 cap.
1692 1650 165 86 29.
1763 1650 188 86 Transi

451 1714 242 76 hospes,
627 1714 154 76 &c.
715 1714 132 76 Et
782 1714 220 76 infra.
936 1714 132 76 Et
1002 1714 176 76 quae
1112 1714 132 76 in
1178 1714 176 76 manu
1289 1714 220 76 habes,
1443 1714 176 76 ciba
1553 1714 265 76 cateros,
1752 1714 242 76 Glossa.

449 1766 155 85 Qui
537 1766 221 85 alieno
692 1766 309 85 delectaris
935 1766 287 85 hospitio,
1155 1766 177 85 redi
1266 1766 132 85 ad
1332 1766 265 85 propria,
1531 1766 110 85 &
1575 1766 132 85 de
1641 1766 221 85 labore
1773 1766 177 85 tuoete

453 1872 124 52 &
503 1872 223 52 alios
651 1872 247 52 pasce.
824 1872 198 52 Item
948 1872 148 52 in
1022 1872 223 52 eodem
1171 1872 198 52 cap.
1295 1872 223 52 paulo
1443 1872 223 52 ante.
1592 1872 198 52 Vita
1715 1872 272 52 nequam,

456 1916 344 64 hospitari.
727 1916 148 64 de
801 1916 197 64 domo
924 1916 148 64 in
997 1916 246 64 domum.
1170 1916 221 64 Item,
1317 1916 172 64 cum
1416 1916 295 64 secundum
1637 1916 344 64 Gregorium,

462 1978 197 74 cuius
593 1978 175 74 vita
703 1978 328 74 despicitur,
965 1978 219 74 restat
1119 1978 131 74 vt
1184 1978 175 74 eius
1294 1978 328 74 praedicatio
1556 1978 350 74 contemnatur;
1819 1978 131 74 ideo

462 2050 211 68 veri
594 2050 317 68 Apostoli
831 2050 317 68 nolentes
1069 2050 476 68 praedicationem
1465 2050 211 68 suam
1598 2050 343 68 contemni,
1835 2050 106 68 ne

465 2131 181 64 per
568 2131 181 64 hoc
672 2131 309 64 inutiles
904 2131 361 64 habeantur,
1187 2131 258 64 nolunt
1368 2131 232 64 vitam
1522 2131 206 64 suam
1651 2131 309 64 despici;
1858 2131 77 64 &

456 2194 213 57 ideo
589 2194 186 57 non
696 2194 372 57 frequenter
988 2194 159 57 ad
1068 2194 292 57 alienam
1280 2194 266 57 mensam
1467 2194 399 57 conueniunt,
1759 2194 186 57 etiam

457 2242 347 82 inuitati.
724 2242 187 82 Nam
831 2242 240 82 sicut
990 2242 240 82 dicit
1150 2242 373 82 Hieronymus
1444 2242 160 82 Ad
1524 2242 400 82 Nepotianum.
1817 2242 133 82 Pa¬-

451 2330 236 58 ciltus
616 2330 377 58 contemnitur,
923 2330 165 58 qui
1017 2330 212 58 saepe
1159 2330 259 58 vocatur
1347 2330 141 58 ad
1418 2330 307 58 prandium,
1654 2330 118 58 &
1701 2330 165 58 non
1772 2330 165 58 recu¬-

459 2377 209 82 sat.
589 2377 209 82 Ergo
720 2377 235 82 multo
877 2377 313 82 facilius
1112 2377 418 82 contemnitur,
1451 2377 183 82 qui
1555 2377 183 82 non
1660 2377 287 82 vocatus
1843 2377 104 82 ad

456 2450 287 90 prandium
671 2450 215 90 saepe
815 2450 263 90 ingerit
1006 2450 143 90 se
1078 2450 287 90 inuitis.

519 2529 147 59 §.
592 2529 147 59 Si
665 2529 171 59 qui
763 2529 196 59 ergo
886 2529 416 59 Praedicatores
1229 2529 171 59 (de
1327 2529 245 59 quorum
1498 2529 294 59 canoniea
1694 2529 245 59 vocatio¬-

446 2578 168 72 ne,
542 2578 168 72 seu
638 2578 288 72 missione
854 2578 168 72 non
950 2578 288 72 constet)
1166 2578 144 72 ex
1238 2578 192 72 more
1358 2578 168 72 sic
1454 2578 288 72 faciant,
1670 2578 168 72 non
1742 2578 192 72 viden¬-

457 2666 159 67 tur
548 2666 181 67 esse
661 2666 181 67 veri
775 2666 295 67 Apostoli,
1001 2666 159 67 sed
1092 2666 227 67 potius
1250 2666 272 67 suspecti
1454 2666 181 67 esse
1568 2666 272 67 possunt,
1772 2666 136 67 ne
1817 2666 136 67 sint

418 2722 262 67 Pseudo.
