2592 3508
452 129 279 125 propter
655 129 457 125 importunitatem
1035 129 305 125 petentis
1264 129 355 125 tollendam,
1543 129 178 125 aut
1644 129 279 125 propter
1822 129 127 125 de¬-

453 235 375 86 tractionem
748 235 349 86 vitandam,
1016 235 188 86 aut
1124 235 295 86 propter
1338 235 241 86 aliam
1499 235 268 86 causam
1687 235 188 86 non
1767 235 188 86 meris

460 306 275 75 toriam;
660 306 175 75 non
760 306 300 75 libenter
985 306 350 75 recipiunt;
1259 306 325 75 scientes,
1509 306 200 75 quod
1634 306 200 75 tunc
1734 306 200 75 demulm

467 378 173 85 est
566 378 222 85 datum
714 378 395 85 fructiferum,
1035 378 247 85 quando
1208 378 222 85 datur
1356 378 148 85 ex
1430 378 197 85 bona
1553 378 345 85 voluntate;
1800 378 123 85 vi;

457 437 264 64 delicet
649 437 144 64 si
721 437 264 64 dederit
912 437 192 64 quis
1032 437 383 64 liberaliter,
1344 437 264 64 quantum
1536 437 120 64 &
1583 437 240 64 quando
1727 437 192 64 dispo¬-

465 502 182 76 suit
579 502 136 76 in
647 502 205 76 corde
783 502 159 76 suo
874 502 136 76 se
943 502 205 76 velle
1079 502 205 76 dare;
1215 502 227 76 aliter
1374 502 182 76 enim
1488 502 205 76 dando
1625 502 159 76 sid
1715 502 159 76 est
1784 502 136 76 dan¬-

465 563 150 86 do
540 563 276 86 propter
741 563 351 86 praesentem
1016 563 301 86 pudorem,
1242 563 175 86 aut
1342 563 276 86 propter
1543 563 301 86 petentis
1743 563 201 86 impor¬-

459 646 365 74 tunitatem,
746 646 183 74 aut
850 646 287 74 propter
1059 646 235 74 aliam
1216 646 261 74 causam
1398 646 391 74 indecentem)
1711 646 235 74 &rem,
1842 646 104 74 &l

458 701 259 96 meritum
647 701 259 96 perdit.
835 701 188 96 Vnde
952 701 141 96 2.
1023 701 282 96 Coripth.
1235 701 141 96 9.
1305 701 212 96 dicit
1446 701 329 96 Apostolus.
1681 701 259 96 Vnusquis¬-

466 776 170 92 que.
572 776 233 92 Glossa.
741 776 170 92 Det.
847 776 191 92 PROVT
975 776 318 92 destinauit.
1229 776 233 92 Glossa.
1399 776 127 92 Id
1462 776 170 92 est,
1569 776 170 92 prae
1675 776 297 92 ordinauit.

460 837 130 94 IN
525 837 194 94 corde
655 837 173 94 suo.
763 837 238 94 Glossa.
936 837 130 94 Id
1000 837 173 94 est,
1108 837 130 94 in
1173 837 259 94 consilio
1368 837 281 94 rationis.
1584 837 173 94 Quia
1692 837 151 94 qui
1757 837 194 94 inuitus

459 908 160 75 dat
551 908 252 75 propter
734 908 320 75 praesentem
985 908 275 75 pudorem,
1191 908 160 75 non
1283 908 206 75 habet
1420 908 297 75 mercedem;
1649 908 114 75 &
1694 908 183 75 ideo
1786 908 160 75 vnus¬-

451 971 270 74 quisque
648 971 196 74 det,
771 971 221 74 sicut
918 971 319 74 proposuit
1163 971 147 74 in
1237 971 221 74 corde
1384 971 172 74 suo
1483 971 147 74 se
1556 971 221 74 velle
1704 971 221 74 dare.
1826 971 123 74 NON

455 1014 118 88 ex
514 1014 274 88 tristitia;
730 1014 137 88 aut
808 1014 118 88 ex
867 1014 313 88 necessitate.
1121 1014 215 88 Glossa.
1278 1014 118 88 Id
1337 1014 157 88 est,
1435 1014 235 88 tristis,
1611 1014 137 88 vel
1689 1014 235 88 coactus,
1846 1014 98 88 sed

452 1105 298 62 sponte.
668 1105 298 62 HILAREM
885 1105 216 62 enim
1020 1105 325 62 Datorem,
1264 1105 298 62 Glossa,
1480 1105 189 62 qui
1588 1105 162 62 ex
1642 1105 298 62 voluntate

460 1162 205 93 bona
589 1162 205 93 dat,
717 1162 282 93 DILIGIE
922 1162 308 93 Dominus.
1153 1162 282 93 Glossa.
1359 1162 154 93 Id
1436 1162 205 93 est,
1564 1162 308 93 approbat
1795 1162 128 93 &
1821 1162 128 93 re¬-

453 1226 273 84 munerat,
658 1226 159 84 non
749 1226 251 84 tristem
932 1226 387 84 remunerantem.
1251 1226 159 84 Qui
1342 1226 182 84 enim
1456 1226 182 84 dat,
1570 1226 137 84 vt
1638 1226 228 84 careat
1775 1226 182 84 raedio

471 1294 437 92 interpellantis,
839 1294 161 92 non
931 1294 138 92 vt
1000 1294 276 92 reficiat
1207 1294 253 92 viscera
1390 1294 322 92 indigentis
1643 1294 115 92 &
1689 1294 161 92 rem
1781 1294 115 92 &
1804 1294 161 92 meris

470 1339 145 95 tum
553 1339 228 95 perdit.
719 1339 124 95 Et
781 1339 207 95 infra.
927 1339 124 95 Si
989 1339 145 95 cum
1072 1339 270 95 tristitia
1279 1339 207 95 facis;
1424 1339 145 95 fit
1507 1339 187 95 dete,
1632 1339 145 95 non
1715 1339 124 95 tu
1777 1339 207 95 facis;

469 1424 186 62 Nota
585 1424 186 62 quod
701 1424 209 62 dicit
841 1424 233 62 Glossa
1004 1424 326 62 praedicta.
1260 1424 349 62 Vnusquisque
1539 1424 186 62 det;
1655 1424 209 62 prout
1772 1424 186 62 dispo¬-

468 1488 197 70 suit
592 1488 148 70 in
666 1488 222 70 corde
814 1488 197 70 suo.
937 1488 148 70 Ex
1011 1488 173 70 quo
1110 1488 296 70 videtur,
1332 1488 197 70 quod
1455 1488 173 70 non
1554 1488 173 70 sit
1653 1488 296 70 petendum
1850 1488 99 70 ab

459 1557 283 82 aliquo,
665 1557 257 82 saltem
845 1557 360 82 importune,
1128 1557 206 82 nisi
1256 1557 180 82 cum
1359 1557 231 82 summa
1513 1557 411 82 necessitate;
1821 1557 129 82 sed

460 1633 379 77 expectandum
763 1633 202 77 est,
889 1633 303 77 quousque
1116 1633 177 77 det
1217 1633 202 77 homo
1343 1633 227 77 sicut
1495 1633 353 77 disposuit,
1772 1633 126 77 &
1798 1633 151 77 quam

468 1690 167 89 tum
563 1690 309 89 disposuit
801 1690 143 89 in
873 1690 214 89 corde
1016 1690 167 89 suo
1111 1690 143 89 se
1182 1690 214 89 velle
1325 1690 214 89 dare,
1468 1690 143 89 vt
1539 1690 167 89 sic
1635 1690 238 89 sponte
1777 1690 167 89 dando

467 1737 308 95 acquirat
698 1737 282 95 meritum
904 1737 205 95 apud
1032 1737 231 95 Deum;
1186 1737 154 95 ne
1263 1737 231 95 forte
1417 1737 180 95 non
1520 1737 282 95 sponte;
1725 1737 180 95 sed
1802 1737 154 95 pros

466 1821 174 75 ter
565 1821 447 75 importunitatem
938 1821 323 75 petentis,
1186 1821 174 75 vel
1286 1821 273 75 propter
1484 1821 298 75 pudorem,
1708 1821 174 75 vel
1782 1821 174 75 prop¬-

469 1897 195 83 pter
591 1897 220 83 alias
737 1897 244 83 causas
908 1897 171 83 non
1006 1897 342 83 meritorias
1275 1897 171 83 det
1373 1897 293 83 amplius,
1593 1897 195 83 quam
1690 1897 269 83 disposuit

474 1948 207 82 dare;
612 1948 161 82 vel
704 1948 161 82 det
796 1948 230 82 quando
957 1948 161 82 non
1049 1948 299 82 disposuit
1279 1948 207 82 dare;
1417 1948 115 82 &
1463 1948 161 82 sic
1555 1948 253 82 perdat,
1739 1948 115 82 &
1785 1948 184 82 rem,
1877 1948 69 82 &

472 2027 291 84 meritum.
690 2027 194 84 Item
811 2027 145 84 I.
884 2027 291 84 Corinth.
1102 2027 170 84 I6.
1199 2027 267 84 loquens
1393 2027 315 84 spostolus
1635 2027 145 84 de
1683 2027 267 84 collectis

469 2077 151 100 ad
544 2077 201 100 opus
670 2077 301 100 Pauperum
896 2077 326 100 faciendis
1147 2077 251 100 dicit.
1322 2077 377 100 Vnusquisque
1624 2077 276 100 vestrum
1799 2077 151 100 apud

472 2142 136 82 se
540 2142 272 82 reponat,
745 2142 295 82 recondens
972 2142 182 82 quod
1085 2142 182 82 sibi
1199 2142 318 82 placuerit.
1449 2142 136 82 Et
1517 2142 159 82 hoc
1608 2142 227 82 dicit,
1767 2142 136 82 vt
1812 2142 159 82 denum

476 2219 189 83 eius
594 2219 165 83 sit
689 2219 330 83 gratuitum;
948 2219 189 83 nam,
1066 2219 141 83 vt
1136 2219 212 83 dicit
1278 2219 236 83 Seneca
1443 2219 189 83 libi
1560 2219 141 83 2.
1631 2219 141 83 De
1702 2219 306 83 Oliiciis,

476 2283 151 81 Non
563 2283 194 81 tulit
692 2283 237 81 gratis,
864 2283 172 81 qui;
971 2283 151 81 cum
1058 2283 280 81 rogasset,
1273 2283 258 81 accepit.
1467 2283 129 81 Et
1531 2283 215 81 infra.
1682 2283 258 81 Nullares
1854 2283 86 81 ea

471 2334 182 113 rius
585 2334 273 113 constat,
790 2334 182 113 quam
903 2334 182 113 quae
1017 2334 273 113 precibus
1222 2334 205 113 empta
1336 2334 136 113 est.

547 2413 146 88 §.
620 2413 146 88 Si
693 2413 170 88 qui
790 2413 194 88 ergo
911 2413 413 88 Praedicatores
1252 2413 170 88 (de
1349 2413 243 88 quorum
1519 2413 292 88 eanonita
1713 2413 219 88 vocatio

479 2492 167 85 ne,
574 2492 167 85 seu
670 2492 286 85 missione
884 2492 167 85 non
979 2492 286 85 constet)
1193 2492 119 85 a
1241 2492 262 85 talibus
1431 2492 333 85 datoribus;
1693 2492 167 85 qui
1788 2492 167 85 non
1860 2492 71 85 e

483 2548 181 91 mera
596 2548 384 91 liberalitate,
913 2548 158 91 vel
1003 2548 136 91 ex
1071 2548 181 91 mero
1184 2548 248 91 placito
1364 2548 181 91 suo,
1477 2548 158 91 sed
1568 2548 248 91 propter
1726 2548 203 91 praeset

478 2614 176 80 tem
578 2614 302 80 pudorem,
805 2614 176 80 aut
905 2614 277 80 propter
1106 2614 302 80 petentis
1333 2614 478 80 importunitatem,
1735 2614 176 80 aut
1810 2614 151 80 for¬-

473 2683 151 95 te
548 2683 277 95 propter
750 2683 277 95 timorem
951 2683 302 95 aliquem,
1177 2683 176 95 aut
1278 2683 277 95 propter
1479 2683 226 95 aliam
1630 2683 252 95 causam
1781 2683 151 95 mint
