2592 3508
505 105 139 130 vt
574 105 279 130 ostensum
783 105 163 130 est
876 105 209 130 supra
1016 105 209 130 dist.
1155 105 139 130 2.
1225 105 139 130 §.
1294 105 255 130 Quoniam
1480 105 209 130 autem
1619 105 139 130 ex
1689 105 348 130 otiositate,

499 201 128 92 &
551 201 384 92 Paragraphis
858 201 409 92 sequentibus)
1190 201 179 92 hoc
1292 201 205 92 modo
1420 201 409 92 arcendisunt,
1753 201 128 92 &
1804 201 153 92 ab
1855 201 128 92 Ec¬-

495 271 234 86 clesia
658 271 350 86 repellendi.
938 271 210 86 Primo
1079 271 187 86 enim
1195 271 350 86 corripiendi
1476 271 210 86 sunt,
1616 271 140 86 vt
1686 271 140 86 ab
1756 271 187 86 otio
1849 271 117 86 su¬-

492 343 279 78 pradicto
701 343 326 78 discedant,
957 343 116 78 &
1003 343 116 78 a
1050 343 349 78 curiositate
1329 343 326 78 supradicta
1585 343 326 78 desistant;
1817 343 163 78 iuxta

503 410 301 74 praeceptum
739 410 279 74 Apostoli?
954 410 215 74 Thess.
1104 410 129 74 5.
1169 410 279 74 dicentis.
1383 410 279 74 Corripite
1598 410 301 74 Inquietos.
1835 410 193 74 Glos.

492 463 133 104 Id
558 463 177 104 est.
669 463 288 104 Curiosos,
890 463 111 104 &
934 463 310 104 Garouagos,
1178 463 243 104 Supple.
1355 463 133 104 Et
1421 463 199 104 multo
1554 463 199 104 magis
1686 463 265 104 otiosos;
1863 463 133 104 quia

493 536 344 92 curiositas
764 536 123 92 &
813 536 368 92 Gyrouagntio
1107 536 147 92 ex
1181 536 344 92 otiositate
1451 536 368 92 proueniunt;
1746 536 147 92 vt
1795 536 172 92 osten

495 588 153 113 sum
583 588 153 113 est
670 588 197 113 supra
801 588 197 113 dist.
932 588 131 113 2.
998 588 131 113 in
1064 588 262 113 Fractatu
1260 588 328 113 Decuriosis.
1523 588 131 113 §.
1588 588 131 113 Et
1654 588 284 113 notandum.
1851 588 131 113 Quia

491 658 140 106 si
561 658 420 106 incorrigibiles
910 658 280 106 fierint,
1120 658 233 106 debent
1283 658 420 106 excommunicari,
1633 658 210 106 iuxta
1750 658 233 106 praecep¬-

493 736 161 85 tum
585 736 276 85 Apostoli
792 736 138 85 2.
861 736 230 85 Thess.
1022 736 138 85 3.
1091 736 299 85 dicentis.
1320 736 345 85 Denuntiamus
1596 736 230 85 vobis,
1757 736 276 85 Fratres,

496 793 131 99 in
562 793 219 99 nomine
715 793 219 99 Domini
868 793 175 99 Iesu
977 793 262 99 Christi.
1174 793 241 99 Glossa.
1349 793 131 99 Id
1414 793 175 99 est.
1524 793 153 99 Per
1611 793 175 99 Iesu
1721 793 241 99 Christi
1874 793 109 99 au¬-

492 840 354 108 thoritatem
770 840 227 108 vobis
921 840 404 108 praecipimus.
1250 840 152 108 VT
1326 840 379 108 abstrabatis
1629 840 177 108 vos
1705 840 278 108 Cexcommu¬-

493 929 265 80 nicando
686 929 290 80 scilicet
903 929 121 80 &
951 929 314 80 euitando,
1193 929 145 80 vt
1265 929 265 80 patebit
1458 929 241 80 infra)
1627 929 145 80 ab
1699 929 193 80 omni
1796 929 193 80 Fratre

496 1003 284 81 ambulante
715 1003 328 81 inordinate.
977 1003 241 81 Glossa.
1152 1003 131 81 Id
1218 1003 153 81 est
1305 1003 241 81 aliter,
1480 1003 175 81 quam
1589 1003 175 81 ordo
1699 1003 241 81 naturae
1852 1003 131 81 exi¬-

466 1071 213 70 git;
600 1071 347 70 videlicet
867 1071 320 70 secundùm
1107 1071 213 70 quem
1240 1071 240 70 debet
1400 1071 213 70 homo
1533 1071 160 70 in
1614 1071 267 70 sudore
1774 1071 213 70 vultus

484 1116 157 88 sui
573 1116 202 88 vesci
708 1116 180 88 pane
820 1116 180 88 suo.
932 1116 224 88 Genes.
1089 1116 135 88 3.
1157 1116 180 88 nisi
1269 1116 314 88 excipiatur
1516 1116 112 88 a
1561 1116 292 88 praecepto
1763 1116 224 88 Apostoli

483 1177 328 109 supradicto
740 1177 211 109 dist.
881 1177 141 109 2.
951 1177 211 109 cirea
1092 1177 351 109 principium,
1373 1177 141 109 §.
1443 1177 187 109 Sunt
1560 1177 187 109 ergo
1677 1177 258 109 otiosi.
1841 1177 141 109 Vnde

487 1262 369 78 Augustinus
776 1262 158 78 in
855 1262 211 78 lib.
987 1262 158 78 De
1066 1262 237 78 opere
1224 1262 290 78 Monach.
1434 1262 211 78 cap.
1566 1262 158 78 3.
1645 1262 211 78 vnde
1750 1262 237 78 sumitur

501 1314 259 107 Glossa
682 1314 233 107 ista,
838 1314 311 107 recitans
1071 1314 233 107 hanci
1227 1314 259 107 eamdem
1408 1314 415 107 authoritatem
1719 1314 259 107 Apostoli

492 1394 249 90 ponit,
666 1394 324 90 Inquiete,
916 1394 174 90 pro
1015 1394 149 90 eo
1090 1394 199 90 quod
1215 1394 274 90 dicitur
1414 1394 199 90 hic,
1539 1394 374 90 Inordinate.
1813 1394 174 90 Quasi

488 1451 275 81 diceret.
694 1451 343 81 Abstrabatis
969 1451 160 81 vos
1060 1451 137 81 ab
1129 1451 183 81 omni
1244 1451 229 81 Fratre
1404 1451 298 81 ambulante
1633 1451 298 81 inquiete,
1839 1451 137 81 siue

470 1521 144 75 in
542 1521 192 75 otio
662 1521 335 75 corporali.
925 1521 311 75 Sequitur.
1165 1521 144 75 Et
1236 1521 168 75 non
1332 1521 287 75 secundum
1548 1521 383 75 traditionem,
1835 1521 144 75 quam

477 1585 324 75 acceperunt
732 1585 116 75 a
778 1585 232 75 nobis.
940 1585 255 75 Glossa.
1126 1585 139 75 Id
1195 1585 185 75 est.
1311 1585 162 75 Non
1404 1585 278 75 secundum
1612 1585 324 75 doctrinam,
1844 1585 139 75 quam

483 1651 335 98 tradidimus
747 1651 192 98 eis;
866 1651 311 98 videlicet
1106 1651 144 98 de
1178 1651 287 98 operando
1393 1651 407 98 corporaliter,
1728 1651 144 98 ne
1776 1651 192 98 cogan¬-

470 1715 181 90 tur
573 1715 310 90 egestate
806 1715 232 90 Serui
961 1715 181 90 Dei
1064 1715 362 90 mendicare;
1348 1715 129 90 &
1400 1715 155 90 de
1477 1715 181 90 non
1581 1715 284 90 curando
1761 1715 207 90 (animi

469 1790 221 93 cura,
617 1790 172 93 non
715 1790 271 93 manibus
912 1790 271 93 negotia
1109 1790 271 93 aliena,
1306 1790 148 93 vt
1380 1790 271 93 patebit
1576 1790 246 93 infra.
1749 1790 197 93 Quam
1847 1790 123 93 do¬-

479 1840 265 100 ctrinam
671 1840 289 100 tradidit
888 1840 168 100 eis
984 1840 313 100 Apostolus
1224 1840 144 100 I.
1297 1840 240 100 Thess.
1465 1840 144 100 4.
1537 1840 265 100 dicens.
1705 1840 265 100 Operemint

470 1921 239 76 manibus
644 1921 261 76 vestris,
840 1921 131 76 vt
906 1921 239 76 nullius
1080 1921 239 76 aliquid
1254 1921 348 76 desideretis,
1537 1921 131 76 vt
1602 1921 261 76 ostensum
1798 1921 152 76 est
1863 1921 109 76 su¬-

468 1985 183 70 pra
573 1985 236 70 dist.
730 1985 157 70 2.
808 1985 157 70 §.
887 1985 157 70 I.
966 1985 210 70 Quam
1097 1985 236 70 etiam
1254 1985 341 70 doctrinam
1516 1985 288 70 exemplo
1725 1985 183 70 suo
1804 1985 157 70 con¬-

466 2043 305 74 firmabat
694 2043 356 74 Apostolus;
974 2043 203 74 vnde
1101 2043 356 74 subiungit.
1380 2043 203 74 Ipsi
1507 2043 203 74 enim
1634 2043 279 74 scitis,
1812 2043 152 74 quo¬-

458 2124 192 70 miam
578 2124 168 70 non
674 2124 289 70 inquieti
891 2124 240 70 fuimus
1059 2124 216 70 inter
1203 2124 192 70 vos.
1324 2124 265 70 Glossa.
1516 2124 144 70 Vt
1588 2124 192 70 illi
1708 2124 168 70 qui
1781 2124 192 70 aliena

464 2185 285 75 negotia
672 2185 259 75 curant
853 2185 311 75 vagantes
1086 2185 182 75 hac
1190 2185 130 75 &
1242 2185 259 75 illac.
1423 2185 285 75 Supple.
1631 2185 233 75 Animi
1786 2185 233 75 cura,

467 2251 171 96 non
564 2251 269 96 manibus
760 2251 318 96 operando,
1005 2251 147 96 vt
1079 2251 294 96 ostensum
1299 2251 171 96 est
1397 2251 220 96 supra
1544 2251 220 96 dist.
1691 2251 147 96 2.
1764 2251 147 96 §.
1813 2251 147 96 Quo¬-

462 2315 201 71 niam
587 2315 226 71 autem
738 2315 151 71 ex
813 2315 376 71 otiositate.
1114 2315 326 71 Sequitur.
1365 2315 226 71 Neque
1515 2315 251 71 gratis
1666 2315 301 71 manducaui¬-

460 2387 157 80 mus
549 2387 201 80 panem
683 2387 134 80 ab
751 2387 246 80 aliquo;
930 2387 157 80 sed
1019 2387 134 80 in
1086 2387 224 80 labore
1243 2387 112 80 &
1288 2387 336 80 fatigatione
1556 2387 269 80 (Glossa.
1758 2387 134 80 Id
1825 2387 179 80 est,

460 2451 134 81 in
527 2451 223 81 labore
683 2451 313 81 fatigante;
929 2451 313 81 videlicet,
1174 2451 357 81 corporaliter
1465 2451 290 81 operando)
1688 2451 201 81 nocte
1822 2451 112 81 &
1844 2451 112 81 die

460 2514 329 102 operantes,
719 2514 141 102 ne
790 2514 188 102 quem
907 2514 259 102 vestrum
1095 2514 353 102 grauaremus.
1377 2514 212 102 Quasi
1518 2514 282 102 diceret.
1706 2514 259 102 Praecipi¬-

458 2585 167 91 mus
554 2585 239 91 vobis,
721 2585 143 91 vt
792 2585 310 91 separetis
1031 2585 167 91 vos
1127 2585 143 91 ab
1198 2585 191 91 omni
1317 2585 239 91 Fratre
1485 2585 263 91 otioso,
1676 2585 119 91 &
1723 2585 286 91 curioso,

458 2647 130 86 &
510 2647 337 86 Gyrouago.
769 2647 182 86 Hoc
873 2647 207 86 est.
1003 2647 467 86 Excommunicetis
1392 2647 233 86 tales
1547 2647 311 86 Fratres.
1780 2647 156 86 Et
1832 2647 130 86 hoc
