2291 3321
476 236 1237 300 diuinae: & sic est dominium euangelicum: vel ex con-
477 299 1240 344 cessione legis humanae canonicae: & sic est dominium ca-
472 342 1239 387 nonicum: vel legis humanae ciuilis: & sic est dominium
475 381 1238 431 ciuile. & istud est potissimum dominium de quo impresen
478 426 1238 476 tiarum loqui proponimus. Si vero vtrique statui viato
481 471 1190 526 ris indifferenter conveniat: est dominium naturale.
477 522 1235 605 ⁋ His dominiorum diuisionibus prae
471 595 1241 644 libatis: pono aliquot conclusiones. Prima est. conve
471 638 1238 694 niens est quod rerum dominia in statu innocentiae fuis-
483 684 1240 735 sent communia. ⁋ Secunda conclusio. rerum dominia
489 736 1232 782 esse communia in statu naturae lapsae est praeter natu
481 772 1235 820 ram. ⁋ Tertia conclusio. rerum dominia in particulari
486 816 1235 869 iure humano sunt introducta. ⁋ Prima conclusio
483 860 1234 918 probatur: quia in illo statu homines vixissent secun-
483 904 1236 959 dum dictamen rectae rationis: & quilibet accepissei
474 948 1238 1005 solum sibi debitum, & non nocuisset alteri. Insuper ha
474 989 1232 1042 bere omnia in communi est signum maioris amicitia
481 1036 1241 1092 & tramquillitatis, quam habere bona partita, si commode
477 1081 1247 1136 fieri potest: sed hoc fieri poterat: & in illo statu fa-
472 1136 1240 1184 cile cauere poterant ab inconvenientibus inductis
475 1173 1244 1230 in probatione secundae conclusionis. habuissent enim
475 1221 1251 1272 victum & vestitum nullo vel pauco labore: nec cu-
470 1262 1249 1317 rassent de bonis superfiuis ad pompam: vt in hoc sta
477 1304 1249 1353 tu calamitoso: quo ad vestitum nudi incessissent:
487 1347 1246 1408 quo ad victum humus ministrasset eis arbores &
484 1392 1240 1445 haerbas. & quia haerbae & arbores nutrimentum per ra-
476 1439 1235 1495 dices sumunt a terra: suffecisset terram pinguem lo
478 1478 1241 1537 co sterilis ponere. quare tunc non fuissent merces:
481 1526 1243 1568 non oppida: non catenae aureae: non vinum: non triticum. er-
480 1566 1233 1628 go in vanum laborassent pro bonis ad popam inuti
470 1613 1244 1672 libus. Praeterea tunc terra sua sponte ministrasset
470 1658 1247 1712 eis necessaria victui: quia comedissent solum haer-
474 1698 1238 1748 bas & fructus. Nam Geneseos primo scribitur,
480 1740 1244 1806 Ecce dedi vobis omnem haerbam afferentem semen su
486 1795 1250 1846 per terram, & vniuersa ligna quae habent in semet
475 1841 1245 1888 ipsis sementem generis sui vt sint vobis in escam &
477 1880 1234 1930 cunctis animantibus terrae. Et licet sit vero simi
478 1915 1242 1977 lius quod esus carnium aliquibus animalibus erat com
478 1972 1241 2028 cessus: vt Augu ait primo contra Manicheos: vt
480 2008 1236 2072 leonibus, nisis: & animalibus rapacibus: tamen car
487 2059 1246 2116 nium & piscium vsus ante diluuium non est permis-
484 2094 1237 2147 sus hominibus. vnde Geneseos nono dicitur. Omnes
487 2146 1248 2204 pisces maris manui vestrae traditi sunt: & omne quod
476 2200 1239 2248 mouetur & viuit: erit vobis in cibum: & hoc erat
480 2235 1241 2285 post diluuium. Tunc reuera erat aurea aetas: de qua
470 2282 1237 2336 poetae fabulantur vmbratice. Forte enim audiuerant
487 2328 1236 2384 aliquid loqui de supernaturalibus & magnalibus dei.
481 2366 1232 2416 Hinc Homerus Mantuanus primo Georgicorum
480 2410 1248 2473 Ante louem nulli subigebant arua coloni. Nec si-
478 2455 1238 2506 gnare quidem aut partiri limite campum Fas erat: in
489 2503 1234 2559 medium quaerebant: ipsaque tellus Omnia liberius nu
486 2538 1238 2604 lo poscente ferebat. Et primo Metamorphoseos
484 2585 1235 2652 Ouidius. Aurea prima sata est aetas: quae vindice
474 2635 1234 2710 nullo Sponte sua sine lege fidem rectumque colebat.
1315 234 2072 307 Insuper hac perfectione status primitiua ecclesia
1318 300 2083 358 incrementum accepit. Nam vt Actuum. iiii. scribitur.
1311 339 2082 401 Multitudinis credentium erat cor vnum & anima
1320 393 2081 448 vna. & omnia habebant in communi, vt in religio-
1314 435 2091 491 nibus. ergo hoc conveniens erat pro statu innocen
1305 479 2082 531 tiae. ⁋ Secunda conclusio probatur. quia dato eius
1320 520 2087 574 opposito: terra reddetur inculta. homines enim mi-
1312 569 2081 627 nus curant de communibus quam de rebus propriis: &
1323 607 2079 671 sic omnia manerent inculta: & plerique segnitie tor
1311 655 2086 706 perent: esset fructuum penuria, & multi fame peri
1312 702 2078 749 rent. hoc enim sequitur ad primum. Praeterea robustio
1317 746 2083 793 res & sontes, innocentes & debiliores opprimerent:
1311 783 2081 844 & spoliarent eos rebus suis. vt Genesis. x. de Nen-
1321 832 2069 880 broth scribitur: qui erat robustus venator coram
1314 879 2081 936 domino: hoc est hominum oppressor. secundum fa-
1311 917 2081 979 bulam Aesopi de foedere inter leonem / ouem / ca-
1324 965 2081 1014 pram / & iuuencam, dicentis. Vt ratione pari fortu-
1312 1016 2081 1063 nae munera sumant: Sumunt foedus ouis / capra/
1311 1054 2083 1113 iuuenca / leo. & quae sequuntur. Vlterius, secundo Po
1311 1095 2078 1147 liticorum Aristotel. vtramque rempublicam, Socratis &
1311 1137 2075 1193 Platonis impugnat de possessione bonorum in con-
1312 1189 2082 1240 muni: & loquitur Aristoteles pro statu naturae la-
1317 1233 2081 1291 psae in quo ipse erat: quia nullum alium cognouit.
1321 1270 2081 1334 de vxoribus enim nulla est in oppositum apparentia.
1315 1316 2087 1375 Et non intelligo de his quae iure naturali debent esse
1318 1363 2084 1412 communia vel publica. vnde institu. de re. diui. S. i.
1321 1405 2075 1458 dicitur. Quedam enim naturali iure communia sunt
1317 1457 2081 1509 omnium: quaedam publica: quaedam vniuersitatis &c. Et
1311 1496 2083 1548 sequitur in. S. sequenti. Et quidem naturali iure commu
1318 1544 2069 1589 nia sunt omnium haec: aer: aqua profluens (hoc est di
1321 1590 2085 1643 caelo cadens, & mare: & per hoc littora maris. Et in. S.
1315 1629 2072 1678 sequente. Flumina autem omnia: & portus publica sunt.
1311 1672 2074 1722 ldeoque ius piscandi omnibus commune est in por-
1315 1721 2074 1770 tu fiuminibusque. Est autem littus maris quatenus
1312 1759 2087 1822 hibernus fiuctus maximus excurrit. Quasi dice-
1310 1806 2083 1856 ret. quantuncumque mare aliquo tempore plus extenditur
1311 1852 2079 1911 in hyeme vel aestate: tantum est littus eius. Et in. S. se
1317 1900 2069 1944 quente. Riparum quoque vsus publicus iuris gentium
1317 1944 2066 1987 est sicut ipsius fiuminis. ltaque naues ad eas appli-
1305 1987 2077 2042 care: funes arboribus ibi natis religare: onus aliquod
1308 2026 2071 2075 in his reponere, cuilibet liberum est: sicut per ipsum flu-
1315 2076 2066 2132 men nauigare. Sed proprietas earum (scilicet riparum )
1315 2113 2069 2171 illorum est quorum praediis adhaerent: qua de causa ar-
1314 2158 2066 2213 bores in eisdem ( ripis scilicet) natae eorundem sunt
1312 2202 2073 2258 Et in. S. sequente. Littorum quoque vsus publicus &
1302 2252 2080 2299 iuris gentium est, sicut & ipsius maris. & ob id quibus
1305 2291 2072 2352 libet liberum est casam ibi imponere in qua se reci-
1315 2339 2070 2396 piant, sicut retia siccare, & ex mari deducere. Multa
1314 2384 2072 2436 sunt etiam vniuersitatis: de quibus in. S. sequente. De
1311 2424 2067 2482 his autem vt dixi, non intelligo conclusionem.
1312 2472 2065 2520 ⁋ Tertia conclusio probatur auctoritate Augugu.
1318 2514 2068 2570 Homilia. vi. super loannem. & auctoritas est ca-
1300 2562 2066 2612 nonizata. viii. distinctio. ca. Quo iure. vbi dicitur
1321 2601 2062 2655 Quo iure defendis villas ecclesiae, diuino an hu-
1300 2650 2081 2718 mano? Et paulopost sequitur. lure ergo humano
