2334 3318
454 311 1205 369 potente perdere, & non peccetur contra artem ludi. Pro
459 362 1210 418 batur. quia vel hoc esset de iure naturae quia fortu-
451 405 1202 459 nae innititur: vel quia contingunt peccata inter ludendum
469 455 1214 497 Sed primum / non sufficit: vt patet de iactu retis, cru
459 499 1210 548 cis denarii, vel partis oppositae, & in sorte diuisoria.
450 536 1204 588 Nec secundum sufficit: quod patet de vendente merces in
456 584 1202 635 die festo, & de pecunia accepta ex opere meretricio
462 627 1210 672 Vel dicis id esse propterea quia ludens vnus alium tra-
457 670 1214 724 hit ad ludendum, cupiditate lucri ductus. sic enim tenet
466 719 1202 774 sanctus Thomas secunda secundae, quaest. xxxii. ar. vii. i so
459 761 1207 815 lutione ad secundum. Sed hoc non valet. tum primo quia
463 804 1214 861 forte neuter alterum ad ludendum inducit: sed vterque
457 853 1207 896 est assuetus ludere / & frequenter colludunt.  Tum
459 895 1211 950 secundo. licet vnus alium inducat, potest esse non causa
450 936 1214 991 lucri sed causa conversationis & habendae familiari
450 984 1207 1038 tatis: & quod lucrum de per accidens accedat. Tum tertio
445 1022 1208 1073 sequitur ex dicto eius quod emens iactum retis a piscato
451 1073 1210 1126 re in sequana causa iucri ductus: teneretur pisces vl
447 1115 1216 1160 tra pecuniam datam valentes restituere. & quod merca-
444 1158 1205 1214 tor fidelis causa lucri emens tam in die festo qui non festo
456 1206 1211 1259 teneretur restituere lucrum acquisitum quod causa lucri ac-
453 1247 1204 1314 quisiuit. sed hoc est falsum: ergo dictum illud nullum
459 1287 1202 1351 & estat ergo si lucrans teneatur restituere lucrum: quod
454 1333 1214 1386 hoc sit propter aliquod positiuum ius diuinum vel huma
447 1372 1214 1440 num. Positiuum autem ius diuinum nullum est. de humano est
453 1427 1205 1478 patet: quia non est aliquod pontificium aequaliter omnes obligans.
444 1467 1201 1520 nec Caesareum, quia illud non obligat non subiectos
460 1514 1211 1568 Nec valet dicere quod pontifex approbat omne ius Cae-
445 1557 1210 1609 sareum. x. dist. ca. De capitulis. vbi ei non contradicit.
448 1601 1213 1655 Nam quamuis illud esset verum, non sufficeret: pontifex. n.
444 1648 1214 1702 non habet dominium in temporalibus super reges. Secundo, ve
450 1687 1207 1749 ris & falsis simul admissis tanquim concessis quae
450 1727 1210 1792 adducis: non habetur ex eis omnibus propositum. & ratio est.
463 1783 1211 1832 quia stat aliquid esse restituendum post sententiam iudicis
454 1827 1214 1876 & hominem ad hoc non obligari ante sententiam datam.
457 1868 1208 1918 hoc enim de poenalibus vtrobique contingit. Praeterea
460 1909 1216 1960 hoc solum omnia impedit: quod quaelibet lex humana per consue-
451 1956 1220 2009 tudinem oppositam est abrogata. Esto tamen fuisset lex
457 1998 1205 2057 lata & etiam ab omnibus recepta (quod tamen falsum iudico
447 2041 1204 2090 illa potest per oppositum tolli. sic est hic. igitur. ⁋ Beatus
450 2091 1217 2145 aut Bonauentura in hac distinctione dicit lucrum aleae
459 2137 1213 2190 restituendum: eo quod lucrans est malae fidei possessor, &
447 2181 1204 2229 iniusto possidet titulo: & ludus est turpis & repro
450 2222 1198 2272 batus. Sed salua eius reuerentia rationes istae nullae sunt
454 2266 1214 2320 Si enim habeat conscientiam scrupulosam: nihil facit
447 2311 1211 2356 hoc ad casum conclusionis: plus quam si haberet in aliis
447 2356 1204 2404 contractibus licitis conscientiam erroneam. & est eadem dis
460 2398 1210 2446 ficultas. Sed nego quod non habeat iustum titulum illius
457 2438 1211 2502 lucri: quia titulo codicti vel conventionis ludens lucrum
448 2491 1217 2544 capit. sicut. n. in iactu retis est conventio: sic hic est ta-
466 2531 1208 2577 rita ab hominium consuetudine quando ponunt pecuniam.
460 2573 1201 2625 Video aliquos Summistas aliter sentire. sed hi ni
450 2619 1214 2667 hil examinant, & defaecatum afferunt nihil: quare de
444 2671 1208 2719 eis non est vis facienda. Vnius loannis Nider verba
451 2711 1209 2776 aliqua afferam. dicit iste in praecepto septimo. ca. vi. quod
1299 324 2040 385 vterque lusorum vult deum esse sibi propitium, & quod lucre
1293 370 2049 418 tur: quod est impossibile. & sic volunt deducere deum ad
1290 410 2041 462 impossibile. Secundo dicit quod lucrans non acquirit lu-
1288 463 2049 516 crum: quia nemo ex iniusto fundamento acquirit lucrum.
1284 501 2051 553 modo fundamentum est iniustum. Primum dictum nullam
1295 551 2047 599 habet apparentiam, vt patet in iactu retis: in venditione
1285 593 2048 640 & emptione: de duobus exercitibus Christianis op
1296 641 2043 684 positis. Bonus enim filius vult patrem viuere vt dicit
1293 679 2047 726 Augustinu quem deus vult mori. & hoc est notum secundum
1297 722 2050 771 omnem viam, quousque de voluntate dei constiterit. Pos
1288 765 2047 817 sumus enim contrauenire licite voluntati dei benepla
1287 814 2051 861 citi. modo in proposito non constat de voluntate dei.
1293 855 2054 905 Quid dicit de iniusto fundamento: relinquo insolu
1291 895 2044 956 tum in forma: quia iam soluimus similia in hac quaestione.
1300 946 2051 993 ⁋ Ecce quid de lucro alearum censeo: nec tamen haec po
1296 989 2056 1041 pulo praedicarem: sed dicerem inconvenientia quae ex taxil-
1293 1028 2044 1078 lorum ludo contingunt: & quod male agunt ludentes. In
1300 1074 2048 1128 confessione vero quando lucrum habens in hoc genete
1299 1117 2046 1172 ludi mihi confiteretur: suaderem ei largas facere elee-
1293 1168 2040 1222 mosynas: & inducerem eum ad cauendum in posterum
1284 1210 2038 1256 absoluturus tamen eum vbi lucrum restituere noluerit.
1287 1254 2047 1312 studemo enim semper quantum possum peccata & pecca
1287 1299 2053 1350 torum occasiones e medio tollere: viis tamen licitis. sed
1296 1346 2054 1398 nullius prudentis est mendaciis & positionibus de
1284 1385 2050 1435 falsitate suspectis elaborare vitia extinguere: po
1287 1436 2048 1496 tissimum in caut erio illo adhibendo & laqueum pedi-
1287 1471 1799 1537 bus ambulantium imponendo.
1594 1671 2044 1752 Dhuc de ludis Quae
1584 1733 2045 1786 ratio an ludere sit honestum.
1605 1781 2044 1841 suppono pro solutione quaestio
1602 1825 2050 1885 nis quod licet ludus dicatur in
1589 1868 2050 1929 factis: & iocus in verbis: pro-
1602 1915 2053 1969 miscue tamen vtar vocabu-
1600 1951 2038 2017 lis. Similiter quamuis ludus inter-
1293 2003 2044 2051 dum pro exercitatione gymnastica, & pro loco
1284 2055 2055 2108 accipiatur in quo exercitationes institutionesque fiunt
1296 2096 2052 2142 vt pro ludo gladiatorio: ludo literario / & eiusmodi
1290 2136 2048 2183 impsentiarum duntaxat accipio pro oblectamento &
1284 2182 2053 2231 recreatione. & sub ludo coprhedimus omne quod est re-
1300 2225 2050 2275 creatiuum de se vt plurimum. Nam agricola & vinitor
1287 2270 2053 2314 in quibus genitus est habitus laboris: sumunt recrea-
1287 2314 2047 2366 tionem in suis laboribus: moti spe lucri. prout dici solet
1296 2357 2050 2408 Omnis in orbe labor si compensetur honori Eit leuis: & lu
1300 2401 2041 2447 crum mitigat omne malum. Licet autem aliqui boni gau
1297 2447 2042 2493 deant de aegritudine: & aequanimiter ferat patiens ad
1287 2490 2057 2544 uersa sicut prospera per suum habitum patientiae: non tamen
1290 2538 2051 2588 vocamus aegritudines ludos, quia non sunt recreati
1284 2579 2041 2633 uae de se: licet bene ab extrinseco. Similiter habens
1285 2623 2041 2671 suram fractam in pila pedali non multum recreatur.
1288 2671 2054 2724 sed hoc est per accidens: & non ex parte ludi de se. circa
1291 2711 1820 2785 quod non est multum insistendum.
