2326 3324
243 327 1003 379 mines solicite & diu animaduertunt. Quia nulla bona se
250 373 998 431 quantur ex isto ludo pure fortuito, patet. Non enim
231 420 1009 474 recreatio, nec video quid aliquod sequi possit boni. sed mlus
244 460 1001 513 ta mala sequuntur: fraudes contra artem ludi, vten
235 509 1010 561 do falsis chartis, aliquam subtrahendo, vel mu-
233 554 1004 608 tando, & per consequens furtum: periuria / iuramen
243 596 1010 646 ta sine necessitate / hoc est sine tribus comitibus iu-
246 642 1001 689 ramenti: & sic est periurium: vt sit excessus contra iu
240 685 998 728 ramentum licitum: ad omnem euentum verba sesquipeda-
234 727 997 780 lia: temporis perditio, ira: anathema: rixae: stultilo
243 768 1009 830 quium. Ista omnibus nota sunt: nam si domum ingres
240 819 1003 869 sus fueris in qua luditur pro magna pecunia: mox
249 860 1003 914 perdentem hac ratione dephendes. irascitur: clamat
241 909 1013 959 vt insensatus: dicit assistentes habere malos ocu
243 951 998 1005 los & infortunatos: & sic est superstitiosus: murmu-
225 998 1009 1049 rat de deo: quia cum nulla sit ratio danda quare
243 1039 1010 1093 potius veniant duo puncta quam sex, attribuit euen
238 1079 1014 1135 tum duorum punctorum causae primae: sicut in remissio
230 1124 1006 1171 ne formae & in aliis rebus facimus in quibus cau-
239 1170 1016 1227 sam naturalem dare nequimus. & per consequens appli-
241 1220 1007 1272 cans se talibus ludis ad ludendum, grauiter peccat
244 1261 995 1313 cum exponat se periculo multorum peccatorum.
241 1301 1006 1360 Dicis. sit aliquis talis qui cognoscit de seipso quod aequa
232 1360 997 1400 nimiter fert lucrum & damnum: & idem de secum
240 1398 1006 1443 colludente / quod difficilius est cognoscit. Non sufficit
243 1436 1013 1494 quod ipse solus aequanimiter ferat. fortasse enim so-
247 1489 1007 1532 cius eius grauiter peccat, & ipse contra vxorem
237 1524 997 1573 liberos & alios cognatos peccat. Propterea tales
231 1570 1000 1625 qui ad casum aleae deponunt magnas pecuniae sum
237 1616 998 1670 mas: excusare a peccato nequao siue perdant siue lucrentur.
224 1661 1001 1707 Hinc dissipatio patrimonii: comessationes exces
238 1702 1016 1756 siuae: superflui potus, luxus, heu tandem homicidia,
237 1752 1003 1798 tristitia parentum, & totius familiae siquam habeant
246 1791 1004 1838 Sed de familiae damnis quaestione superiore loquuti
237 1838 999 1883 sumus. secundum carmina vulgaria & agrestia. Haec
234 1881 1009 1933 de taxillis: si spentu ponis in illis: Sors tua, mors
234 1921 1010 1976 tua, res tua, spes tua pendet in illis. Si omnia mala &
238 1967 1010 2022 calamitosa quae hoc turpore modostrum sequuntur, comme
232 2022 997 2067 morem: ante diem clauso componet vesper olympo.
243 2057 997 2114 ⁋ Ecce de necessitate ludi: & quod aliqui sunt fugien
238 2103 994 2152 di tanquam infames: vt tesserarum ludus, cuius incon
243 2144 989 2202 uenientia vix potest mortalis homo ciere. Aliqui
238 2190 1004 2239 sunt honesti. vt psittacus, auicludium cum auibus
235 2232 1010 2291 simia, monochordum: qui praelatis ecclesiae & studiosis
246 2288 997 2333 viris: vt venatio, & aucupatio laicis, & in casu raro
235 2323 1012 2371 sacerdotibus admittuntur. Et pro regula teneatur quod omnes.
244 2367 1004 2414 ludi quibus prudentes reputati in republica vtuntur, e
240 2417 1010 2469 quibus non constat multa mala sequi, sed fiunt
243 2455 997 2515 gratia solatii: possunt sine peccato admitti. Senes & sa
238 2505 1009 2549 cerdotes / & laici pro pinta vel quarta potus ludunt
247 2545 1013 2601 ad tabulas in quibus tesseris cum hominibus mixti vtun-
237 2585 1006 2645 tur. Intentio autem recta potest esse in eis vt ludatur pro
249 2635 1009 2688 euitanda tristitia: vel euritando ocio, vel solatii gratia
244 2678 1007 2722 in alterutro ludentium. & vt maior sit sollicitudo
244 2718 1007 2787 ludendi, ponitur parua summa pecuniae pro cibo vel
1089 329 1853 381 potu posthabita spe lucri. Principes vero bonam
1081 381 1840 435 summam pecuniae deponunt: dantes lucrum fa-
1081 424 1829 469 mulis & astantibus. Quod enim pauperi viro esset mu
1078 465 1838 529 tum: eis est paruum. & hi intendunt familiaritate quam
1080 512 1843 555 dam inire amicitiam vel initam alere. ecce finem mora-
1077 555 1853 600 lem sufficientem. & totum istud est referibile in finem
1092 599 1837 648 vltimum. Aliud etiam requiritur: obiectum scilicet ludi non esse
1087 653 1852 701 vetitum: & quod ex eo passim non sequantur multa
1080 688 1838 746 mala. Propter ista enim alearum ludus est vetitus.
1341 908 1840 1003 aea N duabus quaestioni
1385 980 1841 1037 lbus praecedentibus de ludis
1368 1032 1841 1098 uloquuti sumus. In priore di
1386 1074 1842 1137 lximus hominem non deuictum
1354 1122 1841 1173 e. Arestituere lucrum lude fortu
1350 1159 1849 1225 Qmito acquisitum: siue in tesseris siue
1380 1208 1847 1263 in chartarum hasardo / qui ludi
1383 1251 1846 1308 sunt communes inter imperitos
1072 1288 1846 1346 & a fortiore homo non tenetur restituere acquisitum
1068 1343 1853 1392 lucrum in aliis ludis fortuitis non communibus: vt de ad
1072 1387 1844 1437 uentu regis crastina luce in vrbem. semper intelligo
1084 1428 1853 1487 dummodo non peccetur contra artem ludi. Praeterea ali-
1090 1483 1856 1529 quos ludos honestos, aliquos inhonestos vt alea
1072 1519 1846 1571 rum ludum, asseruimus. In hac vero tertia quaestione
1078 1566 1850 1614 circa hanc materiam ludorum: & quintodecimo circa
1078 1605 1840 1655 hanc, xv. distinctionem quaeritur. An bene viuant homines
1071 1653 1846 1701 tesseras facientes vel eas vendentes. ⁋ Et arguitur
1077 1701 1851 1756 vtrinque. Et primo ad partem negatiuam. omnis illa ars ad
1072 1743 1846 1789 cuius exercitium multa mala sequuntur & paucissi
1080 1788 1853 1834 ma vel nulla bona, quae bona etiam si fuerit, possunt
1077 1830 1847 1883 alia via melius procurari: est a repu. abiicienda tan
1085 1873 1844 1941 quam inutilis. ars faciendi tesseras est huiusmodi. igitur.
1090 1917 1847 1970 Consequentia tenet in darii. & minor probatur in dua
1072 1961 1847 2019 bus quaestionibus praecedentibus. & maior de se est
1084 2013 1837 2061 nota. Et tamen ipsa probatur adhuc aliter sic. Omnis
1071 2051 1847 2102 illa ars per quam ministratur via ad peccandum: est a re-
1084 2102 1847 2154 pub. explodenda. tesserarum ars est huiusmodi. igitur-
1084 2141 1844 2196 consequentia tenet cum minore. & maior patet.
1075 2185 1850 2235 non alia ratione vendens gladiumfurioso peccat: vel
1077 2229 1850 2285 mutuo dans ensem illi quem iudicat iniuste percus-
1090 2275 1844 2325 surum vel occisurum proximum, nec aliter peccat ven
1084 2317 1849 2361 dens venenum illi que iudicat vel iudicare debet quod
1084 2360 1844 2410 hoc est applicaturus in pernicien proximi. ⁋ Ad partem
1072 2409 1838 2466 affirmatiuam argumentor sic. ludere ad tabulas est
1087 2452 1844 2509 licitum ex quaestione praecedente. Hoc enim senes & lai
1086 2496 1838 2540 ci multi faciunt, & carcere detenti, & vrbium cu-
1084 2538 1841 2588 stodes & melancholici: vel qui non aliam exerci-
1074 2584 1841 2636 tationem habent: & interdum aliqui sacerdotes. sed hunc
1084 2629 1844 2680 ludum sine duabus tesseris exercere nequeunt. ergo
1083 2675 1836 2725 si ludus ille est licitus: medium ad ipsum est licitum
1077 2717 1852 2786 scilicer tabulas & tesseras fabricare. Fodem modo
