2345 3317
442 309 1198 369 de chartis pro triumpho, clela, beldosa, & caeteris
438 365 596 424 id genus.
452 409 1211 505 ⁋ Respondetur ad quaestionem per propo-
445 486 1207 544 sitiones. quarum Prima est. male agit vendes tesse
454 537 1205 590 ras illi quem scit vel scire debet quod hac arte abutetur:
458 578 1205 640 qui scilicet magnam pecuniam ad taxillos ponet. Ista con
448 633 1208 681 clusio sufficienter probata est ad partem negatiuam ar
449 670 1206 725 guendo. Iste enim cooperatur peccato ludentis vel verisimiter
454 719 1210 770 peccato ludentis, vel ministranti ludentibus. & le volens lu
451 761 1208 813 dere peccet, siue habeat tesseras siue non: tamen peccat
445 810 1205 851 nouo peccato ludendo, alio a priore per continuatio-
454 846 1210 894 nem malorum actuum interiorum: & crebro multis aliis. Di
445 892 1201 942 xi in conclusione (vel scire debet) propter ignorantiam vi
453 935 1196 982 cibilem affectatam vel crassam quam ho nimis sibi afficitur iu
450 975 1208 1025 dicando aliquem bonum vt suas tesseras vendat. Ex
454 1021 1208 1072 ista conclusione patet quod mercator emens tesseras a fa-
447 1076 1202 1129 ctore peccat vendens ei de quo loquimur in con-
454 1116 1204 1161 clusione: quia cooperatur peccato sicut alter. Sicut inueniens
447 1155 1207 1208 libellum famosum peccat si non destruat illum. v. q. i per
447 1200 1202 1249 totum. & cam est quia iniuste diffamabit illum contra quem li
451 1241 1211 1292 bellus est, aeque ac libellum componens. sic est in proposito
447 1287 1210 1340 & est simile acsi ego emerem gladium a primo artifice: & ab
447 1333 1208 1385 utenti gladio statim vendere. ⁋ Secunda propotest vendens tes
447 1379 1216 1434 seras illi quem iudicat rationabliter non abusurum non pec-
451 1420 1211 1474 cat. Declaratur exemplariter. habeo vicinum qui ab omnibus
454 1469 1210 1522 timoratae conscientiae & prudens putatur: quaerit a me eme
453 1511 1214 1558 re tesseras pro suis tabulis, vel chartas: non est vero si
447 1555 1207 1603 mile quod has merces abusuris communicabit, sed finito
457 1598 1205 1643 ludo eas includet. possum sine peccato ei vendere:
457 1642 1211 1689 & si sint suspiciones hincide de abusu Platonis
457 1687 1208 1737 & non abusu: possum ei dicere me non audere ei vende
454 1734 1220 1785 re nisi promittat se seruaturum has merces sic vt alii
448 1781 1220 1835 non abutantur eis. si ex eius responsione est vero simile quod caue-
444 1820 1211 1883 bit a peccato saltem mortali, non pecco mortaliter, quamquam ips
456 1867 1216 1921 peccabit venialiter. ⁋ Tertia propositio, non e absol
456 1910 1217 1958 uendus a confessore hac arte vtens nisi dicat se propone
450 1960 1220 2014 re in posterum non vendere nisi secundum exigentiam proponnis
456 1999 1220 2056 praecedentis. Probatur. quia nullus est absoluendus nisi propo
456 2043 1220 2101 nat cauere a peccato in posterum / vel saltem nisi proponat
452 2085 1207 2136 tollere occasionem propinquam peccandi. ⁋ Ex his omni
456 2132 1211 2180 bus sequitur quaerta conclusio: quod periculosum est vendere vel
459 2178 1210 2221 facere huiusmodi tesseras vel chartas probatio est clara ex
453 2222 1213 2279 praecedentibus, quia saepiuscule peccatur vendendo illi quem
457 2267 1211 2315 abuti scis huiusmodi mercibus vel scire teneris. Ex isto
453 2310 1217 2365 patet quod inerudite loquitur indistincte reprobans omnes ar
453 2353 1007 2407 tifices tesseras vel chartas facientes.
461 2397 1227 2498 ⁋ Contra ista arguitur. ex his sequitur
465 2493 1226 2541 quod peccant facientes arma, enses, lanceas, & huiusmodi.
459 2527 1213 2583 cum his plerunque homines peccent. Respondel
456 2572 1216 2622 contingit frequenter virum peccare vendendo ai
460 2623 1218 2677 ma: vt si temerario venderet vel daret quem scit pro
459 2660 1229 2705 tinus his armis abusurum. sed non est vniuersa-
465 2701 1227 2771 liter simile. immo multum differt. Arma enim sunt ad-
1272 310 2044 361 modum reipublicae vtilia & hostium repulsiua. Pri
1275 355 2026 407 mo quidem ad resistendum hosti in bello iusto. Si
1284 401 2035 449 cundo ad inuadendum hostem reipublicae perturba
1285 444 2038 501 torem. etiam bombardae non sunt inutiles pro demo
1284 485 2035 538 liendis arcibus & vrbibus in reipub. perniciem stantibus
1281 534 2036 586 & multi sciunt armis bene vti: nec eis plurimum abu
1276 581 2051 631 tuntur. Nec oportet respicere ad pauca mala inde
1278 622 2050 673 euenientia: quia talia ex vestium, domorum & scientiarum
1289 668 2024 720 vsu interdum eueniunt. De ballistis dicitur etiam qui
1282 709 2051 757 licet eis vti in bello iusto: & prohibentur solum in
1284 753 2032 805 bello iniusto. de sagittariis. c. vnico. & potius ballisti
1287 799 2050 849 & sagittae quam alia instrumenta bellica: quia in his repen-
1281 842 2038 892 te & iprouise trucidatur homo: cum aiiis armis sit
1291 887 2053 936 locus resistendi & subterfugii. ⁋ Secundo arguitur.
1281 941 2038 985 sequeretur quod vendentes fucum pro omandis mui
1288 978 2045 1027 lierum faciebus peccarent. Similiter vendentes vene
1285 1017 2037 1070 num, capillos pro capitibus sponsarum, torques aureas
1278 1064 2054 1120 &c. id genus. ⁋ Ad secundum concedo si indifferenter ven
1293 1108 2039 1162 dant omnibus. & idem est iudicium: quod in conclusionibus prae
1289 1153 2053 1202 cedentibus: vtpote si homo vendat fucum muli
1290 1207 2038 1249 eri quae viros allicere proponit ad peccatum: vel si hoc
1291 1238 2053 1293 est verisimile. secus est si vendatur mulieri quae potest
1284 1286 2047 1338 fuco vti licite: & hoc probabiliter cognoscit vendent
1296 1330 2044 1381 vt quando mulier non habet pulchritudinem suf-
1288 1376 2050 1428 ficientem pro manutenendo suo viro in castitate
1282 1419 2060 1477 coniugali: sed fucum apponit pro eodem demul
1294 1475 2054 1517 cendo, & non vt eum prouocet ad excessiuum amorem
1293 1508 2059 1562 volens vitium naturae occultare, vel exhibere se
1293 1551 2060 1604 viro gratam: nullo modo per hoc intendens corri
1293 1595 2052 1657 gere opus dei, sed volens illa facere quae non sunt
1282 1648 2057 1697 a deo prohibita. iuxta id quod scribit Apostolus. i. ad Co
1290 1682 2050 1734 rin. xii. Quae putamus ignobiliora esse corporis: iis ho
1290 1733 2059 1780 norem abudatiorem circundamus. Si vero intendat in
1290 1771 2050 1824 ducere virum ad excessiuum amorem notabilem:
1294 1821 2045 1872 mortaliter peccat. si ad paruum: vltra rationis limites par
1296 1866 2063 1917 rum exorbitabit, & venialiter solum peccabit. De vene
1288 1911 2050 1959 no. aliquod est omnino reipublicae inutile: quaele non licet
1292 1947 2059 2001 vendere. aliud est vtile vt misceatur cum medicinis:
1294 1992 2056 2043 vt dicunt de Mithridato, vel pro coloribus. Secun-
1293 2037 2044 2092 dum nullo pacto debet vendi nisi illi qui scit vti, &
1296 2087 2063 2133 de quo est certum certitudine morali quod bene vtetur.
1297 2126 2051 2184 & hic est magna indago facienda propter periculum
1297 2177 2063 2227 & vendens debet obseruare illum cui vedit vt sciat
1304 2214 2056 2274 si aliquid mali inde contingat vt reseret: ne talia in
1302 2258 2063 2307 posterum in republica contingant. & quaerere de-
1302 2307 2063 2355 bet causam quare emat: licet multum bonus ap-
1293 2348 2056 2409 pareat emptor. Solent mulieres non habentes pul
1302 2391 2059 2447 chros capillos in die nuptiarum capillos adulteri
1298 2436 2057 2487 nos habere, sine peccato. sic & aliqui calui vel dis
1293 2478 2063 2528 criminatos habentes capillos possunt licite nonnun-
1300 2525 2062 2583 quam talibus vti. Etiam viri nobiles & opulenti cate
1297 2578 2060 2618 nas aureas sicut & vestes sericas licite deferunt:
1302 2610 2056 2665 & prudentius id agunt. nam vestis serica vel aurea fa
1294 2654 2063 2703 cile consumitur vsu: non autem catena. propterea prudens
1301 2702 2059 2772 legisslator vaestium praeciosarum superfluitatem ex
