2369 3314
498 306 1252 367 equites: & si caueatur in lancearum capitibus ab iis de
508 364 1247 417 quibus loquitur pontifex: cauebitur a morte. ⁋ Septimo
502 408 1253 454 arguitur. ex fundamento responsionis sequitur quod libeter au
501 445 1243 497 diens detrahentes aliis, peccat. & si consequens conce
505 494 1250 543 datur multos inuenies peccatores. Et quod sequatur pate: quia
495 545 1249 589 est partialis causa quaere detrahens continuat suam detra-
504 576 1253 633 ctionem. ⁋ Respondetur concedendo illatum. Nam vt diciteur ad
507 622 1255 678 Roma. i. Non solum qui talia agunt, sed qui facientibus con
501 665 1244 721 sentiunt sunt morte digni. Et Bernardus secundo libro
498 716 1256 763 de consideratione ad Eugenium. Detrahere aut de
498 755 1246 806 trahentem audire, quod horum damnabilius sit non facile di
507 800 1250 851 xerim. Imponat silentium detrahenti. tum ne coopereln
514 845 1259 897 continuationi peccati ipsius detractoris. tum ne
502 887 1250 934 laedatur fama proximi absentis. dicendo quod ma-
496 931 1254 981 le faciat detrahendo. quod si detrahens ex ira vel inui
505 972 1253 1021 dia respondeat se verum dicere: & idem dicere velle in praesen
495 1017 1256 1072 tia illius cui detrahit si potenus esset (forte mentitur) dica
496 1064 1250 1117 tur ei. etsi verum sit, quia occultum / dicere non debes, nec
495 1108 1256 1161 debemus te audire ne peccatis tuis cooperemur. Et si
495 1157 1250 1208 tu more humano times eum verbo tenus arguere:
502 1196 1262 1253 saltem facien tristem ac frontem rugosam ei ostendas, si
505 1241 1254 1295 gnificans nutu hoc tibi displicere: quia sic continuati
498 1284 1240 1335 onem detrahendi dissipabis. Vnde prouerb. xxv. Vent
496 1335 1259 1386 aquilo dissipabit pluuias: & facies tristis linguam de
501 1374 1251 1427 trahentem. Et Hieronymus in epistola ad Nepotianum
498 1413 1255 1461 Nemo (inquit) inuito auditore libenter detrahit. quo
505 1459 1265 1508 fit vt multo magis peccet ille qui inducit hominem ad
501 1505 1262 1557 detrahendum proximo verbo, vel mentis laetitia.
504 1548 1253 1613 ⁋ Ex omnibus epilogando dicamus quod is qui dat occasi
504 1592 1262 1651 onem peccato peccat: vt vendens taxillos vel merces quas
507 1638 1256 1686 cumque alias iis quibus probabiliter credit vel credere te-
507 1681 1253 1737 netur eos vel eas fore occasionem peccandi. Aforti
501 1737 1265 1774 ori sequitur, quod qui inducit aliquem vel aliquam ad peccan-
501 1766 1259 1825 dum verbo, gestu, vel facto, peccat: & tenetur illum indu
507 1822 1249 1870 cere ad bonum, vltra hoc quod tenetur poenitere de pre
507 1860 1261 1917 prio peccato. alioquin non restituet alteri bonum quod abs
504 1909 1124 1960 tulit. hoc est non auferet malum quod ei dedit.
503 1956 1252 2048 ⁋ Et quia post hanc quaestionem
509 2027 1249 2087 conscriptam colloquium habui cum aliquibus
502 2072 1247 2130 super materia huius quaestionis: ponam aliquas qpr
504 2116 1261 2177 positiones siue in sententia ante positas siue su-
520 2173 1255 2222 peradditas: non refert. ⁋ Prima propositio
511 2207 1253 2265 licitum est ludere ad chartas & tabulas: quia ad eu
510 2249 1249 2304 tandum ocium, quod est mater multorum peccatorum
513 2294 1246 2349 ⁋ Secunda propoto. facere chartas & tesseras & ea
507 2333 1261 2393 vendere est licitum. Probatur ex priore. Si enim licet
501 2394 1249 2441 eis ludere, licitum est eas facere pro tali vsum per regi
511 2427 1259 2477 lam topicam. Cuius vsus bonus est: ipsum quoque bonum
510 2470 1262 2533 est. ⁋ Tertia propotes. multa mala sequuntur ex ludo
510 2516 1247 2572 tesserarum & chartarum in viris imprudentibus u
502 2558 1256 2618 ad magnam molem pecuniae ludunt. Haec manifesta e
514 2605 1262 2662 ex dictis. ⁋ Quarta propositio. peccat vendens
501 2645 1259 2703 huiusmodi instrumenta iis quos iudicat abusuros. hoc
508 2694 1260 2767 est iis qui sunt de nunero illorum qui haec mala per
1335 300 2103 368 petrant in ludendo. potest autem hoc scire visu vel ex
1326 361 2089 414 aliorum relatione de volente emere. ⁋ Quinta proe
1327 401 2105 455 positio. imprudenter agit vendens haec instrumen
1323 450 2101 498 ta his de quibus est probabile dubium quod hos abusus
1324 492 2099 546 committent ludendo. lste enim dubitans nullum iudi
1323 536 2098 584 cium habet: sed hincinde argumenta habet vehe-
1320 580 2098 633 mentia: debet ergo abstinere, non refert siue sit vi-
1326 623 2105 667 cinus siue extraneus. ⁋ Sexta propositio, non pec-
1330 667 2092 722 cat vir vendens tesseras illi quem verositer iudicat non
1320 715 2105 759 abusurum ipsis, siue vere iudicet siue ignoranter in
1325 757 2092 812 uincibiliter: & soli tali potest eas vendere. ⁋ Septina
1335 802 2093 849 propoteo sequens, nemo debet artem indistincte reprobare.
1317 846 2093 891 Nam in casu venditio est admittenda / in casu repro-
1326 887 2099 945 banda. ⁋ Octaua propon. mulier aliqua potest deferre
1324 934 2104 982 zonam auream, catenas, vestes aureas, & caetera id ge
1330 982 2100 1030 nus: dummodo non superflue excedat suum statum se
1327 1026 2106 1072 cundum consuetudinem suae regionis. Probatur. sacra scri
1335 1066 2092 1115 ptura loquitur de mulieribus quae talibus vsae sunt: & mem
1324 1115 2104 1166 superbe id non fecerint: non reprobantur. Praeterea theo
1329 1157 2099 1201 logus debet loqui conformiter viris loquentibus in lu
1331 1198 2089 1253 mine naturali vbi non habet oppositum in lege aliquam
1335 1244 2097 1295 diuina, vel humana. sed in proposito non habemus
1332 1285 2102 1335 legem diuinam vel humanam. alioquin de illa doceas.
1336 1330 2103 1389 Sed Virgilius vir sublimi ingenio non solum Dido
1336 1378 2096 1433 nem describere intendens qualis fuerit: sed talem mu
1324 1420 2111 1469 lierem qualem expeteres moribus ornatam: ita ponit:
1328 1463 2104 1508 vt paulo ante adduximus. ⁋ Nona propon mulieri li-
1332 1512 2108 1558 cet occultare defectum naturae quem habet marito:
1336 1552 2093 1602 vt capitis scabiem, vel vlcus in collo per vestem bo
1335 1592 2108 1647 nam. ⁋ Decima propotes. mulier casta debet se tenere
1339 1641 2108 1686 mundam tam in vestibus quam in colore. Probatur. stat
1333 1685 2105 1736 virum eius esse lubricum: & appetere aliam pulchriorem:
1329 1729 2107 1777 quod vxor cognoscit. tunc sic. licitum est mulieri im-
1330 1773 2108 1826 mo meritorium est maritum reuocare a malo / medio li
1336 1824 2103 1872 cito: nullum autem est aliud efficacius medium nisi hoc
1350 1862 2099 1914 gitur. & licet excessiue vir vxorem hoc dolo non
1339 1906 2108 1959 malo diligat: illud est minus malum quam virum aliam
1336 1954 2094 2001 adire mulierem. ⁋ Vndecima propositio. vbi non
1335 1995 2105 2045 est verosimile mulieri quod vir violabit thorum ma-
1335 2043 2104 2086 trimonii: male agit nimis compta incedens. quia
1335 2080 2110 2126 forte virum ad excessiuum sui amorem sine ra-
1345 2125 2109 2180 tionabili causa alliciet. Insuper ipsa viro argumen
1337 2173 2102 2225 tum praebet se velle videri, & ab aliis desiderari: &
1339 2214 2111 2274 se esse tumidam & dissipatricem bonorum fortunae
1332 2262 2098 2307 in quibus crebro grauiter delinquit. ⁋ Duodeci-
1338 2307 2111 2358 ma propositio. puella nubilis & apta viro & virum
1335 2350 2099 2404 capere intendens potest se ornare secundum statum sui
1342 2391 2105 2439 domus & regionis: non solum occultando defe-
1339 2437 2108 2487 ctum naturae: sed se gratam oculis hominium redden
1342 2477 2104 2531 do. Ratio est, quia hoc potest eam iuuare ad haben
1332 2515 2106 2578 dum probum virum, & partem pecuniae in dote
1341 2568 2099 2621 supplebit. ⁋ Decimatertia propositio, conciona
1336 2617 2108 2666 tor non debet vti proponnibus vniuersalibus de pec
1343 2661 2105 2715 cato mortali: esto in multis sit peccatum, & in multis
1343 2697 2115 2781 non peccatum. Declaro exemplariter: dicendo quod quicumque
