2343 3307
431 285 1198 357 tundem a diuite capiens. sed furto subtrahens a di
438 351 1195 400 uite in fama, hoc est a viro clarae famae: plus pec
441 397 1191 454 cat quam subtrahens a male famato viro. ratio est, quia
447 439 1198 503 parum ab isto tollit aut tollere potest in fama. Postre
444 486 1196 534 mo maledicus & vilis de bono viro loquens non tan
439 527 1199 582 tum tollit famae quantum putatus bonus simcite loquens
437 568 1196 641 Reuera enim famam non tollit quia ei non habe
448 619 641 693 bitur fides.
733 854 1194 928 eam Oc loco occurrit quod
729 910 1192 967 silstio multum implexa: quomodo scilic
778 956 1194 1021 mulier possit satisfacere suae
782 1001 1199 1061 famae salua conscientia, quae
772 1046 1196 1110 habet spurium in adulterioges
772 1089 1195 1152 nitum: supposito quod hic spii-
737 1110 1199 1186 lrius putetur a marito esse hae
777 1178 1196 1240 res: vtpote quia est primoge
427 1228 1202 1282 nitus nobilis viri, vel putatus eius primogenitus.
430 1272 1198 1319 Et idem est de muliere supponente foetum alterius mu
424 1314 1195 1372 lieris: sicut de muliere Salomonica in Tertio regum
430 1359 1186 1407 legimus. & simile tangitur in. c. Officii. de poeniten
417 1403 1195 1459 & remissio. Et arguitur quod haec mulier non possit
429 1445 1196 1504 suam famam seruare: sed teneatur peccatum occultum pro
424 1491 1198 1539 dere. Probatur. ipsa tenetur restituere haereditatem secu
429 1538 1201 1595 do genito suo quem supponimus esse primogenitum do
417 1582 1195 1635 mini: vel cuicumque vero haeredi, si dominus non genue-
417 1624 1196 1676 rit liberos: vel his quibus verisiliter dominus daret suam hae
417 1669 1198 1717 reditatem: si eius liberam habeat collationem & illimita
436 1713 1204 1765 tam. ⁋ Respondetur. haec mulier multifariam potest se haire. Ve
433 1755 1195 1813 ipsa potest probare quod filius de quo contenditur est alterius
429 1801 1198 1855 vel non. Si secundum, frustra ipsa diceret veritatem
435 1846 1198 1895 quia non crederetur ei, nec ipsa potest veritatem manife-
422 1889 1186 1950 stare: quia fauore matrimonii erit praesumptio in op
425 1932 1201 1998 positu quod sit filius mariti. debet tamen omni via occul
426 1984 1199 2031 ta suadere filio ingressum religionis: vel vt sit sa-
428 2023 1195 2073 cerdos, vel aliquid eiusmodi: nihil dicendo extra com
426 2064 1205 2120 fessionem de adulterio: sed asserendo secundum ma-
432 2108 1193 2167 gis idoneum pro dominio habendo. & si ad suum intentum
429 2157 1199 2210 hac via deuenire nequeat: debet clanculum sub-
424 2207 1192 2257 trahere quicquid potest: & dare vero haeredi: & poe
435 2243 1192 2303 nitere quod ipsa non possit aliud facere. Et tunc ipsa
438 2293 1198 2339 est in statu salutis. Ipsea enim est posita inter duo
435 2335 1195 2381 videlicet non restituere haereditatem vero haeredis
441 2380 1193 2430 & detegere suam infamiam occultam, quae etiam
432 2425 1208 2474 ei non proderit. Propterea a secundo debet au-
439 2465 1195 2525 fugere: stando in primo: & ita erit peccati expers:
453 2510 1202 2559 Si vero ipsa possit apparenter probare quod primoge
433 2552 1205 2616 nitus de quo loquimur sit spurius, adhuc distinguen-
448 2595 1193 2649 dum est. Vel enim credit filium suum esse bonae conscientii
442 2649 1197 2697 & timere deum: & quod adhibebit fidem matri asserent.
443 2685 1198 2761 se esse spurium. vel non. Si primum, potest benigne dice
1279 287 2045 348 re filio seorsum: aut per confessorem significare. Non
1273 340 2051 387 enim est vero simile quod filius deteget casum patri putatiuo.
1279 384 2048 445 Si filius acquiescat sententiae maternae adeundo religio
1278 430 2048 477 nem, capiendo beneficium: vel eundo ad bellum pericu-
1276 473 2054 528 losum, vel ad exteras regiones: bene actu est. Si
1275 520 2051 579 vero matri non acquiescat, supposito quod si mater di
1276 566 2042 620 cat ei, saltem manebit secretum, dandum est pro viribus
1285 608 2051 656 vero haeredi: & adhuc mater probe aget, nec est su-
1275 648 2054 709 spitio quin spurius tenebit secretum: quia si putati-
1272 696 2044 749 uus pater & alii ad quos spectat haereditas scirent
1278 741 2053 798 rem: spurium de rerum natura tollerent. Si autem spiritu
1281 782 2062 837 rius matri non assentiat: sed dicat se facile crede-
1270 828 2045 890 re quod mater est impudica: & existimare quod ipsa ma-
1272 869 2044 931 gis diligat secundo genitum vel verum haeredem: hoc est
1284 920 2048 980 quem ipsa proponit pro vero haerede, quam se: tunc non pec
1285 965 2047 1020 cat tenendo dominium: quia habet motiua pro se de ista
1276 1006 2050 1060 bilitate mulierum. Forte enim magis diligit alium filium
1279 1051 2044 1099 vel inordinate verum haeredem: & ipsa tenuit alium pro ve
1275 1104 2048 1148 ro herede a principio. teste autem deponente contra
1278 1138 2056 1186 ria plus credetur priae depositioni qui secundae. Etiam
1272 1183 2041 1229 iste est in matrimonio genitus: & in re praeiudicia
1275 1228 2053 1271 li credere non tenetur. c. Per tuas. de proba. & non for-
1269 1276 2047 1324 met sibi conscientiam in oppositum. quia sic erit pos
1279 1313 2054 1364 sessor malae fidei: & omne quod non est ex fide pec-
1275 1363 2042 1420 catum est. ad Roma. xiiii. hoc est quicquid tenet contra
1275 1407 2050 1457 conscientiam. & patet in cap. Literas. de restitu. spoli.
1278 1448 2047 1499 & in cap. Per tuas. de simonia. ergo non tenetur ha
1272 1491 2040 1551 bere conscientiam se esse spurium. & hoc patet. C.
1276 1536 2045 1595 de nup. in. l. Si vicinis scientibus. propterea legistae
1275 1579 2039 1627 dicunt illum fuisse fatuum qui ad assertionem reginae
1278 1626 2057 1673 dicentis filium esse spurium cessit regno. ⁋ Sed vtrum
1272 1671 2044 1719 debeat reuelare marito, alia est difficultas. & disti
1270 1716 2051 1768 guo. Si enim maritus sit vir cordatus & seuerus: da-
1278 1757 2050 1810 to quod verositer ipsa poterit probare intentum: ad
1270 1803 2045 1862 huc non tenetur ei materiam aperire. & ratio est: quia ipi
1269 1849 2050 1894 sa est inter duo constituta. Si enim materiam marito
1272 1893 2039 1944 detegat, exponit eum periculo vxoricidii: seipsam &
1276 1936 2039 1996 spurium periculo mortis: & erit causa suae infamiae
1278 1981 2052 2040 & perpetuae inimicitiae & odii inter suos cognatos
1281 2021 2051 2073 & maritum. omnia autem ista magis inconveniunt quam te-
1273 2080 2043 2121 nere haereditatem veri haeredis. ipsa ergo debet re
1275 2112 2048 2174 linquere Scyllam & appropiquare charybdi: & poe
1275 2158 2033 2220 nitere de peccato praeterito: & habre displicentia quod
1282 2202 2053 2247 non possit satisfacere complete: subtrahendo tamen cla-
1276 2247 2050 2292 culum quicquid ipsa potest: & procurando omnia bona quae
1279 2294 2042 2345 potest per cognatos vel aliunde, & dando vero haere
1282 2337 2038 2380 di: & tunc ipsa facit illud ad quod tenetur: & est in sta-
1276 2378 2036 2425 tu poenitentiae salutiferae. sed imprudenter facerei
1269 2425 2041 2476 negocium marito significando. vt patet. xiii. di-
1279 2466 2038 2513 stinctione. cap. Nerui. Si dicas. facilius scandalum
1275 2511 2041 2562 permittitur quam veritas relinquatur. hoc spectat ad ma
1285 2556 2047 2601 teriam scandali. Sed pro nunc ldiciter, quod veritas vitae
1276 2597 2047 2647 hoc est actus praecepti tempore quo est praeceptum, num
1281 2643 2042 2695 quam est relinquenda: modo reuelare hunc casum ma
1281 2688 2051 2752 rito: nec est casus praecepti nec consilii: sed ex ma-
