2322 3313
210 394 952 457 ui: vt inferius in sacramento ordinis patebit. Pro
209 452 956 503 bationes istae non ostendunt propositum vt opinor. for
199 497 956 549 te enim Raemundus libere religionem assumpsit. si fe
201 540 956 592 cit conscientiam quod tenebatur ad religionem: ei imputetur:
202 592 956 645 aliqua enim conscientia erronea non nocet habenti
208 634 956 686 sed prodest. Secunda ratio de seruo ordinato non con-
195 680 955 735 cludit: immo potius contra factorem: quia contra dominum es
199 716 958 779 iniuria auferendo alienum: vel ipsum indisponendo ad
204 764 964 820 seruitia antiqua. sed in casu nostro iste nunquam fuit
207 809 971 864 religiosus: & dato quod esset nouitius: a religione hac
199 852 958 904 nihil tollitur. multum enim refert prope habere & habere
198 895 964 957 actu. impediens namque idoneum ab assecutione benefi
202 943 970 1005 cii habendi non tantum peccat quantum si eum priuaret ab
208 988 962 1043 habito. Insuper forte iste ita bene viuit praesbyter vel
200 1027 961 1087 laicus in saeculo vt vixisset in religione. licet enim
207 1075 968 1128 tota religio sit melior quam non religio tantae multitu-
215 1118 974 1176 dinis: contingit plerosque non religiosos esse multis
210 1160 961 1215 religiosis meliores. Aliter istud patet. si suadere
211 1206 971 1261 alicui volenti profiteri religionem beatae Mariae de modo
210 1256 970 1310 te Carmelo: assumere ordinem diui Augustini: non
215 1307 967 1356 propterea essem obligatus pro eo ad Carmelitarum re-
213 1351 961 1395 ugionem profitendam. Dicis. vtrumque istorum est lici
214 1381 975 1441 tum. sic licitum est ei viuere in saeculo. homo enim non
201 1426 965 1490 semper tenetur ad melius. Suadeat itaque illi religio-
217 1474 964 1524 nem: vel suadeat habere alium: vel recompenset coeno
219 1519 964 1575 bio aut religioni secundum iudicium prudentum: quia non
210 1561 977 1622 sufficienter probatur quod religionem ipse profiteri teneatur.
505 1736 980 1815 cy Eciooctauo adhuc
552 1798 976 1863 continuando materiam famae
556 1848 979 1910 in parte Quaeritur: an accusa
565 1891 980 1953 tus de aliquo crimine tenea
566 1941 967 1994 tur illud crimen prodere noi
558 1980 973 2041 obstante fama. Pro solutio-
542 2023 974 2087 ine quaestionis notabis quod ali
513 2065 976 2127 Ququod est crimen publicum circa
225 2109 985 2179 quod aliquis est infamatus. vt est quispiam occisus
219 2157 975 2214 in vico: & Sortes est suspectus seu male famatus
222 2212 977 2260 de illo: vt contigit de homicidio Aiacis Thelamo
221 2248 979 2306 nii & Vlyssis superuenientis. Nonnunquam crimen est pu
216 2294 980 2356 blicum: & nescitur quis tale crimen commiserit: vt Sortes
225 2344 979 2402 reperitur occisus in vico: nescitur quis illum occiderit:
220 2380 993 2454 nec habetur maior suspicio de vno quam de alio. Quandoque
233 2424 946 2504 crimen est occultum ex parte facti & facientis.
228 2475 985 2563 ⁋ lstis notatis pono propositiones. Pri
222 2535 979 2597 ma est. Vbi res est omino occulta vt in tertio me
225 2587 989 2644 bro: homo non tenetur suum peccatum occultum prodere. Pro-
228 2630 992 2688 batur. homo non tenetur peccatum occultum fratris sui ma-
234 2685 985 2738 nifestare: immo tenetur non manifestare: ergo nec pro
228 2717 991 2780 prium peccatum: cum secundum ordinem charitatis ho debeat
241 2765 988 2823 plus seipsum diligere quam proximum: & debeat plus suam
238 2807 994 2875 famam seruare quam proximi. Contra tales enim loquitur
1042 391 1810 459 Fsaias tertio capite sui libri. Et peccatum suum quasi
1040 447 1795 498 Sodoma praedicauerunt. Ad istud namque homo te
1047 488 1807 539 netur ordine charitates. Ex quo sequitur quod religiosus
1044 532 1804 585 non tenetur peccatum suum sic secretum dicere in capitulo:
1041 580 1808 636 nec suo praelato extra confessionem: nec alterius crimen
1039 622 1805 681 occlstum debet manifestare. Et quamuis iurasset superiori
1041 670 1811 716 se dicturum veritatem de interrogandis: praelato petente
1045 709 1810 767 de tali occulto: non debet dicere. & eius iuramentum
1050 752 1816 805 debet intelligi cum hac moderatione. dicam quae possum
1050 797 1813 852 dicere: hoc est nisi fortiori vinculo astringar ad op
1044 843 1811 905 positum. Intelligo tamen vbi secretum fratris mei non tem
1047 887 1811 948 dit in ruinam publicam: nec est contra aliquid ad quod ma
1045 931 1805 989 gis astrigor. nam si esset combusturus coenobium
1050 972 1804 1029 hac nocte vel traditurus vrbem: hoc reuelabo si sciam
1047 1022 1813 1085 in secreto, aliter quam per confessionem. ⁋ Si autem homo sit ac
1044 1063 1804 1114 cusatus coram iudice de crimine occulto, dicet. domine iu
1047 1103 1814 1163 dex noli quaerere talia transcendentia forum tuum: nec sum
1048 1149 1824 1209 infamatus de talibus: nec factum est publicum. lstud pa
1050 1191 1813 1249 tet. xxxii. dis. ca. Frubescant. xxxii. qui. v. Christiana
1056 1237 1814 1300 ii. qui. v. Consuluisti. Talis iudex assimilatur illi qui so-
1057 1283 1810 1339 lem facibus student iuuare: vt sumitur ex Anacleto pa-
1049 1325 1811 1389 pa. vi. q. i. ca. Si omnia. Non enim est procedendum ad inqui-
1056 1378 1810 1428 sitionem contra aliquem nisi infamatum. de accusat. cap.
1050 1414 1813 1473 Inquisitionis. & ca. Qualiter. Sed pone quod iudex
1052 1472 1814 1523 saecularis vel alius dicat ei. responde ad interroga-
1059 1506 1810 1559 ta: alioquin habeo te pro conuicto: & ipse dicat, ne-
1061 1552 1813 1615 go proposita: intelligens: nego ea esse facta vt propo
1056 1597 1816 1648 nis: vel nego me fecisse haec ad tibi aperiendum: an
1059 1640 1825 1702 iste pecet. Dico in primis quod non mentitur: quia non
1059 1680 1826 1736 dicit vnum exterius, & habet aliud in mente. Sed an
1056 1723 1814 1781 fallat imputabiliter: apparet quod non. cum enim iudex
1060 1772 1825 1827 interroget iniuste: & materia sit odiosa ex parte iudi
1055 1812 1810 1869 cis: datur ei responsio amphibologica: nec imputatur ista
1050 1859 1816 1919 falsitas dicenti. Et istud potest colorari per excusa
1061 1902 1819 1963 tionem mendacii Iacob. ⁋ Secunda propositio. Vbi
1055 1950 1820 2005 crimem est publicum: vel homo sic est infamatus vt sit se-
1059 1992 1810 2050 miplena probatio: tenetur suum peccatum aliquo mo
1066 2035 1814 2099 do occultum prodere iudici interroganti iuridice: da
1058 2079 1823 2145 to quod ad hoc condemnetur: ipse enim no est causa: sed lex.
1056 2124 1822 2183 Aliqui adducunt in probationem ad hoc: quod euiden
1062 2171 1825 2226 tia perpetrati sceleris non eget accusatore. sed haec pro
1062 2212 1816 2270 batio est inutilis: quia hoc intelligitur quando factum est non
1055 2253 1832 2317 torium & cuilibet constat quis commiserit tale delictum.
1067 2297 1819 2359 Sed probo per factum illius qui clanculum emisit libellum com
1059 2340 1822 2405 tra Castonum in publico: quem anathematizauit Gre
1065 2385 1823 2456 gorius vt crimen confiteretur. v. q. i. ca. Quidam maligni
1062 2430 1831 2500 spiritus. Et si obiicias. ca. Quis aliquando. de poenitem. dis.
1075 2477 1822 2544 S. ltem illud. Non tibi dico vt te prodas in publicum.
1065 2520 1816 2584 hoc intelligitur dicit Appa. v. q. i. ca. Quidam, quando cri
1075 2577 1825 2632 men est omnino occultum. Sed dicis: quamquam accusor: mea
1067 2611 1816 2669 fama non est adhuc lacerata. nam multi multa loquum
1075 2654 1823 2715 tur. sed mea confessio famam meam lacerabit: ergo in il-
1070 2699 1826 2757 lo casu non teneor me prodere. Respondeo. si reuera sum
1063 2743 1817 2800 innocens / meam innocentiam allegabo: si autem nocens
1061 2785 1823 2851 & fama non ab re sit excitata: debeo parere iudici
