2286 3312
205 343 968 402 tamen quando beatus Stephanus hoc dicit: illud est tenen
210 400 968 456 dum. Existimabat autem intelligere fratres (dicit bea-
209 438 967 490 tus Stephanus) quoniam deus per manum ipsius daret
210 485 971 538 salutem illis: at illi non intellexerunt. Et licet possemus
211 535 971 587 vtcumque dare expositiones dictis beati Stephani:
214 575 959 627 tamen ob auctoritatem eius sequor hunc modum quod Mo
201 616 773 681 ses non peccauit: Augustino relicto.
209 657 969 740 ⁋ Dubitatur: ad quid teneatur alium vul
207 716 974 785 nerans. Dicitur quod tenetur soluere expensas laesi: satisfa-
210 769 965 831 cere chirurgo: & refundere tantum quantum al-
206 812 973 872 ter lucratus fuisset: vel quantum amisit defectu cu
204 860 971 912 stodiae tempore quo morbo laborauit: si remedia-
211 904 967 962 biliter laesus sit. Si enim irremediabiliter laesus sit te-
210 950 958 1007 netur eum alere: & ei tantum dare quantum secundum
204 989 955 1053 iudicium prudentum lucratus fuisset deductis labo
207 1037 974 1092 ribus, non enim dabitur ei tantum in quiete quan-
208 1081 971 1140 tum lucratus fuisset operando. Quare si quis ali-
210 1122 965 1182 quem occidit qui sua arte & industria habuit patren
210 1170 965 1231 & liberos nutrire: occidens tenetur istos alere. & quia
210 1214 952 1270 hoc est clarum in lumine naturali: non cito alias pro
219 1256 956 1315 bationes. Ex quo sequitur quod licet sit maius pecca
204 1304 965 1361 tum occidere vel laedere virum nobilem & honestum quam
198 1346 959 1403 latomum vel fabrum: tamen occidendo secundos homo plus
207 1388 956 1451 obligatur: & omittens vtrisque succurrere plus omit
205 1434 961 1484 tit in secundis, non enim tenetur alere filios nobilis si
210 1481 974 1537 habeant patrimonium aliunde: secus est de filiis mecha
209 1523 958 1579 nici nihil habentis nisi artem / per qua prouidetur suae fa-
210 1567 972 1625 miliae / qualis fuit Sophroniscus lapidarius. Si ve
209 1615 967 1671 ro Sortes laedat Platonem & econverso: & sic aequali-
214 1666 974 1714 ter laedantur: neuter habebit recompensatione ab alio:
213 1695 958 1759 sed erit condonatio mutua. Sed si vnus alteri ampu
210 1753 968 1803 tauit manum: & alter illi digitum vel articulum:
210 1788 962 1849 prior tenebitur satisfacere secundum excessum ad ar-
206 1832 959 1902 bitrium boni viri: & legissator in hoc erit lex ani-
204 1889 310 1937 mata.
528 2057 965 2129 Lterius circa eandem
537 2116 964 2168 xv. distinctionem quaeram vi
535 2161 953 2222 gesimam ordine quaestionem de
541 2207 955 2264 nomicidio in bello. In pri-
535 2252 952 2309 mis ex industria aliquam ad mi
523 2289 962 2353 ilitiam attinentia praemittam. Se
504 2323 950 2396 cundo rem ipsam vt in aliis, ae
211 2396 953 2442 grediar. Quaestio est: an liceat occidere & rapere in
198 2432 953 2487 bello. ⁋ Pro solutione quaestionis notabis: quod be
198 2483 953 2537 lum proprie est dissensio hostilis per quam arma mouen
207 2519 953 2567 tur. & totum tempus significat quo homines sunt in mili
207 2563 958 2617 tia. Praelium autem est certamen ipsum. vnde Virgilius.
204 2605 962 2657 Infantem fugiens media inter praelia belli. & Titus Li-
210 2655 959 2702 uius refert populum Romanum nullo bello, mul-
208 2693 962 2744 tis vero praeliis victum. plerique tamen vocabula confundunt
205 2739 959 2804 Pugna vero nudis verbis citra arma fit. & dicitur
1047 350 1810 399 a pugno: quia dentibus / pugnis / & calcibus ante ar-
1048 389 1811 443 morum vsum pugnatum est. Bellum autem iuxta
1047 438 1811 485 Priscianum dicitur a bono per antiphrasim quod mi-
1047 482 1805 535 nime sit bonum: & multi grammaticorum idem as
1048 528 1799 576 serunt de nominibus his versiculis comprehensis. Lucus
1048 571 1808 618 & officium bellum libitinaque parca lsta per antiphra-
1045 615 1805 661 sim dicuntur nomina / mosque. Alii a duello deducut ab-
1047 656 1807 716 iecto d. &u. in b. converso. Festus a belluis: & hoc
1053 698 1798 760 Augustinus Dathus insequitur in libello suo de
1042 749 1805 796 nouem verbis contra vulgatam multorum opinionem.
1053 794 1811 849 Alii a bono: quia boni gratia olim maiores non ad
1035 830 1799 881 inferendam iniuriam: sed ad eam propulsandam sume
1037 882 1798 937 bant arma. sicut hostes ab aequando dicti sunt. Sed
1040 922 1810 977 constat & antiquitus & in diebus nostris aliquod bel
1048 965 1799 1024 lum fuisse iustum & bonum: aliquod iniustum &
1044 1014 1814 1076 non bonum. Vtcumque res sese habeat: circa vocabulorum
1048 1057 1796 1114 origines theologo non est multum insistendum: quo
1044 1100 1807 1157 quaestionem nominum futilem & inanem putare debet. Non
1048 1144 1808 1202 compugnant autem quod dicatur a bono: & aliquod tamen bellum
1032 1201 1804 1248 sit malum. sicut nouum collegium Oxoniae adhuc no
1032 1239 1798 1289 men nouum tenet: & tamen est diuae Magdalenes ex-
1048 1279 1805 1324 cellenti collegio antiquius. Tamen bellum capitur in
1042 1324 1793 1373 bonam partem, & est honestum: & in malam. ⁋ Aliquod
1033 1370 1798 1417 autem bellum est actus fortitudinis: & aliquod est actus
1039 1414 1796 1457 audaciae. & sic de militia: licet fortitudo militaris se
1031 1457 1798 1506 cundum Arist. iii. Ethico. viii non sit fortitudo
1039 1511 1799 1557 neque virtus: sed est secunda species fortitudinis me
1038 1551 1802 1599 taphoricae secundum Aristotelem. Fortitudo au-
1042 1591 1799 1639 tem bellica est virtus cardinalis. iii. Ethicorum. &. i
1042 1634 1796 1685 Rheto. & ita vbicumque de ea Aristoteles loquitur.
1048 1679 1801 1733 quamuis Martinus voluerit fortitudinem bellicam
1035 1723 1801 1778 esse eius speciem: & aliam acceptionem fortitu-
1044 1769 1801 1814 dinis virtutis cardinalis effinxerit propter partes
1035 1815 1798 1865 potentiales fortitudinis: vt magnanimitatem & si
1033 1859 1798 1909 miles seruaret partes subiectiuas fortitudinis. Sed
1038 1900 1793 1956 hoc in tertio fictitium conor ostendere. Fortitudo
1035 1945 1803 1999 est actus vel habitus quo quis vult belligerari se-
1029 1991 1793 2046 cundum quod ratio dictat. Vnde dicit Aristoteles. iii.
1036 2034 1799 2092 Ethico. vii. Fortis itaque est impauidus vt homo: atque
1042 2078 1798 2131 timens quidem vt huiusce res formidolosas. ve-
1027 2125 1795 2172 rum vt oportet: & vt dictat ratio tolerabit hone-
1039 2169 1787 2216 statis causa. Haec enim ipsius virtutis est finis. eius
1042 2213 1790 2260 conditio est ante bellum esse quietum: tempore
1041 2259 1786 2306 belli esse feruidum: dicente Aristote. Fortes au-
1032 2299 1787 2345 tem in ipsis operibus feruidi sunt: ante vero quie
1026 2346 1780 2397 ti. Hinc Maro. primo Aeneidos, non solum descri-
1029 2387 1783 2437 bens fortitudinem Aeneae: sed heroicum virum
1036 2432 1796 2479 dicit. Extemplo Aeneae soluuntur frigore mem-
1031 2476 1778 2527 bra. vbi Seruius id exponens dicit eum fuisse timo-
1027 2526 1781 2576 re perculsum. Et. M. Tullius. i. officio. Sed fugien-
1035 2563 1784 2612 dum etiam illud est ne offeramus nos periculis si
1026 2615 1786 2666 ne causa: quo nihil stultius esse potest. Quapro-
1029 2660 1780 2709 pter principes pleno ore laudati vbi par erat
1036 2700 1784 2751 delitescebant: vt Marius: Hannibal: & alii
1036 2741 1787 2809 multi Audacia autem est actus vel habitus
