2312 3324
240 346 991 430 bes. Quocirca Baptista Romulum introducit oran
229 416 995 475 tem Pompeium tueri ltaliam & iura patriae: & non
237 467 986 512 Caesarem: quem Caesari propterea praefert, inquiens
238 503 990 562 magne meorum Immortalis honos & gloria sum
231 551 992 607 ma nepotum. Icommune bonum serua: quoniam haec tibus
231 591 988 651 semper Cura fuit. Et paulo post. Te externi nfiqui
240 637 1003 697 duces venerantur, & ipse Depositis odii causis li-
235 684 995 740 uore sepulto Te praefert Caesar, meliorem seque fate-
229 732 989 781 tur. Quandoquidem pietas & nescia rumpere le
236 773 997 827 ges Dignior est sceptro regni diademate virtus.
237 815 1008 868 ldem censeo de lulio Caesare, qui a Tullio tyran-
234 860 992 908 nus & bene reputabatur quod de plerisque aliis quos igno
234 906 991 960 bile vulgus super astra euehit. ⁋ Octauo sequitur quod
235 958 991 1005 non est actus fortitudinis se occidere propter quancum
247 998 997 1049 quod tristitiam. Nam vt dicit Arist. tertii Ethicorum. vii.
234 1037 1004 1091 Mortem sibi consciscere ob fugiendam paupertatem,
234 1079 998 1133 aut amorem, aut molestum aliquid, non fortis est ho
229 1126 1007 1177 minis sed timidi. est enim mollitudinis laboriosa fu
234 1167 1002 1222 gere. Ex quo patet quod Aiax Thelamonius quem
237 1215 1000 1269 Hector vincere non poterat, molliter & timide egit,
240 1257 1002 1311 suo mucrone se suffodiens, dicente Quidio. xiii.
235 1302 994 1352 Metamorphoseos. Hectora qui solus ferrumou
234 1345 1007 1410 ignemque iouemque Sustinuit totiens: vnam non sui-
235 1391 994 1449 tinet iram. ldem de Saule sese occidente patet
236 1435 1000 1496 primi Regum vltimo. Et quamuis putaret se populo
234 1483 1001 1531 dei esse ludibrio: peccauit in se ferrum mittens. vt
246 1526 1007 1576 dicit Augusti. in quaestionibus veteris & noui te-
234 1563 1010 1619 stamenti. cui litera Regum suffragatur. Non enim est
253 1611 1013 1662 verosimile quod hoc instinctu spiritus sancti fecerit
246 1658 1001 1709 more Sansonis. vt liquet ex circunstantiis literae.
248 1702 1012 1756 sed ne esset populo dei contemptui: excusatur a tan
235 1744 1001 1801 to. In hoc etiam Cato Vticensis vituperandus est: quem
249 1791 1016 1840 tantopere nono Pharsaliae laudat Luca. inquiens.
253 1836 1007 1882 Ecce parens verus patriae, dignissimus aris Roma
239 1875 1010 1924 tuis, per quem nunquam iurare pudebit. Et quem si steteris
259 1920 1001 1973 vnqui ceruice soluta Hunc olim factura deum. suffi
244 1967 1007 2032 cit quod perperam egit se occidendo: quia in illo actu
241 2010 1001 2063 molliter egit. & Lucretia: quae tantopere a Romanis
252 2054 1009 2107 effertur. Nam vt arguit beatus Augustinu i de ciuitate dei:
243 2105 1013 2158 vel ipsa erat innocens: vel nocens. si primum, erat
237 2145 1018 2194 morte indigna: & male egit occidendo innocentem.
252 2186 1013 2236 si nocens: auctoritate propria non debuit se occidere.
248 2234 1012 2281 Nolo (inquit dominus, mortem peccatoris: sed magis vt
246 2278 1015 2323 convertatur & viuat. Ezechielis. xviii. hoc est nolo vt
257 2316 1018 2368 se occidat. Etiam in adulterio Tarquinii Superbi impsa
258 2363 1013 2412 erat innocens. ldem potest inferri de Mithridate: & saga
250 2407 1021 2461 cissimo pariter & bellicosissimo Hamnibale Hamil-
252 2451 1018 2508 caris filio. ⁋ Nono sequitur quod isti nebulones domi
246 2500 1004 2562 inter vicinos pugnantes no sunt fortes sed teme
252 2547 1021 2596 ratii & simiae fortium. Porro dicterium est. gallus pu-
267 2585 1007 2644 gnax in proprio fimo est inutilis in campo. ldem de hom
261 2638 1009 2678 minibus iactabundis intelligas prout vulgo iactatur. bo
252 2674 1007 2732 nus ascriptor nunquam fuit bonus equester. Hi namque
261 2719 1012 2767 verba ampullosa in absentia periculorum euomunt:
258 2762 1009 2819 & in praesentia eorundem penitus tabescunt, quod impro-
1069 345 1829 414 perabat Aiax Vlyssi inquiens. Tutius est igitur fi
1065 414 1829 469 ctis contendere verbis, Quam pugnare manu. In quibus
1055 453 1829 506 illud poeticum verificatur. Parturient montes: nascetur
1060 513 1822 556 ridiculus mus. & Thetsites numerum non vires au-
1062 546 1831 590 xit Achiuas Impos virtute: garrulitate potens.
1071 588 1831 647 Sed notabis: quamquam apud aliquos dicitur quod repercutiens
1072 631 1819 684 facit bellum & non primo pulsans: hoc parum effica
1068 678 1826 729 ciae habere. ratio quam vulgus assignat est haec. si non
1071 723 1828 770 repercuteret non esset bellum: nemo enim solus bellat.
1062 772 1831 824 profecto hoc est verum: sed haec ratio concluderet pari-
1068 810 1822 864 ter de primo caedente alium: quia sine primo non fuisset
1078 853 1829 913 ortum bellum. primo itaque inuadens multo grauius
1075 898 1836 947 delinquit. ⁋ Decimo sequitur quod fortis robore vel
1074 943 1841 993 habens fortitudinem militarem est frequenter vtilior in
1067 984 1837 1044 bello quam vir fortis. patet quia aduersario plus potest
1074 1033 1835 1089 nocere: & nouit anfractus bellicos: decertat arma
1080 1073 1832 1121 tus contra inermen: vel sicut ludi magister contra ad-
1068 1118 1825 1172 discentem. prudentia enim istis tantum conducit quantum
1077 1168 1837 1218 pugnacitas propterea bene dixit Vlysses Aiaci The-
1074 1216 1837 1262 lamonio. xiii. Metamorphoseos. Qui nil nisi praelia
1074 1250 1828 1312 nosti Quis tuus vsus erat: nam si mea facta requiris
1080 1295 1832 1351 Hostibus insidior: fossas munimine cingo: Coso
1068 1340 1842 1387 lor socios vt longi tedia belli Mente ferant placida.
1075 1383 1850 1435 & reliqua. Et paulo post recitatis gestis suis conclu
1078 1428 1844 1481 sit. Quae nisi fecissem frustra Thelamone creatus
1074 1472 1832 1525 Gestasset laeua taurorum tergora septem. Et sequitui
1073 1518 1837 1572 Tu vires sine mente geris: mihi cura futuri. Tu
1085 1562 1837 1610 pugnare potes: pugnandi tempora mecum Eligit Atri-
1074 1604 1846 1668 des. & quae sequuntur. Experientia namque multum condu-
1074 1651 1834 1698 cit & exercitatio. Non aliter dicit Vegetius Roma-
1086 1695 1847 1742 nos vicisse versipelles Afros & totam bellicosam
1074 1737 1849 1795 Europam cum bona parte Asiae, non aliter cognoscitur
1086 1783 1847 1850 plus prodesse percutere punctim quam caesim cum minor
1080 1825 1843 1878 sit resistentia: stare in forma rotuda resistendo: inua-
1080 1869 1834 1921 dere in forma pyramidali: non tenere eundem situm
1080 1919 1846 1965 dum ferit hostis: vt minus solidetur ictus. Et licet
1085 1956 1838 2018 viii. Politi. dicat philosophus quod bellicositas & industria
1081 2006 1835 2058 mentis requirunt modum contrarium: cum molles car
1073 2051 1841 2103 ne sint apti mente. ii. de Aia. & sint delicatiores: mi
1076 2092 1840 2149 nus possunt perferre graues labores. vt videre est
1081 2137 1846 2190 in Achille & Aiace Thelamonio: qui licet essent duo
1087 2180 1838 2230 fulmina belli: neuter visus est prudentissimus. Britan-
1078 2233 1849 2279 ni quoque & Germani: quia sunt septentrionales: sunt
1083 2267 1849 2320 bellicosiores meridionalibus. vii. Poli. Hoc etiam ha-
1081 2312 1837 2367 bet Auicenna fen secunda doctrina secunda primi ca
1085 2358 1849 2409 nonis. ca. xi. & Vegetius lib. i cap. ii. Superabantur tamen
1084 2401 1846 2455 a Caesare & Romanis: & hoc solum propter exercita-
1090 2445 1844 2502 tionem, & prudentiam in disponendis aciebus. Aliqui
1077 2486 1847 2540 autem cordati viri a natura redduntur ad bellum inhabi
1087 2532 1854 2585 les vt dediti mulieribus. propterea puduit Pompeiun
1081 2581 1838 2634 dormire cum Cornelia propria vxore. dicente Luca. v
1087 2628 1856 2679 Pharsaliae. Nam me iam marte parato Securos cepisse
1093 2666 1844 2725 pudet cum coniuge somnos. Et Maro dicit Aenean
1086 2710 1841 2762 sua mora Teucros sede in ltalia promissa aliquamdiu
1087 2760 1852 2815 fraudasse propter amorem Elissae: ita vt vix diis sua-
