2307 3336
475 405 1223 472 me occidet nisi hac via resistam. alioquin mihi nor
475 464 1229 527 licebit. postquam autem me percussit non debeo repercute
477 515 1232 569 re: quia hoc non est pro corporis tuitione: sed pro
490 562 1241 608 vindicta inferenda: nisi sit verosimile quod me percu
474 600 1241 654 tiet secundo: iam enim debeo facere illud ratione cuius
474 650 1243 699 tuear corpus. & hoc est quod legistae dicunt: quod tutela
477 688 1243 739 debet esse incontinenti. Et ex isto patet quod si iudicem
473 728 1234 787 periculosius mihi fore repercutere sic: & alteri resi
484 782 1235 829 stere non possim si semel iritaius fuerit: non debec
481 818 1246 872 repercutere: quia melius est vel minus malum est
474 865 1247 913 habere paruum ictum vel vulnus quam occidi. Secun
473 907 1243 956 do patet quod si percutiam timidum & verbosum propter ver
481 954 1235 1005 ba minatoria, excedo seruando meum corpus: quia non
481 1004 1247 1053 est probabile quod me occidet si quiescam. Praeterea
474 1043 1240 1097 patet quod licite percutiam aliquem ferro qui percutit me
478 1083 1237 1140 baculo: vel pugno. & licet non debeat percussus suum
474 1135 1247 1185 percussorem insequi exquo non vult amplius percu
470 1174 1237 1227 tere. vt patet in. l. Si ex plagis. S. Tabemarius. fi
474 1218 1234 1276 ad leg. aqui. iuncta glos. tamen si insequatur percutis
477 1261 1250 1313 tem & eum vulneret: non debet puniri vt dolosus sed
477 1309 1238 1362 vt culpabilis: quia inconsultus calor vitio calumnit
477 1361 1240 1406 caret: vt dicitur in. l. i. itc. ad Turpil. &. ii. q. iii. s. Notan
478 1398 1250 1450 dum. & in. l. Si adulterium. S. Imperatores. ir. de adul-
476 1440 1241 1490 te. ⁋ Sed si homo possit ausugere & sibi succur-
474 1485 1241 1540 rere celeritate pedum: an teneatur aufugere: est du
477 1529 1240 1578 bium. Distinguo: aut est vir quem non decet fugere:
472 1574 1256 1627 ita vt fuga sit ipsi maximae verecundiae: & iunc dicitur
473 1619 1243 1681 quod non tenetur aufugere: quia suga est iniuria ei. l
480 1674 1238 1719 Apud Labeonem ilitut. de iniuriis. quare licitum est percu
480 1707 1241 1751 tere ad hanc iniuriam propulsandam. Praeterea dart
474 1756 1243 1805 tur inuasori materia superbiendi: & fugientis amicis
477 1796 1243 1849 occasio male loquendi & male suspicadi de eius ti-
480 1843 1237 1898 miditate: & quia priuaretur bonis quibus antea iudi
481 1890 1243 1937 cabatur dignus: itaque esset ei & suae familiae conti-
475 1930 1247 1984 nua tristitia. lste tamen bene esset inegularis: quia
471 1975 1237 2019 irregularitas crebro incurritur sine peccato. Barth
478 2017 1238 2068 indistincte tenet istud de quolibet in dicta. l. mihi
475 2064 1241 2111 tamen sic indistincte non placet: vtpote si inuasus
478 2106 1240 2154 sit homo ecclesiasticus: vel aliquis philosophus cui
475 2151 1250 2205 fugere non est turpe. militi enim in casu fugere non est
474 2195 1235 2243 turpe: ergo nec istis generibus hominium vbilibet: vel
468 2243 1241 2299 si fuerit vir cognitus animosus: quem inuadit vir
480 2294 1234 2343 cuius animositas non est cognita, multo praestantior
471 2330 1228 2383 in sanguine: vel si esset ei superior consanguineu
474 2375 1244 2425 vel aliqua magna charitate coniunctus, vel reipu
468 2421 1234 2473 blicae multo vtilior. in hoc enim euentu militi aufu
464 2461 1235 2529 gere non est turpe. Et eodem modo licitum est percum
472 2512 1246 2562 tere ad defensionem alterius: siue alteri patienti iniu
477 2554 1247 2609 riam praestare opem. Ratio est. quia licitum est alte-
459 2595 1245 2648 ri praestare auxilium circa conseruationem vel recupe-
464 2643 1237 2698 rationem rerum: vt patet in. l. Furum. fit. de sica. & glossa
474 2690 1243 2742 notabili. xxiii. q. iii. S. primo. & ad hoc facit capi.
475 2733 1237 2789 Olim. de resti. spoli. quia non est vero simile quod epsus fue
466 2775 1235 2833 rit hic solus in expulsione istorum fratrum. Nec sequii
462 2821 1238 2891 ex isto quod indistincte inuasus potest occidere inuaden
1305 409 2072 475 tem. vt arguitBar. a rebus ad corpus: sed circa res
1321 465 2072 523 ablatas alias capias. incontinenti enim vim vi repel
1318 506 2075 564 lere licet: quia in ablatione rerum intelligitur quod fiat quam
1323 552 2090 609 primum potest collectis amicis. litt. de acqui. posses. i
1323 601 2077 658 Quia mec. S. fi. &. l. Clam possidere. S. Qui ad nundi-
1321 643 2078 691 nas. eo. ti. hoc est. licitum est insistere cum amicis ad re
1320 688 2092 737 cuperationem rei inuasae. vt cum potens quispiam expulit
1330 734 2078 778 Titium ab arce sua: mensis vnus labitur aut duod
1317 776 2077 832 antequam colligat amicos & fautores ad expellendum
1323 823 2077 879 potentem illum. hoc enim est incontinenti fieri quampri-
1317 864 2083 924 mum poterit, non diuertendo se ad aliena negocia?
1323 910 2083 967 quia si tempore intermedio proposuisset non prose-
1329 958 2086 1011 qui res ablatas: postea non deberet laborare ad colli-
1326 1003 2083 1055 gendos amicos pro expulsione praefati potentis.
1326 1042 2084 1100 ⁋ Sed dicis, non licet occidere pro ablatione rerum
1325 1086 2092 1144 quempiam. probatur. quia debeo diligere sortem
1326 1136 2080 1188 plusquam res meas: ergo debeo dare ei res meas in
1326 1181 2074 1236 nemore potius quam eum occidam: quia si eum oc-
1317 1221 2080 1268 cidam: magis disigo res meas quam ipsum contra or-
1324 1269 2096 1316 dinem charitatis. ⁋ Respondetur. diligo sortem
1317 1311 2074 1366 plusquam res meas: hoc est volo vt habeat vitam aeter
1321 1355 2087 1410 nam ad quam eum expediam si me non relinquat
1323 1401 2093 1449 cum rebus meis. & nolo res meas habere vitam
1321 1448 2093 1496 aeternam: quia ad hoc sunt ineptae. Secundo di-
1318 1492 2078 1546 co. quod plus diligo me quam sortem: quia res meae sunt
1320 1531 2086 1584 mihi & meis necessariae. Tertio dico & plus fa-
1320 1577 2077 1625 cit ad solutionem argumenti. diligo plus salutem
1325 1623 2078 1668 reipublicae, quam corpus Sortis esse in iacturam reipu-
1316 1666 2078 1714 blicae. si enim sineremus tales odiosos surripe-
1323 1707 2078 1761 re bona aliorum: multis daretur occasio similia
1320 1758 2081 1809 perpetrandi: & fieret mihi iniuria, & contra meam
1323 1804 2081 1848 famam: etiam si essem presbyter in isto casu. se-
1320 1843 2084 1890 cus esset vbi nihil de rebus meis vel ecclesiae per-
1327 1888 2084 1941 derem, mihi succurrendo celeritate pedum. ⁋ Epi-
1320 1932 2086 1993 logando ex hoc. praegnanti argumento habetur
1317 1973 2084 2030 quod vim vi repellere licet incontinenti. & patuit quomodo
1317 2024 2078 2077 hoc sit intelligendum tam in personis qui in rebus.
1311 2071 2084 2116 Et ex dictis patet quod discipulus potest resistere
1314 2111 2075 2158 magistro, & seruus domino: filius patri: mona-
1319 2152 2069 2199 chus abbati: marito vxor: vbi nisi resistant occi
1312 2198 2083 2243 dentur: vel grandem iacturam corpoream patien
1317 2241 2075 2297 tur: quam resistendo propulsare possunt. Si sit ve-
1311 2286 2077 2339 rosimile quod peius eis continget resistendo: iam non
1317 2327 2077 2387 est moderamen inculpatae tutelae. Si mulier vi-
1320 2381 2074 2423 delicet vel scholasticus occidetur nisi occidat: nec
1317 2416 2075 2470 est alia euasio: potest occidere inuasorem. ista enim
1327 2462 2075 2518 sunt conformia legi naturae & ex mente legis caesareae
1321 2518 2075 2561 non tamen praedicanda: ne malis & temerariis ape-
1317 2549 2071 2604 riatur licentia atrociter nimis resistendi. Sed haec
1311 2600 1820 2667 pro conscientia probabilia reor.
1310 2657 2068 2730 ⁋ Sed hic est dubium: an homo te-
1317 2720 2074 2777 neatur occidere inuasorem vbi potest: & non patet ei ali-
1325 2762 2080 2828 via fugae. Ad partem affirmatiuam est color. debet
1314 2808 2074 2894 cnim homo plus cauere peccatum in se quam in quocumque
