2296 3324
510 481 993 580 a Vaeritur quarto adhuc
529 548 985 614 continuando materiam belli &
525 598 982 657 Thomicidii: An hodamnatus ad
543 641 991 703 mortem possit aufugere licite.
549 683 977 748 Pro quaestionis solutione scite
531 731 992 794 a quod aliquis interdum est iniuste da
503 773 985 837 mnatus, & hoc potest esse multifa
219 819 986 877 riam. vno modo quia iudex iniuste procedit. alio modo
222 864 994 922 quia est probatus nocens testibus omni exceptione ma-
231 906 983 969 ioribus: & iudex scit oppositum vt persona priuata
234 949 997 1016 iam secundum opinionem probabiliorem inste est iuste con
236 992 988 1057 demnatus a iudice: sed iniustitia venit a testibus tantenm.
243 1036 994 1104 ⁋ Pro omnibus his modis ponitur haec conclusio: quod sic
225 1085 988 1147 damnatus ad mortem debet aufugere. iuxta illo
230 1130 997 1187 Maronis secundo Aeneidos. Fripui (fateor) leto me
225 1170 1004 1240 & vincula rupi. Probatur conclusio. Quilibet tenetur
224 1226 1004 1273 seruare suam vitam: nisi constet quod occurrit causa ab-
234 1267 1004 1322 soluendi se a conseruatione vitae: sed in proposito
243 1304 1001 1368 hoc non contingit: quia semper sententia est iniqua, vel ex
233 1348 1003 1422 parte iudicis, vel ex parte testium: nec est in casu fidei vt
237 1397 1003 1457 martyres: qui interdum de praecepto erant absoluti: in
242 1435 1000 1501 terdum de cosilio: vt post hac distinctione. xlix. hu-
244 1482 1008 1543 ius dicemus. Sed vbi quis iuste est condemnatus: est
241 1522 995 1589 maior difficultas: & opinor illam partem probabilem qui
236 1575 1008 1644 potest aufugere dummodo nulli inferat iniuriam. cui asti
249 1615 1000 1686 pulari videtur Canon Innocens. xxii. q. iiii. vb
249 1660 1003 1722 dicitur quod licet reo corrumpere aliquem pro vita
249 1705 1001 1766 conseruanda. ldem patet. itur. de bo. eorum qui mor
246 1745 1009 1813 sibi consci. l. i. vbi dicit lex. Ignoscendum censuerunt
252 1797 1017 1852 ei qui sanguinem suum qualitercumque redemptum vo-
252 1839 1013 1904 luit. & hoc vbi putatur esse mors aut mutilatio.
254 1875 1009 1949 ⁋ Sed contra hoc arguitur. lste non habet domi-
249 1929 1021 1990 nium sui corporis, sed lex & respublica. ergo au-
253 1970 1010 2031 fugiendo illud tollit quod est legis. ⁋ Insuper sequitur
257 2016 1013 2084 si hoc sit verum quod possit infringere carcerem vt
248 2065 1018 2116 euadat: cum in extrema necessitate omnia sint ei
251 2110 1018 2167 communia, vt dictum est ad succurrendum suae
263 2148 1011 2211 vitae: si non potest aliter euadere, nisi frangat ostium
263 2184 1013 2252 ergo hoc est ei licitum, quod si concedas: potest in-
258 2234 1014 2300 surgere & bellare contra custodem carceris eum
264 2283 1015 2341 occidendo pro liberatione suae vitae: cum aliter
258 2323 1024 2388 non possi: suae vitae succurrere, quod si iterum con-
266 2371 1015 2432 cedas, contra. bellum est iniustum ex parte eius
267 2412 1030 2476 & iustum ex parte custodis. ⁋ Ad primum con
267 2455 1025 2519 cedo quod non plenum dominium sui corporis ha
265 2507 1022 2563 bet actu: saltem tunc non habet vsum sui corpo-
267 2556 1033 2609 ris: sed alius eum tenens. postum autem aufugit, ple
264 2596 1026 2651 num dominium habet. Et est analogia de seruo.
261 2636 1028 2700 Institu. de re. diui. S. ltem ea quae ex hostibus ca-
254 2683 1026 2767 pimus, iure gentium statim nostra fiunt: adeo
1062 300 1820 372 quidem vt & liberi homines in seruitutem no-
1054 354 1813 420 stramdeducantur: qui tamen si euaserint a nostra
1064 398 1820 464 potestate: & ad suos reuersi fuerint: pristinum sta
1063 450 1814 498 tum recipiunt. lstud patet.liter. de cap. l. Nihil. & iu
1068 487 1813 545 re postliminii hoc recipiunt. Insti. quibus mo. ius
1056 532 1817 597 pa. po. soluitur. S. Si ab hostibus. Et nego quod tollit
1062 576 1816 632 illud quod est legis: immo nec legi facit iniuriam. si
1071 619 1835 684 cut dominus conclauis quod inhabito hoc est pro-
1058 661 1825 731 prietarius, potest ipsum vendere vel aliter aliena
1068 706 1831 772 re: non autem ego habens solum vsum eius. sic
1067 752 1841 816 anima istius solum habet dominium super corpus
1062 803 1839 861 post deum: ergo anima tenetur & nutrite & con-
1071 837 1831 904 seruare corpus in esse quantum potest: saltem potest hoc face
1074 886 1837 943 re. ludex aut quo ad aliquas operationes habent dominium
1069 940 1828 994 in corpusci ie. detinendo in carcere & condemnando. & pro
1070 974 1833 1041 pterea non licet ei frangere carcerem: nec resistere si in
1073 1015 1840 1090 uadatur: quia bellum esset iniustum ex parte eius. ldem
1072 1058 1834 1126 censeo si custos deberet facere iacturam ex eius fu
1071 1104 1847 1180 ga. Sic autem aufugiendo: nec custodi, nec iudi-
1071 1147 1841 1218 cimec reipub. facit iniuriam: sed intendit emendare
1075 1191 1851 1250 delictum perpetratum, profitendo religionem vel san-
1076 1243 1843 1299 cte viuendo. lstud enim debet habie. alioquin si intendat
1088 1289 1846 1341 euadere vt sit grassator, & perperam viuat: peccat vo
1087 1322 1839 1382 endo abire propter illum finem. Sed rogas. si illo malo
1081 1369 1849 1436 fine euaserit: an redire teneatur. Respondetur quod non, sed
1076 1413 1847 1478 poeniteat de mala voluntate mutando propositum in
1071 1456 1852 1521 bonum. potest dari analogia de fera quam habes: quam si
1079 1503 1853 1560 animum redeundi deserat: non amplius tua est. ita
1086 1556 1846 1611 vt obiectiones currentes aequaliter pungant contra
1085 1588 1848 1656 iura in hoc exemplo. ⁋ Ad secundum argumentum.
1082 1639 1858 1692 nego quod potest infringere carcerem: vel occidere cu
1092 1682 1855 1739 stodem. licet enim cuncta qui homo habet: dabit pro anima
1092 1725 1856 1786 sua. Iob. ii. iuxta illud poetae. Vt vitam redimas
1095 1767 1861 1827 ferrum patieris & ignes: non tamen debet alteri nocere. nam
1091 1811 1860 1874 bellum esset iniustum exparte eius: vt dictum est. Eodem modo
1088 1861 1853 1924 effringere carcerem eet violare remp. licet sit argumen
1090 1901 1864 1971 tum quod non: quia in extrema necessitate homo capit &
1095 1951 1864 2009 rapit cibum: vestem: & illa quae sunt necessaria pro sustenta
1097 1991 1855 2052 tione suae vitae. ergo si iste carcere detentus frangat car
1095 2038 1861 2095 cerem potest illud licite facere pro saluanda sua vita,
1098 2077 1852 2149 potissimum si intendat eum reparare. Ad quod respondetur quod
1101 2125 1859 2183 non est simile: quia iste non est omnino liber. Aliquod enim dominiu
1099 2178 1852 2231 in corpus istius habet respu. immo si e carcere fui
1100 2211 1855 2283 giat: de iure ciuili est poena capitali puniendus: vt
1098 2253 1867 2324 icitur. de effrac. l. i. &. ii. Immo si quis iurauerit redi-
1100 2299 1856 2362 re ad carcerem tenetur seruare iuramentum etiam si sub
1094 2352 1871 2405 sit periculum mortis: saltem si mors non fuerit iniu-
1103 2389 1854 2451 riosa. vt dicit glossa in Cle. Pastoralis. de sen. & re
1107 2432 1856 2497 iudi. s. Numquid. versi. Per violentam iniuriam. exemplo
1100 2474 1864 2544 Marci Reguli qui ad poenas rediit post iuramentum
1101 2528 1850 2593 quamuis peteretur ad mortem. Sed si esset in quiete in termind
1106 2567 1860 2636 ad quem: acquireret plenam libertatem sicut seruus ma-
1101 2612 1850 2674 numissus. alio tamen eum persequente antequam terminum
1099 2654 1874 2745 ad quemattingat: redire debet: quia ex parte eius bel
