2340 3360
420 277 1177 345 accumulare: aliquid dicemus circa ea: inchoantes
436 344 1180 384 a vulpino fure, trium literarum viro: Quatuor circa
433 376 1186 425 hanc materiam quasituri. Primo, an furto aliena sub-
436 419 1181 475 trahens peccet. Secunda quaestio erit de cauillatione
438 467 1190 520 quadam nodosa furti. Tertia de restitutione furti.
439 510 1186 567 Et quia aliqui non bene capiunt quo modo pro furto sim
441 558 1187 611 plici, hoc est vt distinguitur contra rapina, infligatur
442 598 1188 649 mors: Quarto quaram, an hoc liceat. Et haec erunt de
439 644 1180 698 furto proprie dicto. Primo ergo quaeritur, an furto alie
432 689 1192 740 na asportans peccet. ⁋ Pro solutione quaestionis ani
441 739 1190 787 maduerte: quod per furtum interdum intelligimus rapinam,
432 776 1196 824 & omne illicite detentum. quo modo capitur in prohibitione
432 822 1196 872 decalogi. &. xiiii. qui. v. Poenale. Sic simoniacus
432 868 1180 922 non ingrediens per ostium est fur. xxiii. q. iiii. Tres perso
435 908 1192 965 nas. Sic etiam vsuraria pecunia est furtum. Si proprie
441 955 1195 1010 capiatur, est volitio capiendi quod putatur alienum, clan
438 1003 1193 1053 culum inuito domino, animo lucrandi. Haec defini-
429 1048 1189 1094 tio quadrat cum ea quam dat Imperator. Instit. de
433 1095 1193 1140 obli, quae ex delict. nas. S. Furtum. vbi & nomnis etymo-
445 1131 1196 1187 ogiam explicat. Addut aliqui mobile & corpora-
439 1177 1190 1231 le, per hoc simoniam & vsuram excludentes. sed faci-
440 1217 1195 1268 le est haec impugnare per metaphysicam / petendo quo
432 1269 1196 1316 modo sit vsura spiritualis vel circa rem spiritualem.
444 1309 1187 1366 sed non insisto. Definitionem aggredior. in qua vo
442 1355 1192 1405 litio ponitur loco generis: non vt verum genus: cum
438 1397 1198 1448 furtu connotationem peregrinam habeat respectu ter
445 1448 1195 1497 mini volitio: sed vt melius rem ipsam capiamus:
444 1483 1201 1541 placuit ita dicere. Dicitur (quod putatur alienum) & non
444 1533 1189 1584 alienum: quia si rem meam capio quam credo esse alie
444 1575 1193 1628 nam: furtum committo. & hic capitur alienum fiue ad
450 1629 1193 1677 ysum siue ad proprietatem: vt siquis rem meam ex pigno
442 1660 1202 1717 re vel hypotheca habet: & ego clanculum sutripiam
445 1705 1201 1754 furtum committo: quia capio quod scio esse alienum: scio
439 1755 1193 1809 enim alium in hoc ius aliquod habere. Dicitur (inuito
439 1797 1205 1859 domino) quia si dominus consentiret vel est verosimile pru-
453 1837 1196 1888 denti quod consentiret: siue consentiat siue non: nullo mo
438 1885 1204 1935 do est furtum. & intelligo per dominum rei illum qui in
438 1932 1201 1980 re auctoritatem habet: siue sit dominus inferior vt cau-
445 1973 1205 2020 sa secundam: cui dominus superior consentit: siue dominus superior,
448 2020 1201 2070 qui omnem potestatem in rem accipit, vt despoliationem
445 2061 1202 2107 Aegypti. Exodi. xi. hoc idem patet. xiiii. quaest. v.
453 2107 1200 2161 Dixit dominus. Dicitur (animo lucrandi) quia siquis rem
444 2147 1202 2200 auferat vt alium reddat cautiorem vel gratia ioci: non
453 2192 1202 2242 committit furtum. ⁋ Ex hac definitione consequuntur
454 2238 1205 2287 alique propositiones. Prima est. Aliquis peccat pec
445 2278 1205 2336 cato furti & nihil furatur, vt ille qui vult subtra-
450 2325 1211 2376 here alienum, sed non potest habere. ⁋ Ex qua proposi-
445 2370 1204 2416 tione secundo sequitur quod non omnis fur tenetur ad restitu
445 2413 1211 2462 tionem furti, quod patet de fure dato: ille enim non solum
453 2458 1214 2514 peccat peccato furti: sed est fur. ⁋ Tertio sequitur
456 2509 1213 2558 quod furtu a rapina differt penes clanculum & mani-
451 2546 1217 2603 festum, secundo modo capiendo. ⁋ Quarto sequitur
466 2593 1205 2644 quod ego auferens meum ab illo a quo alia via habe
456 2640 1214 2685 re non possum iuridice: coram deo non committo fur-
448 2679 1214 2741 tum. Patet, quia aufero meum, & ille nullum ius in
1260 278 2035 339 illud habet, nec videtur esse in hoc peccatum. secus
1267 336 2033 383 est si possim probare rem esse meam: & eam iuridice
1272 379 2030 427 nabere. tunc enim male ago rem meam clanculum surti-
1273 419 2027 478 piendo. Si autem sciam rem esse meam: & probare nesciam ren
1267 467 2036 525 meam: non debeo rapere: quia hoc cederet in detri-
1270 511 2021 565 mentum reipublicae. Si clanculum habere possum:
1272 558 2033 613 non videtur esse peccatum. tunc enim non laeditur ille a
1266 601 2023 658 quo capio, nec respublica. ⁋ Quinto sequitur quod
1266 645 2020 699 existens in extrema necessitate capiens necessaria
1285 690 2026 739 ro suo nutrimento non peccat peccato furti. hoc
1275 734 2027 781 in materia elecmosynae superius patuit. ⁋ Sexto.
1272 775 2023 830 Qui alienum capit vt faciat eleemosynam committit
1272 823 2035 885 furtum: quia capit alienum: & actus cadit super obie-
1272 869 2024 922 ctum malum: licet circumstantia finis sit bona. sed hoc
1263 912 2035 962 non sufficit. & istud habetur. xiiii. quaestione. v. Forte.
1282 955 2038 1005 &. xxxii. quaest. iiii. Sic non sunt. ⁋ Septimo sequi-
1278 1001 2033 1055 tur quod quatucumque quis parum accipiat quod putatur esse
1269 1046 2030 1093 alienum contradicere domino rationabiliter, est furtum.
1288 1090 2039 1133 ratet per totam definitionem furti. &. xiiii. qui. vi. c. fina-
1275 1130 2036 1188 li. & de poe. dist. i. S. Vulgaris. ⁋ Octauo sequitur
1272 1177 2026 1231 non omne furtum deliberatum esse peccatum mortale. Pa-
1269 1224 2033 1278 tet de furto alicuius quod non est notabilis damni.
1279 1264 2042 1311 Furtum enim mortale est volitio auferendi notabile
1272 1309 2042 1358 bonum. ⁋ Nono sequitur. Furtum est auaritia. Furtum
1266 1352 2029 1403 est vsura. ⁋ Decimo sequitur aliquod furtum esse
1278 1395 2030 1445 eiusdem speciei specialissimae cum rapina. Patet. ha-
1270 1439 2045 1488 beam ego hanc volitionem. volo capere hoc. demon-
1282 1487 2042 1541 strando illud quod credo esse alienum nullo sciente:
1272 1539 2036 1587 postea superueniente domino rei & resistente ego ra-
1282 1572 2048 1630 piendo rem possum continuare volitionem meam prae-
1279 1623 2041 1674 uiam quae prius erat latens: nunc vero aperta. ergo idem
1278 1664 2029 1717 actus voluntatis numero qui prius erat furtum,
1290 1707 2029 1754 postea efficitur rapina. Immo stat quod nunc primo
1278 1757 2038 1806 sit furtum mortale: & postea idem actus numero
1282 1797 2030 1845 erit meritum. sed hoc non erit simul. Patet. habeam
1280 1840 2036 1894 ego hanc volitionem. volo surripere hunc librum pro-
1287 1881 2042 1930 pter deum: demonstrando librum tuum. iam est fur-
1280 1926 2043 1979 tum per sextum corollarium, continuo illum actum: &
1279 1973 2045 2024 in medio tempore tu das mihi illum librum: iam iste
1273 2017 2036 2066 actus est meritum: & possum esse in gratia: saltem est
1284 2067 2032 2116 actus bonus moraliter. Qui tamen habet caput refer
1275 2106 2040 2157 tum doctrina communi aliquorum quam speculationem
1291 2149 2027 2206 putat: aliter censet & male. ⁋ Vndecimo sequitur quod
1272 2201 2041 2250 stat aequaliter furari ab eodem aequali intensione gra
1285 2239 2044 2285 duali actus: & inaequaliter peccare. Patet. si Sortes
1278 2282 2051 2339 praecise haberet centum scuta sibi necessaria: & pri-
1278 2329 2045 2373 mo furarer ab ceo viginti scuta: & postea alia vi-
1290 2373 2045 2429 ginti: plus pecco secundo, quam primo: quia Sortes
1284 2416 2042 2474 plus eget: & plus tertio quam secundo. sed frangendo
1278 2460 2030 2517 arcam primo, & auferens viginti scuta plus pecco qua
1284 2504 2045 2550 auferens tantundem post me: quia sum occasio secundi
1288 2548 2048 2605 furti: & hoc si non fuerit excessus per inopiam in secun
1284 2593 2036 2647 do. ⁋ Duodecimo sequitur quod haec consequentia est
1278 2648 2050 2688 nulla. aequalis pecunia est ab his duobus ablata. er
1289 2680 2041 2752 go aequaliter peccatur, quia stat vnum esse pauperem &
