2357 3306
278 297 1058 361 granum peccauit mortaliter: & qui videbat erat
282 350 1064 405 partialis causa ablationis totius: sed quilibet de-
288 394 1057 445 buit significare socio suo iniquum esse aliquid au
279 437 1063 494 ferre: quia hac via Naboth grauem iacturam habe
289 483 1055 532 ret. sed cum naemo instigauit alium ad capiendum
288 526 1051 584 sufficit vni suum granu quod furto abstulit restitui
292 570 1052 628 re. Sed hic est alia obiectio. si sortes videat quod omnes
282 611 1061 667 alii restituerunt iam sua grana: ipse non tenetur suum
288 663 1061 720 granum restituere de necessitate salutis: ergo nec
282 702 788 772 antea. sed nego consequentiam.
279 758 1052 848 ⁋ Tertio arguitur. praecimpiens famu.
295 831 1052 886 lo furto subtrahere equum: non tenetur illum equum
291 881 1060 934 restituere: ergo conclusio est falsa. Antecedens patet
298 919 1060 980 stat quod famulus equum habeat & nolit domino equum
291 962 1051 1024 dare. tunc sic. famulus tenetur equum restituere: & si dominu
291 1012 1057 1069 tenetur equum restituere, tam famulus quam dominus tenetur equum
297 1062 1064 1112 restituere: & ita dominus cuius equus est ablatus pro vno
285 1096 1064 1162 habebit duos. & si centum recepisset, pari ratio-
298 1149 1051 1197 ne haberet centum equos, quod non est dicendum
300 1184 1057 1245 ⁋ Pro solutione istius argumenti ponentur modi
286 1234 1061 1292 currendi cum fure, secundum illud Psalmographi
294 1286 1049 1336 psalmo. xlix. Si videbas furem currebas cum eo
291 1319 1061 1372 Postea respondebitur ad vim argumenti. Quo ad
297 1361 1055 1420 primum dicitur quod multi sunt modi currendi cum fure
297 1419 1063 1465 vt patet per carmina vulgaria. lussio / consilium /
292 1452 1061 1510 consensus / palpo / recursus / Participans / mutus / non
288 1497 1061 1544 obstans / non manifestans. lussio. quando superior
297 1544 1061 1599 praecipit inferiori. Consilium. consulens facere furtum
288 1587 1051 1644 sine cuius consilio non fuisset illud furtum perpetra
285 1630 1058 1685 tum. Consensus. sine cuius consensu fur no subtra
295 1673 1061 1736 heret alienum. Si autem consensus non sit causa furti
294 1716 1049 1772 consentiens licet mortaliter peccet consentiendo
291 1763 1060 1824 peccato: non tamen tenetur ad restitutionem. Palpo.
292 1808 1055 1872 qui adulatur furi quasi strenue egisset: cuius com-
294 1852 1054 1910 mendatio est causa auferendi vel amplius auferi
297 1901 1058 1952 di. Recursus. hoc est ille qui furem tuetur apud
297 1939 1054 2000 iudicem. xi. qui. iii. Qui consentit peccantibus. Par
282 1987 1054 2044 ticipans. faciens foramina in ostio: scalas / vel vn-
297 2032 1054 2088 cos ad extrahendas vestes. Mutus, non monens fu
295 2077 1064 2140 rem ad restitutionem. qui sua monitione poterat re-
294 2120 1049 2165 stitutionem procurare. contra quos loquitur domin
297 2161 1063 2215 Esaiae. lvi. Canes muti non valentes latrare. Non
290 2210 1052 2267 obstans. hoc est non resistens vbi resistere potest si
297 2257 1055 2309 ne grauiore iactura rerum propriarum vel corporis
300 2292 1049 2354 Non manifestans, non dicens vero domino de furto
298 2341 1049 2399 Conueniunt autem omnes in sex primis modis: quod
303 2385 1057 2443 quilibet istorum tenetur ad restitutionem. Ratio est
295 2427 1055 2491 quia quilibet istorum est partialis causa instigatiua
303 2475 1067 2536 ad auferendum totum. Sed si fur voluit sine me
300 2513 1064 2579 furari solum viginti, & facio eum furari. xxx. te-
291 2555 1048 2621 neor solum ad restitutionem decem: & non sum vll
297 2600 1061 2668 modo causa aliorum viginti. ⁋ Redeundo ergo ad
294 2656 1060 2706 quaestionem: vbi suadeo capere totum: teneor restitue
297 2702 1064 2768 re totum: cum sim partialis causa instigatiua auferen
1137 295 1910 361 di illius totius: ergo vno non soluente alius obliga
1141 341 1898 400 tur soluere totum: & contra vno soluente alii sunt
1137 393 1897 443 absoluti. lstud patet Institu. de obliga. quae ex de
1129 433 1897 487 licto nas. S. Interdum quoque. Et ratio naturalis est
1137 482 1910 529 ad hoc. Nam suasu tuo sortes abstulit a me centum
1128 528 1906 577 & tu es causa damni mei: ergo teneris ad procu-
1129 566 1907 612 randam mihi restitutionem. Et patet de iniu. & da-
1138 612 1903 668 mno da. c. finali. Et vbi alter soluere noluerit: tu te
1131 654 1899 699 neberis soluere: siue centum mea habeas siue non. &
1135 695 1916 746 si ipse. l. habeat, & tu alia. l non sufficit tibi, dare mihi
1126 743 1901 794 l. sed teneris ad alia. l. quorum eras partialis causa
1126 787 1907 834 auferendi: si alter dare noluerit. Sed si das mihi
1129 838 1894 886 mea centum: alter habens. l tenetur tibi restituere. l quae ha
1132 876 1910 928 bet. Exemplum de illa obligatione in solidum, & vbi
1131 916 1906 972 vno non soluente habebo actionem contra alium. do cen
1138 964 1910 1016 tum scuta mutuo Titio & Meuio, qui se ad solu-
1132 1015 1904 1058 tionem obligant in solidum: licet vterque eorum ha-
1135 1050 1905 1108 beat solum medietatem istius pecuniae: vtrumlibet isto
1138 1106 1910 1151 rum quem volo, convenio coram iudice pro integris cen
1124 1137 1906 1196 tum: quia ad hoc se obligarunt: & quilibet est fide,
1129 1186 1904 1242 iussor virtualiter pro socio. In tribus vero vltimis
1125 1227 1901 1280 modis quamuis multi dicant illos non teneri ad restitu-
1138 1273 1907 1326 tionem: licet male agant: mihi tamen non placet, quamuis enim
1132 1322 1901 1376 non sint personae publicae, vbi poterant tenebantur ma-
1138 1368 1913 1418 nifestare furem: saltem furtum si non furem. & si non fece-
1126 1413 1910 1461 runt, tenentur ad restitutionem. quilibet enim secundum
1135 1456 1910 1501 legem charitatis est obligatus praeseruare fratrem
1138 1497 1901 1545 in corpore & in bonis ne iacturam incutrat notabi-
1132 1545 1910 1596 lem: cui facile obuiare potest. Si vero habebant
1136 1584 1897 1638 rationabilem causam non reuelandi vel resistendi
1137 1630 1907 1686 vtpote fuisset in suam grandem iacturam vel rei
1131 1676 1903 1735 publicae: iam non tenentur. Ex his patet solutio
1137 1720 1406 1784 ad argumentum.
1306 1777 1895 1865 Vbitatur: ad quid oblio etur
1291 1854 1910 1911 emens rem furtiuam vel raptam. Respon-
1258 1889 1904 1971 detur distinguendo. vel enim quis emit
1286 1936 1904 1993 scienter rem furtiuam: vel ignoranter
1128 1987 1907 2043 ignorantia inuincibili. si primum: etiam si rem in
1128 2032 1904 2079 foro publico emerit: fur tenetur rem furtiuam re
1131 2079 1907 2128 stituere si eam habeat. & si rem ipsam alienauerit
1132 2123 1907 2174 vel res ipsa periit: precium restituere tenetur secun-
1140 2167 1904 2222 dum optimum statum rei. hoc est secundum quod plus
1141 2216 1909 2266 valuit posteaquam fuit ab ipso empta. Quod proba
1143 2249 1910 2310 tur per. c. Grauis. de resti. spolia. Fur enim semper est
1131 2292 1910 2353 in mora. l. si pro fure. fitur. de condi. fur. nisi rem do-
1143 2346 1900 2395 mino vero / tempore & loco obtulerit: & dominus
1135 2395 1901 2446 rem recusauerit: tunc enim fur purgauit moram: & pro
1143 2430 1900 2490 pterea si tunc pereat sine culpa furis non tenebitur
1140 2474 1907 2532 ad restitutionem. tenetur etiam restituere fructus qui
1137 2524 1904 2580 percipi poterant tempore quo rem ipsam habuit:
1140 2568 1901 2616 quia hoc est de lege naturae. Quo ad expensas solum
1144 2607 1904 2672 habebit illas quas fecit gratia fructuum quaeren-
1146 2654 1901 2718 dorum & congregandorum. & hoc de iuris rigore.
1137 2702 1903 2767 Institu. de rerum di. S. Ex diuerso. In bona enim aequi
