2441 3314
285 284 1040 361 dispendio subiiciebantur: quare quinque boues erant
285 350 1037 415 reddendi pro vno boue. Apud Scythas quoque nulli
274 396 1039 452 scelus isto crudelius punitur. & ratio suffragatur: quod in
284 437 1048 496 curribus viuant & domorum sint expertes. Et istud
294 481 1051 539 ostendit etiam philosophus. xxix. particula problematum. vbi
296 526 1042 595 quaerit: quam ob causam qui ex balneis furatus est: aut
284 569 1052 641 palaestra: aut ex foro: aut ex aliquo eiusmodi loco
293 618 1051 673 morte mulctetur: qui autem ex domo priuata: furti pre
285 664 1052 718 cium duplum exoluit. Inter multas causas dat illam pri
291 704 1032 765 mam quam dedimus: & est potissima. an quia in domibus
279 747 1042 808 rem custodire melius possumus? nam & paries firmus
293 793 1039 851 & clauis est: & familiaribus res domesticae curae omnibus
295 836 1054 900 sunt vt tuto seruentur. at in balneis caeterisque publi-
288 880 1048 938 cis locis facilis cuique facinoris perpetratio est. Ni
291 923 1054 981 enim ad custodiam satis qui sua posuerit, habet praeter
293 968 1048 1025 oculos. & quae sequuntur. Praeterea arguitur ad hanc con
292 1015 1049 1075 clusionem sic. omnis incorrigibiliter parturbans rempubli
298 1058 1058 1118 cam est e medio tollendus. fur incorrigibilis est hu-
292 1101 1057 1156 iusmodi. igitur. consequentia est nota. & maior patet.
296 1144 1058 1217 quia non ob aliam causam raptor est occidendus: &
290 1187 1060 1259 multi alii pro aliis sceleribus. minor patet: quoniam plures
295 1234 1054 1292 sunt lites pro bonis fortunae quam pro hominium corporibus &
299 1271 1057 1349 animabus. ergo licitum est & expediens reipublicae impo-
296 1321 1063 1383 nere poenam cohibitiuam illius peccati quod rempubli-
304 1366 1061 1427 cam perturbat: scilicet vltimum supplicium. Praeterea.
300 1411 1057 1477 poena non imponitur in politia nisi vt coerceatur
305 1456 1057 1518 temeraria improbitas malefactorum. sed per solan
292 1500 1070 1562 restitutionem non sufficienter reprimitur furtum quod
301 1543 1066 1603 rempublicam multum perturbat: & multo melius arce
304 1590 1063 1647 tur per vltimum supplicium. igitur. Insuper, non obstam
303 1630 1070 1687 te extremo supplicio multi reperiuntur fures: si er
311 1677 1066 1745 go minor esset poena, multiplicarentur sine nume-
306 1722 1072 1779 rto. ⁋ Tertia conclusio. Potest esse lex scripta in
308 1770 1072 1818 vno regno vel quolibet: quod pro tertio furto certae
315 1819 1069 1874 quantitatis infligatur mors. Probatur. consuetudo fer
309 1854 1078 1913 me vbique est iam ad hoc: sed omnis consuetudo li-
312 1901 811 1970 cita potest literis mandari. igitur.
305 1960 1078 2045 ⁋ Contra duas vltimas conclusiones
310 2030 1072 2084 arguitur. Lex diuina non imposuit hanc poenam:
316 2072 1070 2133 nec caesarea: ergo illa non est imponenda. ⁋ Respon
318 2118 1072 2180 detur quod consequentia est nulla. notum est enim multas
319 2164 1081 2223 esse poenas impositas iure humano extra legem
316 2208 1073 2260 diuinam Mosaicam vel euangelicam. Deus enim aucto-
311 2251 1069 2306 ritatem hominibus dedit condendi leges quaten
315 2306 1078 2353 reipublicae conduceret. & licet leges caesareae hac poe-
322 2347 1082 2400 nam non imposuerint sed vetuerunt: successu tamen temporis cre
315 2388 1076 2441 scente hominium improborum malitia inuentum est pluri
315 2426 1088 2481 mun expedire huius criminis auctores vltimo ferire
331 2476 1076 2526 supplicio. alioquin mali furarentur continuo: omnia
329 2529 1073 2576 absumpturi: a quibus restitutionem frustra expectaue
314 2561 1081 2613 ris. & si bis moniti se non corrigant: est argumentum
321 2607 1081 2655 non expectandam esse emendatione. cum enim pluries eua
315 2653 949 2729 serunt: sperant se semper euasuros impune.
1448 414 1871 508 Bsoluta materia fur
1442 483 1888 552 ti proprie dicti, priusquam ad vsu
1443 533 1879 598 ras transeam, dicam nonihil de
1447 574 1884 632 restitutione in vniuersali. Et
1444 629 1885 684 vt multa paucis verbis con-
1446 667 1882 725 plectamur: quaeritur titulus
1455 710 1891 769 quaestionis in hoc verborum te
1113 763 1897 811 nore. Vtrum sicut quilibet damnum vicino praestans te
1125 799 1894 861 netur illud damnum resarcire: sic quilibet alienum
1124 841 1889 899 detinens teneatur illud domimno reddere sub poena peccati-
1134 888 1889 953 ⁋ Respondetur ad quaestionem per vnicam conclusionem
1133 941 1898 990 affirmatiuam pro vtraque parte. Prior pars patet. de in
1118 989 1895 1030 iuriis & dam. dato. c. vltimo. vbi scribitur. Si culpa
1118 1017 1893 1075 tua datum est damnum vel iniuria irrogata seu aliis in
1119 1067 1897 1129 rogantibus opem forte tulisti: aut haec imperitia tua
1134 1107 1900 1170 siue negligentia euenerint: iure super his satisfacere
1128 1153 1898 1213 te oportet: nec ignorantia te excusat si scire debui
1132 1195 1889 1252 sti ex facto tuo iniuriam posse contingere vel inacturan-
1127 1245 1894 1303 Et exodi. xxi. Si quis aperuerit cisternam & foderit,
1131 1280 1901 1347 & non operuerit eam: cecideritque bos aut asinus in eam:
1139 1328 1897 1392 reddet dominus cisternae precium iumentorum. hoc illic & in
1143 1371 1902 1434 c. xxii. ad longum videas. Alia pars patet. quia non
1136 1423 1905 1481 reddens facit furtum. Vnde beatus Augustinus in
1137 1465 1907 1524 quaestionibus Exodi, & recitatur. xiiii. qui. v. ca. Poe
1139 1503 1900 1567 nale. Furti enim nomine bene intelligitur omnis illicita
1133 1550 1906 1612 vsurpatio rei alienae, non enim rapinam permisit qui furtum
1143 1594 1909 1662 prohibuit. Et. qui. vi. eiusdem causae. c. ii. ex eodem diuo
1148 1633 1910 1697 Augustino in epistola ad Macedonium sic scribitur
1145 1680 1901 1745 Si res aliena propter quam peccatum est reddi possit
1136 1727 1899 1797 & non redditur: poenitentia non agitur sed simulatur.
1143 1770 1913 1833 Quilibet autem talis contra iustitia & fraternam chari
1141 1830 1347 1885 tatem peccat.
1139 1864 1898 1955 ⁋ Ex hac conclusione corollaria infe-
1143 1917 1909 1992 ro. Primum. qui non soluit debitum pro tempore & loco, inui
1143 1973 1907 2041 to domino: & est soluendo: peccat. Patet. quia facit fur-
1149 2023 1913 2073 tum: & iniuriam etiam facit proximo: cum alienum inuito
1151 2060 1909 2119 dmino detineat. Probatur etia per Apostolum ad Rom. xiii.
1144 2105 1909 2165 Nemini quicquam debeatis: cui vectigal vectigal &c.
1152 2152 1909 2220 Dixi soluendo: quia si debitor esset positus in illa ino-
1145 2192 1906 2261 pia qua creditor teneretur ei mutuo dare vel dona-
1149 2240 1906 2295 re: protunc non teneretur in foro animae soluere debitum. ⁋ Et
1152 2293 1909 2349 ex illo sequitur aliud corollarium: quod multi sunt damna
1157 2322 1917 2384 ti non soluentes debitum & de hoc non facientes conscien
1154 2371 1915 2429 tiam: credentes illud eis licere, nisi convincantur in strepi
1154 2412 1903 2485 tu forensi. ⁋ Tertio sequitur quod debitor tenetur satis
1157 2457 1898 2516 facere creditori de expensis iustis quas facit pro ha
1157 2501 1913 2563 benda solutione quam debet ei, quia enim debitor non
1154 2545 1913 2606 soluit tempore & loco, dat canm damni creditori: & tenetur
1151 2585 1918 2653 eum ab hoc releuare. ⁋ Quarto sequitur quod idem est quo
1156 2629 1918 2694 ad detentionem iniustam mutuatae pecuniae & similis pecu
1154 2679 1921 2744 niae furto subtractae: licet furtum habuerit inhonestam
