2340 3356
519 325 1270 379 le qui limitibus suis contentus popiulum in pace tam erga
529 374 1275 424 se qui exteros iustitia & religione defendit: non cupidus
517 422 1274 471 in aera sine titulo proferre imperium. Optime recitat
520 460 1283 515 Arist. v. Politicorum de ethnico illo Theopompo.
522 511 1273 565 qui cum ab vxore argueretur quod in liberos peccaret: quia
532 557 1286 603 vectigalia diminui permisisset: & aliqua ad regnum
534 604 1286 652 vtcumque spectantia collabi: & non tantu regnum & tam
523 639 1274 697 vtile filiis relinqueret quantum a patre acceperat: Si mi
513 685 1276 737 nus in quantitate (inquit) relinquo: diuturmius tamen relin-
526 732 1277 786 quo. Si Salomon noster fidelis ita probe egisset: re
529 777 1274 836 gnum diuturnius & maius Roboamo filio reliquisset
517 822 1286 874 Propter iniustitias enim & iniurias de gente in gentem trans
517 862 1289 910 fertur regnum. ⁋ Octauo sequitur: quod reges vel subiecti
522 907 1289 958 non sufficienter restituunt alienum in extremis diebus pro-
510 951 1288 1005 pinqui morti, quando solum praecipiunt haeredibus restituere
504 997 1288 1054 alienum quod detinent: putates haeredes non magis resti-
510 1037 1034 1089 tuturos quam ipsi in vita restituerint.
520 1090 1286 1185 ⁋ Contra primum corollarium arguitur.
516 1171 1289 1223 Dato quod non soluens debitum non soluat: non oportet
526 1213 1270 1274 quod propterea peccet, probatur. fur occultus debet magis
517 1262 1281 1313 seruare suam famam quam restituere alienum. sed si restituat
514 1303 1280 1362 alienum periclitabitur sua fama. Confirmatur haec ratio.
510 1351 1278 1402 stat quod ille abutetur notabiliter iam his bonis, & eis
517 1392 1268 1446 vtetur in pernicien reipublicae. modo bonum commune bo
510 1436 1289 1485 non particulari istius est praeferendum. ⁋ Respondetur. Fur
510 1489 1273 1533 occultus potest & famam seruare & restituere alienum.
516 1525 1274 1579 opes enim vt confiteatur suo curato, vel alteri: & det illi
507 1569 1273 1625 pccuniam restituendam, capiendo scriptum veri domini dicen
513 1615 1277 1663 tis se contentum de tali summa pecuniae a curato acce-
519 1666 1276 1712 ptae: tacendo de nomine furis: quia de fure nihil dicet cu
520 1703 1274 1751 tatus. sed solummodo se illam pecuniam accepisse a
517 1747 1280 1795 quodam restituendam: & dicat nullo modo posse se de
511 1792 1274 1841 illo in singulari loqui si alter petat. Fodem modo de
513 1839 1273 1889 pecunia inuenta & diu detenta dicatur. Ad confirmatio
520 1882 1268 1930 nem. licet ille cui restitutio est facienda sit pecunia abu
511 1925 1267 1982 furus: hoc non obstante pecunia est ei danda. patet: quia
511 1968 1271 2017 restituimus prodigo suum. sed contingit dare casum
523 2015 1279 2068 nuo non teneor restituere: sicut non est reddendus gla
520 2039 1271 2108 dius furioso: vel qui iam mente praeditus propinque est
522 2102 1277 2160 aliquem occisurus: vel si hostiliter per pecuniam quam ei
519 2148 1274 2209 do, verisimiliter est aliquod insigne facinus in repub.
520 2192 1274 2241 commissurus. ⁋ Arguitur contra secundum corollarium.
517 2239 1273 2286 papa potest remittere restitutionem pecuniae inuentae
513 2282 1268 2344 & ordinare quod res inuenta in pios conferatur vsus
511 2322 1280 2374 ita enim interdum fit in aliquibus indulgentiis. Hoc ar
519 2370 1271 2426 gumentum potest contra multa alia corollaria & contra
517 2418 1276 2464 turtum applicari. Alexander Halensis quarta par-
510 2458 1282 2517 te summae. qui. lxxxvi. negat papam posse istud fa-
511 2504 1274 2555 cere. Sed ad argumentum ipsum dico: quod inuentor si
513 2544 1271 2603 sciat cuius sit pecunia inuenta vel scire potest per
529 2589 1268 2650 proclamationem in templo: tenetur illam restituere vero
517 2637 1274 2689 domino vel eius haeredibus cum circunssantiis quas in se
520 2670 1275 2736 cundo corollario adiecimus, nec illam pecuniam re
521 2724 1271 2783 mittere potest Romanus pontifex plusquam debitum
1365 331 2120 390 uod tibi debeo. haec enim est pecunia vero domimno & co-
1356 381 2117 429 gnito debita: ergo non aliud dominium habet Ro-
1356 424 2117 468 manus pontifex in hanc pecuniam quam in pecuniam
1363 468 2108 513 arcae tuae. Sed si nesciatur de domino pecuniae incerto
1351 518 2121 567 domino dandae, est alia difficultas. potest ordinare Ro
1356 556 2117 605 manus pontifex quod haec pecunia detur in pics vsus
1359 598 2123 646 & tutus erit dans: imo hoc potest curatus vel alius pru-
1354 643 2123 688 dens. Sed an Romanus pontifex possit remitte-
1350 688 2120 729 re partem illius pecuniae restituendae: sic scilicet vt in-
1353 731 2119 782 uentor sit tutus coram deo: tenendo vnam partem: &
1356 780 2123 824 aliam dando in pios vsus, sicut dixerunt fuisse in in-
1357 822 2119 871 dulgentiis Sanctonensibus his annis elapsis concessum:
1353 866 2117 919 quod scilicet habens incerta restituere / poterat conveni-
1350 905 2125 969 re cum curatoribus aedis sacrae seu magistris ecclesiae: &
1353 958 2113 999 tutus esset in conscientia: Hoc fateor non benen capio
1357 999 2117 1046 supposito quod incerta habens esset diues & non susce-
1353 1052 2129 1098 ptiuus illius pecuniae per modum eleemosynae. nam con-
1357 1087 2123 1144 ueniunt in hoc omnes bene loquentes: quod incerta sunt
1356 1131 2119 1181 conferenda in pios vsus. Addo non esse necesse pau
1362 1176 2125 1221 peribus erogare (vbi non sint in necessitate de qua
1356 1223 2119 1272 in materia eleemosynae loquuti sumus) totum in-
1350 1267 2116 1322 certum: ergo dare possum fabricae ecclesiae vel cui-
1347 1309 2126 1363 cumque loco alteri pio secundum cosilium & ordinatio
1357 1352 1738 1410 nem Maximi pontificis.
1710 1551 2120 1627 Vnc dicendum est de
1703 1611 2123 1675 vsura & eius restitutione: quia
1701 1658 2117 1711 nultorum conscientias hoc vi
1695 1702 2114 1760 tium pulsat. & licet maxima
1686 1750 2122 1808 verborum prodigalitate rem ipsam
1677 1791 2115 1852 non aggrediar: tamen propono ma
1664 1819 2113 1889 teriam sic tractare vt ingenio-
1356 1882 2113 1929 sus circa nexus eius poterit exitum facile inuenire.
1356 1924 2113 1973 Primo ab eius definitione exordiendo talem pro-
1353 1969 2110 2020 pono quaestionis titulum. An omnis vsura sit peccatum.
1354 2017 2117 2073 Pro quaestionis elucidatione notabis: quod omnis quaestio
1362 2059 2117 2107 debet a definitione proficisci. l. Omnis definitio. it. de
1360 2105 2120 2152 re. iur. propterea in primis ponetur definitio vsu-
1348 2148 2117 2198 rae: postea ad quaestionem more solito respondebitur.
1359 2194 2122 2241 ⁋ Vsuram sic definio. Vsura est volitio principa-
1350 2235 2116 2281 liter capiendi lucri temporalis vltra sortem vi mutui.
1368 2282 2113 2334 volitio ponitur loco generis: non tamen est quiditatiuum
1356 2326 2119 2382 genus & praedicamentale respectu termini vsura:
1351 2374 2123 2425 vt patet per connotationes in pertinentes quas habet
1357 2417 2120 2474 vocabulum vsura super terminum volitio, nunquam enim
1357 2457 2117 2507 terminus magis connotatiuus est species praedica-
1353 2510 2111 2554 mentalis termini minus connotatiui. connotationes
1356 2553 2114 2597 autem termini ex eius quid nominis notae euadunt. Et licet
1353 2591 2116 2639 interdum raoton sit volitio formaliter, semper est formaliter vel
1354 2636 2123 2693 aequalenter: vt haec propositio: nolo dare mutuum nisi
1357 2681 2116 2740 habuero lucrum vltra sortem: infert per vnam suam exponem
1347 2724 2110 2785 tem, volitionem. Lucrum nihil aliud e quam res lucrata: hoc
