2340 3356
485 291 1250 361 bere actum virtutis. & licet mutuatarii beneuolentia
498 352 1255 402 mutuatori tantum valeat nonnunquam quantum tota sors:
505 385 1253 445 noc est de per accidens: & certe valde raro. crebro nam
503 434 1252 502 quod dando pecuniam mutuo, pro illa recuperanda de ami
495 478 1255 532 co inimicum facis: vel mutuo in parte, vel in toto de
497 521 1247 580 fraudaberis. Et si forte sequatur lucrum temporale: hoc
504 565 1256 625 non intendit mutuator: nec debet illud velle: sed si
507 610 1256 667 stere in hoc vt proximo succurrat, saltem non referre in
498 654 1256 710 lucrum. stat enim crebro velle antecedens bone consequan
500 696 1258 762 tiae non volendo consequens: vt hic. vir Parisiensis ibit
511 740 1258 805 ad Scotiam: ergo transibit mare & grande interual-
497 784 1261 840 lum. Etiam ssta consequentia sicut iam diximus est nul
505 838 1264 887 la: Sortes mutuat Platoni: ergo habebit lucrum a
508 881 1271 932 Platone. sed si det mutuo ea intentione vt habeat
500 923 974 985 lucrum: iam peccat peccato vsurae.
504 961 1267 1041 ⁋ Secundo arguitur. Sortes det Plato
517 1038 1268 1081 ni centum mutuo: per solutionem datam potest velle Plato
516 1076 1273 1132 nem esse sibi beneuolum: & Plato secundum aequitatem na-
517 1117 1270 1176 turalem est ei deuinctus ad vicissitudinem: ergo potest
509 1158 1268 1222 pacisci cum Platone tempore mutuationis se dare Pla
515 1202 1267 1259 toni mutuo ea lege vt Plato det sibi mutuo in si-
511 1250 1270 1301 mili casu indigentiae: quia ad illud in lumine natura
512 1296 1267 1348 li tenetur. nam expssio eorum quae tacite insunt, nihil opera
511 1337 1277 1398 tur. ad hoc est argumentum in capitulo Significatum.
519 1381 1276 1436 de praebendis. vbi sacerdos promisit se seruaturum illud
516 1423 1270 1479 ad quod alias obligabatur. Hic enim non capitur temporale lu
522 1479 1285 1533 crum vi mutui, sed pactio de illo ad quod de iure na
511 1518 1283 1575 turae mutuatarius est obligatus. Quod si concedas, argui
529 1570 1282 1612 tur sic. ergo licet vi mutui velle accipere vltra sor
520 1601 1276 1656 tem aliquid aestimabile precio. crebro enim homo cu
544 1648 1276 1701 it dare pecuniam bono animo vt inueniat mutuum.
529 1692 1280 1749 ltem dando mutuanti iterum mutuo, non potest dare
530 1736 1282 1796 mutuo aliis quibus forte est magis obnoxius quam
535 1781 1288 1834 nutuanti: & illud non tacite inest in contractu mutui.
523 1830 1280 1880 Praeterea obligatio naturalis in foro contradictorio
524 1870 1288 1921 non parit actionem: quam tamen obligatio ciuilis parit. sed
526 1920 1280 1967 hic facile dicetur quod excipiendo mutuatarius elidit
534 1958 1283 2015 actionem mutuatoris, dicedo contractum esse vsu
525 2009 1279 2065 ratium & inutilem. ⁋ Respondetur. vtraque pars est apparens: sed
522 2057 1288 2106 placet pars affirmatiua quod pacisci liceat dummodo
528 2092 1288 2146 nihil ponatur in contractu aliud nisi illud ad quod homo est
528 2136 1289 2192 aliunde obnoxius ex bono & aequo: puta mutuata
538 2178 1298 2226 rius obligabit se dare mutuo mutuanti nisi alius ca-
528 2218 1292 2283 sus impediat de bona aequitate iudicio prudentis.
535 2270 1295 2319 rationes autem in oppositum soluentur paulo inferius de
534 2312 934 2369 dante scholastico mutuo.
534 2347 1285 2434 ⁋ Tertio argumentor. Deuterono.
538 2418 1286 2478 xxiii. scribitur. Non foenerabis fratri tuo ad vsuram
546 2467 1292 2523 nec fruges nec quamlibet aliam rem: sed alieno. ergo li
531 2511 1295 2557 cet capre ad vsuram vel licuit: & per consequens non est
544 2552 1301 2613 contra ius nature. ⁋ Respondetur. bene defendi potest quod
538 2597 1289 2646 illud erat permissum propter maius malum euitandum:
541 2641 1301 2705 ne scilicet darent fratribus suis ad vsuram, quia popiluols
528 2685 1298 2750 Hebraeorum pronus erat ad auaritiam. Sed cotra hoc
1333 287 2105 353 sunt aliquae obiectiones ad quas in simili responde-
1336 347 2099 391 bitur dist. xxxiii. huius: quia eadem est difficultas vtro
1347 388 2098 449 pique. Secundo dicitur: quod foenerabis tantum valet quan
1333 438 2099 484 tum mutuabis. & sic giossa marginalis Deuterono.
1335 475 2111 530 xv. dicit super illo verbo. Foenerabis gentibus mul
1341 520 2105 570 tis: & ipse a nullo accipies mutuum. Et hoc expresse
1342 567 2102 620 constat per verba Curisti Lucae sexto. Nam & pec
1342 618 2096 665 catores foenerantur peccatoribus vt recipiant ae-
1338 663 2101 712 qualia. vbi glossa interlinearis super verbo (foene
1348 700 2105 750 rantur) dicit. commodant. & verba sunt ita ad
1335 746 2105 790 hoc expressa vt glossa non egeant. Etiam illic poni
1344 786 2113 839 tur consequens pro antecedente: foenus enim sequitur
1338 833 2108 886 abundantiam: quia non potest non abundans foe
1341 877 2108 927 nerari. ponitur ergo foenerabis pro abundabis, quod pa
1345 920 2114 972 tet per literam in qua dicitur. a nuillo accipies mutuum.
1356 967 2116 1011 Tertio dicitur quod sermo erat de Chananeis qui iniu
1350 1008 2114 1057 ste detinebant eorum terram: & ab eis acceperunt solum
1350 1057 2117 1112 proprium: hoc est sibi debitum. lstud patet. xiiii. qu. iiii.
1350 1105 2110 1150 Ab illo exige vsuram cui merito nocere desideras.
1353 1143 2117 1193 Cui iure inferuntur arma, huic legitime auferuntur vsu-
1359 1191 2123 1243 tae. & c. Non tamen erat vsura proprie dicta. quam defini
1354 1229 2107 1284 uimus: vsura enim est contra ius naturae. Et licet pro
1351 1273 2113 1333 babile sit quod libellus repudii in lege Mosaica erat li
1351 1325 2120 1373 citus: & similiter vxorum pluralitas: vsura tamen est
1363 1363 2126 1409 magis contra legem naturae. in signum cuius gen
1362 1407 2110 1460 tiles in lumine naturali incedentes & repudiabant
1356 1457 2114 1508 vxores & tenuerunt plures: & ex legibus Caesareis
1357 1499 2127 1551 & aliis scriptis hoc est notum. sed tamen extendendo ius
1354 1541 2119 1588 naturae: omnia tria sunt contra ius naturae. sed vsura
1356 1587 2116 1633 aliqua cmni modo est contra ius naturae, nec iudaei
1363 1630 2125 1684 poterant vllo modo dare ad vsuram fratribus vel
1359 1675 2128 1719 vllis aliis nisi his qui suas terras iniuste detinuerunt.
1366 1720 2132 1772 De ldumaeis patet: quia Deutero. xxiii. scribitur.
1359 1761 2116 1806 Non abominaberis idumaeum quia frater tuus est.
1362 1810 2128 1858 qui ab Esau Israelis fratre descenderunt. sed istud
1356 1850 2129 1901 non concludit de aliis. Tamen sic arguitur. Vsura
1371 1896 2126 1951 apud viros in lumine naturali pollentes est iudica-
1365 1939 2128 1990 ta iniqua: ergo non fuit admittenda iudaeis sine dispen-
1366 1983 2123 2032 satione. Sed dicis. Deutero. xxiii. deus dispensa-
1368 2026 2114 2076 uit quod populus intellexit, non foenerabis fratri tuo
1362 2075 2120 2127 ad vsuram &c. & infra: sed alieno. & licet hoc solui
1375 2118 2117 2165 possit: difficile tamen est probare quod alienis soenerari non
1371 2158 2128 2222 licuit. & facile cum apparentia diceretur: quod licet prophetae.
1364 2208 2120 2262 indefinite vsuram vetitam asserant: limitari hoc pos
1361 2252 2126 2316 se respectu fratrum suorum. Tamdeon probabilius est quod
1366 2303 2129 2348 nulli poterant dare ad vsuram nisi his qui sua de
1368 2336 2138 2387 tinuerunt: & sic erat illicita. nullus enim homo pu
1362 2388 2135 2436 rus potest dispensare in vsura vt sitlicita, quod patet de
1381 2432 2122 2480 vsuris. ca. Super eo. vbi dicit Romanus pontifex.
1366 2467 2135 2520 Respondemus quod cum vsurarum crimen vtriusque te
1378 2513 2129 2565 stamenti lex detestetur: super hoc dispensationem aliquam
1381 2566 2135 2619 posse fieri non videmus: quia cum scriptura sacra
1383 2608 2128 2655 prohibeat pro alterius vita mentiri: multo magis pro
1368 2652 2132 2694 hibendus est quis ne etiam pro redimenda vita capti
1362 2693 2141 2756 ui vsurarum crimine inuoluatur. Comparat vsuram
