2341 3322
498 302 1259 361 lum quantum verosimile est quod fama vel lucrum scho
504 362 1258 411 lastici sibi attulit ex eius praesentia, non ei: quia tantum
496 405 1268 461 alteri regenti dedisset: sed restitutio est facienda si
502 457 1252 500 cut de vsura incerta. hoc sequitur Pan. in cap. fina.
502 492 1264 552 huius rubricae. Licet istud sit apparenter dictum: non
500 533 1265 593 tamen placet. Et ratio est: quia regens nihil recipit quod iu-
504 584 1258 627 ste non reciperetur ab alio regente non dante mutuo.
510 624 1259 675 Nec valet dicere quod recipit pecuniam: quia illa est causa
498 672 1261 719 minus principalis mutui. hoc sic suadetur. sacerdos
505 715 1267 761 non celebraturus nisi habeat sex paruos albos mi-
501 760 1256 807 nus principaliter: celebrans propter deum principali-
504 803 1262 852 ter, non committit simoniam: nec peccat per illum actum.
501 847 1262 895 Similiter beneficii collator confert licite sorti bene
511 890 1256 941 cium principaliter quia est idoneus: & minus princi
501 939 1261 988 paliter quia est suus consanguineus vel famulus:
499 987 1262 1031 ita vt famulatus vel sanguis sit causa sine qua non:
504 1024 1268 1079 & qua seclusa non conferret ei potius beneficium
504 1068 1262 1126 quam alteri aeque idoneo. & illud licite facit: vt posthac
505 1117 1258 1165 dist. xxv. huius amplius patebit. ergo eodem modo in
501 1157 1252 1210 proposito. Sed contra hoc dicis. capio lucrum praeter
492 1205 1268 1251 sortem vi mutui: quia illud non est mihi debitum. Respon-
498 1250 1262 1296 detur negando quod vi mutui capiam: sed ratione im-
511 1294 1265 1342 probi laboris & doctrinae qua eum erudio, inflam
507 1339 1262 1389 mando affectum eius, & illuminando intellectum. &
495 1381 1265 1428 hoc si ita vtiliter eum erudiam vt alter: & ita parum ca-
502 1419 1262 1468 piam vt vicini mei: puta solum capiam debitum: hoc
499 1466 1265 1519 est nihil indebite capio. Sed fateor quod mutuum est causa
498 1511 1268 1560 sine qua non, quare iste moratur in cursu meo: sed
504 1559 1268 1606 ratione illius nihil accipio: sed ratione laboris. mu
499 1603 1256 1652 tuum enim est causa per accidens quare propter eum
501 1648 1253 1694 laborem. & non sequitur: mutuum est causa per accidens
495 1690 1255 1743 laboris: & labor causa propinqua decem scutorum: er
507 1736 1262 1789 go mutuum est causa decem scutorum. Nam regula
493 1782 1259 1836 illa, quicquid est causa causae est causa causati: non
504 1826 1261 1880 tenet in causis per accidens: & vix in causis per se.
501 1869 1267 1915 Priamus enim non erat causa occisionis Patrocli:
501 1913 1258 1960 licet Hector eius filius illius mortis causa fuerit. Si
497 1955 1262 2008 dicas, non minus laborarem isto absente. Dico si
502 1998 1253 2050 huic medio innitaris, concludens quod a nullo debeam
498 2041 1255 2090 accipere turonum: & sic propriis militare stipendiis
501 2087 1256 2141 cogar: quia quocunque oblato, ob eius absentiam non
510 2137 1262 2187 ninus legerem. Dico secundo: quod tantum lego ei
495 2173 1258 2231 quantum omnibus aliis: quia potest audire omnia qua dico in le-
498 2221 1262 2279 ctione. Nec iterum valet dicere quod capiam aliquid aesti-
495 2268 1249 2323 mabile pecunia: quia tollo ab eo libertatem alium ad-
501 2318 1264 2368 eundi: modo auro non est aestimanda libertas. prout
504 2352 1265 2404 vulgo iactatur. Non bene pro fuluo libertas venditur
504 2399 1252 2453 auro. Dico me non tollere ab eo libertatem: quia non
495 2446 1252 2497 est mecum maior seruitus quam cum alio. vel si sit: soluat
496 2492 1259 2539 & eat quo velit. Quamuis etiam alius regens legat in
507 2535 1254 2586 geniosius quam ego: immo & vtilius, quod maius est: non
499 2576 1256 2631 pecco: quia sufficit quod ei satisfaciam & multitudini
499 2620 1253 2678 scholasticorum: alioquin regentes idonei & sufficien
498 2666 1259 2722 tes, propter aduentum excellentioris peccarent legen
492 2713 1265 2775 do: quod non est dicendum. Et vlterius dico me posse
1339 306 2114 369 ei mutuare pecuniam quamdiu lectionem meam visitaue
1338 359 2102 414 rit: & praefinire terminum quo recipiam pecuniam si forte
1337 402 2105 457 abierit. Non oportet respondere ad argumentum stipen-
1338 446 2105 498 dii (cum non egeat alia responsione) vltra decem scuta
1332 493 2104 542 quae regens capit pro toto cursu Parisiis. & licet aliquis
1335 537 2107 592 alius regens promittat ei se minus accepturum: non
1338 582 2101 637 grauo eum quia non capio plusquam debea. vel soluat
1346 637 2098 682 alter regens pro eo: & abducat eum. ⁋ Sed contra
1339 670 2093 719 summa solutionis arguitur. si non veniret ad lectio
1345 720 2090 773 nem: non darem ei mutuo: ergo aduentus ad lectio
1344 764 2108 817 nem est causa principalis: quia ea seclusa remoue
1332 801 2101 849 tur effectus. ⁋ Respondetur. remota causa minus prin
1344 848 2098 903 cipali saepe remouetur effectus: quando sunt duae causae si
1333 894 2101 946 mul requisitae ad positionem effectus: scilicet praecipua
1333 938 2111 981 & minus principalis: neutra enim istarum causarum so-
1342 982 2107 1037 la sufficit ponere effectum. modo deus est causa princi
1342 1021 2102 1082 palis. Hoc sic declaro, quando sunt duo fines quorum
1348 1074 2105 1129 vnus est in alium resolubilis: ille in quem alter resolui
1341 1114 2099 1165 tur est praecipuus deus autem est finis generalis & remo
1345 1161 2093 1216 tus omnium actuum quos prudens facit: & caeteri actus
1338 1200 2096 1259 in amorem illius finis & tandem in illum finem re-
1338 1245 2102 1294 ducuntur. secundum illud Apostoli primae ad Co
1335 1292 2096 1340 rinth. x. Omnia in gloriam dei facite. Hoc modo isti scho
1326 1334 2099 1380 lastico decem scuta mutuo vt visitet lectionem meam:
1339 1389 2102 1436 volens vt adsit lectioni & proficiat in doctrinis &
1329 1430 2104 1470 moribus: vt eo modo seruiam deo & merear, non
1333 1469 2105 1525 tamen quasi homo istos actus referat actualiter in
1329 1525 2111 1571 deum: quia non requiritur semper relatio actualis
1341 1557 2096 1615 in vltimum finem ad hoc vt actus noster sit bonus
1338 1604 2104 1654 moraliter: vel bonus meritorie: sed sufficit virtua
1345 1646 2107 1706 lis. Non capio relationem virtualem more docto
1333 1693 2105 1750 ris Seraphici & Conterranei: sed virtualem relatio-
1329 1734 2110 1781 nem voco quando homo, licet in teneris annis, ha
1345 1781 2099 1826 bet hoc propositum se velle totam vitam suam &
1340 1826 2098 1882 omnes actus laudabiles facere propter deum: & post
1345 1869 2093 1918 ea non habet oppositum formale. licet enim mul
1341 1913 2093 1970 tis modis peccet mortaliter: non tamen habet opposi-
1345 1954 2101 2010 tum forinale: & refert actualiter quando tenetur. Et
1336 2000 2102 2059 ne tibi videatur istud nimis largum, pronunc vni
1332 2057 2092 2099 ca ratione fulcitur. Doctor Seraphicus in suo se-
1335 2087 2100 2148 cundo dicit quod actus alicuius religiosi sunt omes
1341 2133 2099 2180 sufficienter relati in deum postquam dedit se & sua deo:
1332 2175 2099 2227 & intendebat omnia facere propter deum. & si hoc
1339 2223 2090 2270 sufficiat in iuuene religioso: quare non sufficiet in
1330 2268 2090 2313 iuuene laico? specialis namque datio facta deo more
1333 2312 2098 2368 religiosorum non requiritur ad relationem actualem, quod
1329 2356 2098 2416 probatur: quia alioquin nullo modo laicus posset referre:
1336 2399 2092 2462 quod est falsum. Si dicas. Doctor iste dicit oppo
1336 2445 2093 2496 situm de laico. scimus eum dicere: oppositum tamen
1332 2493 2087 2549 ratio persuadet contra eum & pro hoc quod dicimus.
1333 2532 2087 2587 & post istud propositum generale nullus est actus
1326 2577 2096 2626 indifferens in homine si intellectus iudicium affue-
1326 2619 2096 2672 rit: aliorum more loquendo deliberatus. Haec obi
1330 2669 2104 2726 ter dixerim: alias enucleatius materiam, quia est
1338 2709 2093 2787 vtilis, & explicatione eget, examinaturus.
