2287 3312
246 294 1018 352 sequitur falsum: ita ex licito non sequitur illicitum:
252 339 1012 392 bene autem econverso. ⁋ Secunda conclusio. in multis
255 394 1018 441 casibus licet recipere vltra sortem: vt in casibus istorum
252 427 1014 480 carminum quos ponit glossa de vsuris. ca. Comque
247 476 1019 527 stus. & in aliquibus aliis. Feuda / fideiussor / pro dote-
255 523 1019 569 stipendia cleri: Venditio fructus: cui velles iure no-
253 565 1009 617 cere: Vendens sub dubio: praecium post tempora soluens
249 606 1018 660 Poena ne in fraudem: lex commissoria gratis Dans
255 651 1027 708 sociis: popa: plus sorte modis datur istis. ⁋ Pri-
262 706 1019 747 mus casus est quando ecclesia mutuat aliquid suo va
252 742 1019 792 sallo: & pro illo mutuo vasallus impignorat eccle-
259 782 1021 837 siae id quod in feudum ab ecclesia habet. casus est ex-
251 828 1018 887 pressus in ca. Comquestus. de vsuris. & eadem est ra-
264 881 1018 926 tio siue mutuator sit clericus siue laicus: licet illic
249 922 1024 970 solum fiat sermo de clerico: & glossa dicat hoc esse
258 959 1013 1011 fauore ecclesiae. Probatur conclusio. si illud non liceai
264 1007 1025 1062 saeculari domino respectu sui vasalli, hoc maxime
257 1047 1024 1105 esset quia esset vsura: sed hoc non: ergo licet saecula-
252 1095 1025 1144 ri. Consequentia tenet a tota conditionali cum destru-
258 1137 1015 1194 ctione cosequentis ad destructionem atecedentis: quia
270 1182 1019 1232 si esset vsura respectu laici: esset etiam vsura respe-
263 1226 1021 1280 ctu clerici: quia vsura est contra legem naturae & diuinam.
262 1272 1028 1326 vt in quaestione prima huius materiae diximus. & per con-
261 1315 1027 1370 sequens non plus licebit ecclesiae quam saeculari domimno. Sed
273 1361 1030 1413 forte hic dices. Maximus pontifex concedit domi-
264 1410 1028 1461 nium fructuum pignoris vasalli quo ad ecclesiam, &
270 1449 1031 1505 non ipsi laico. hoc non valet. Ecclesia enim non potest ad
267 1494 1033 1551 nutu eius transferre dominia rerum. Secundo probatur
269 1538 1027 1588 haec conclusio. dominus feudi habet dominium directum
273 1588 1039 1636 respectu agrorum vasallo concessorum: & vasallus ha
267 1629 1024 1682 bet solum dominium vtile quod in multis casibus extin
267 1674 1021 1732 guitur: & pingue dominium & integrum ad dominum
267 1724 1033 1767 redit. tunc quando vasallus impignorat agros domino
271 1761 1033 1809 feudi, concedit ei dominium vtile & rationabiliter
282 1807 1030 1861 vt erga gratissimum virum sit gratus. immo in prima
273 1851 1030 1905 concessione in feudum dominus feudi voluit illam condi-
276 1900 1034 1949 tionem inesse: & sic non est vasallus qui aliquid dat do-
264 1941 1030 1994 mino: quem admodum voluit vasallum cadere a domi
282 1988 1036 2037 nio vtili in plerisque casibus. vt si vasallus aliena-
276 2028 1033 2081 uerit feudum totum vel maiorem partem, perdit feudum: &
273 2080 1033 2129 dominus a quolibet possessore potest illud reuocare
283 2113 1037 2171 vt in libro Feu. qui. mo. feu. amit. S. ii. &. iii. & quod
273 2158 1034 2208 domino fideliter praebeat consilium / auxilium / & fauorem: nec
276 2200 1034 2256 faciat aliquid contra honestatem domini maculando
288 2250 1030 2304 vxorem vel filiam eius, vel famam dicto / facto / vel con
285 2292 1036 2349 sensu: et si vasallus dominum in praelio dimittat non
276 2344 1039 2391 mortuum vel ad mortem vulneratum: feudum amittit:
285 2385 1036 2438 ergo dominus poterat addere hanc conditionem rationa
280 2425 1046 2482 biliter: quod si feudum sibi impignoretur a vasallo,
285 2471 1046 2528 fructus non supputabit in sortem: sed pro illo tempore
286 2519 1037 2573 non tenetur ei inseruire. de feu. ca. i. Nec sequitur quod
285 2558 1034 2613 dominus non teneatur restituere feudum vasallo soluente
285 2612 1042 2656 mutuum: cum plenum dominium sit apud dominum feu-
288 2651 1042 2704 di: quia tempore illo vasallus habet dominium vtile
288 2694 1046 2756 ligatum vel suspensum, & in habitu: dominus autem
1095 285 1856 348 habet dominium vtile quo ad actum. sed vasallus
1104 345 1865 396 soluto praecio vsumfructum eius de habitu educit in
1098 386 1859 433 actum: vel tollit suspensionem dominii vtilis: & tunc
1092 432 1869 489 iterato tenetur ad seruitium: & ad easdem leges ad
1099 476 1852 531 quas prius tenebatur. Ecce probatam secundam conclusio-
1092 530 1849 572 nem. eandem etiam casus sequentes probabunt.
1104 565 1859 613 ⁋ Secundus casus est in fideiussore mutuante de-
1110 611 1856 658 bitori pro quo fideiussit. vt si ego fideiubeam pro te
1101 653 1867 701 sorti in. xx. scutis: & tu non soiuas in termino con-
1108 704 1871 749 uentionis ipsi Sorti: Sortes cogit me soluere: non
1095 743 1859 793 habeo pecuniam in promptu, nec possum mutuo
1095 789 1867 836 habere ab aliquo: vendo res meas minoris quam va-
1099 831 1871 885 leant: vel capio ad vsuram ratione fideiussionis tuae &
1093 878 1874 926 inertiae. iam in lumine naturali peto abs te. xx. scu
1095 920 1873 977 ta quae gratia tui amisi: & dedi ego virtualiter tibi
1095 971 1864 1019 mutuo. xx. scuta quae exigo abs te tamquam sortem mu
1108 1007 1868 1056 tuatam: & quinque quae gratia tui amisi. Et istud patet
1098 1052 1868 1099 expresse in ca. Peruenit. & in ca. Constitutus. de fi-
1102 1098 1865 1147 deiussoribus. ⁋ Tertius casus est in genero, & ha
1111 1140 1862 1192 betur de vsuris. ca. Salubriter. vbi dicitur. Sane ge
1110 1187 1874 1236 nerum ad fructus possessionum quae sibi a socero sunt
1110 1232 1865 1285 pro numerata dote pignori obligatae, computando s
1098 1276 1873 1327 in sortem non credimus compellendum: cum frequenter do
1106 1321 1855 1376 tis fructus non sufficiant ad onera matrimonii sup
1113 1363 1871 1423 portanda. Sed pro intelligentia istius notabis: quod si
1104 1409 1873 1467 gener duxit filiam soceri cum hoc pacto quod velit so-
1117 1455 1880 1504 cerum constituere debitorem ad soluendam dotem: puta
1104 1500 1877 1540 mille francos ad duos annos futuros: & socer det
1111 1541 1871 1595 aliquos agros in pignore genero, ab initio illic non
1107 1585 1867 1639 est mutuatio. ratio est, quia ager non est vsu consum
1116 1630 1873 1683 ptibilis nec ad talem vsum concessus: ergo non est res
1108 1676 1884 1728 mutuatitia. consequentia tenet ex dictis quistione pri
1108 1726 1877 1768 ma huius materiae. Secundo est vera impignoratio:
1104 1759 1883 1808 ergo non est mutuatio. consequentia tenet: quia isti con-
1110 1806 1883 1855 tractus sunt distincti. Tertio. periculum posfessionis
1110 1852 1877 1905 spectat ad socerum: ergo non mutuauit possessio
1111 1894 1886 1945 nem genetro. Si vero socer mox constituitur debitor
1113 1941 1873 1988 tempore contractus matrimonii: & non dat genero mille
1111 1986 1877 2041 francos nec eorum partem in proptu: sed recipit illam pos
1117 2029 1877 2083 fessionem, scilicet quaedam arpenta vini / prati / vel tritici: tunc
1113 2072 1876 2126 proprie non est impignoratio illius possessionis:
1110 2122 1883 2173 sed gener recipit de suo quotannis. l. francos: &
1104 2165 1880 2218 virtualiter mutuauit socero mille francos. Hoc sic
1122 2208 1886 2262 declaro. hodie in principio Augusti Sortes con
1119 2251 1876 2296 traxit matrimonium cum filia Platonis nobilis non
1110 2296 1886 2350 habentis mille francos in proptu: sed promisit Sorti
1111 2340 1868 2392 tempore contractus matrimonii mille francos: & dat ei
1107 2387 1876 2440 sub nomine pignoris, licet proprie non sit impignora
1110 2429 1882 2482 tio, istas possessiones: ac si Sortes mutuaret ei mil
1119 2467 1883 2524 le francos: quos si in proptu haberet, posset emere
1119 2515 1885 2572 possessionem annuam. l. francorum. sic virtualiter istae pos
1113 2563 1876 2618 fessiones sunt emptae a Sorte valentes amnuatim. l. fran
1114 2603 1873 2661 cos: data facultate platoni socero quod possit redime
1123 2651 1871 2707 re hanc possessionem quando dabit mille francos integre. &
1111 2695 1886 2767 idem fuisset in pecunia si sortes contraxisset matrimonium
