2290 3322
267 381 1019 445 nia vero domino: nisi pro quanto dominus ratum
273 431 1022 483 habet habere aequiualentem: modo inter similia fru
273 480 1019 526 sta auri vel argeti parum interest: vt inter scutum &
256 527 1013 580 scutum. Ex illo patet quod licet pro primario vsu pecu
261 564 1024 627 niae qui est eius distractio nihil liceat accipere: tamen
270 615 1018 668 pro eius secundario vsu qui est ad pompa vel cu
264 660 1024 711 rare a morbo: aliquid licet accipere sine nota vsu
255 702 1015 756 rae. Sed dicis. ex illo datur palliatio vsurae. nam mu-
261 748 1012 799 tuans vel vsurarius dicet: concedam tibi vsum pe
258 793 1021 844 cuniae meae ad ostentationem, vel ad curandum a lepra
264 839 1013 882 & pro illius vsu aliquid reddes: nolo tibi mutua
258 880 1018 932 re. Respondetur crebro est difficile discernere an
261 921 1024 980 sit vsura: sed contra sic loquentem erit vsurae praesum-
270 967 1015 1022 ptio. & videndum est an locans habeat necessitatem
270 1011 1027 1069 pecuniam locandi: quia si non, statim cognoscetur
273 1055 1018 1108 esse vsura palliata. & certe vsurarius non importa
255 1100 1015 1144 bit hac via multum lucri ab eis qui ostentationem
255 1144 1015 1194 quaerunt: qui forte decedent cum toto. sed si detur cau
256 1189 1012 1242 tio cum pecunia: parum vitiabitur seu deteriorabitur
257 1230 1021 1277 in illo vsu: & parum est capiendum ratione illius
270 1275 1024 1327 vsus, sicut parum capitur pro equo quando ad par-
270 1320 1024 1370 uam distantiam vadit: quia parum in hoc equus vitiatur.
267 1365 1018 1417 ⁋ Decimustertius casus sine vsura: quando quis
272 1407 1027 1462 sine vlla intentione lucri mutuat: & mutuatarius
266 1451 1015 1500 vltra sortem dat aliquid mutuatori ex mera libera
271 1497 1028 1552 litate: & mutuator etiam tali intentione recipit, & non
261 1551 1025 1593 aliter. Pro cuius intelligentia notato: quod si mutuata
261 1583 1022 1637 rius mutuanti dat aliquid liberali dono: & hoc co-
261 1634 1030 1688 gnoscit mutuans & talianimo recipit, non peccat.
271 1674 1031 1732 quia per mutuum non est deterioris conditionis quam si
261 1724 1027 1775 non mutuaret: sed si non mutuaret, nemo diceret
270 1765 1018 1814 quin dono posset illud recipere. igitur. ita in propo
270 1790 1022 1858 sito. Sed si mutuatarius non vt verum donum det
273 1852 1027 1904 mutuanti, nec ex mera liberalitate: sed timens in
270 1896 1030 1948 currere maliuolentiam mutuantis: ne alias det sibi
261 1938 1031 1997 mutuo: & sic mixta volitione cum nolito dat ali
262 1993 1024 2038 quid mutuanti: & mutuans existimat quod liberaliter
264 2030 1018 2080 dat: & tamquam tale oblatum recipit, in illo casu mutuans
267 2071 1021 2129 non habet dominium illius rei oblatae: quia consensus
261 2124 1027 2172 purus recipientis non sufficit ad habendum domi-
261 2168 1028 2213 nium illius rei nisi ponatur alter consensus etiam liber.
265 2214 1031 2265 alioquin raptor acquiret dominium rei quam rapit:
267 2249 1019 2298 inferens mortem illi a quo rapit nisi consentiat: vi
271 2295 1031 2349 in prima quaestione huius materie diximus, quod
274 2323 1028 2386 diceret nemo. non tamen tenetur ad restitutionem
264 2383 1022 2436 durante illo probabili errore. Exemplum in simili.
264 2428 1016 2477 si quis daret mihi librum furto ablatum quem credo
268 2474 1019 2521 tradentis: non acquiro verum illius rei dominium:
266 2516 1028 2567 sed solum putatum: quod mc a peccato excusat. sed
258 2563 1031 2608 vbi ei constat quod alter non mere gratis in illam trans-
255 2604 1022 2653 lationem consensit: tenetur rem oblatam restituere: si
258 2651 1019 2700 non habeat rem ipsam aliquo alio iusto titulo, pu
256 2697 1027 2748 ta noua collatione libera, vsucapione, vel aliunde.
267 2736 1028 2790 ⁋ Ecce duos casus in quibus capitur oblatum si-
252 2779 1025 2852 ne peccato. in priore casu mutuans acquirit rei
1096 382 1858 445 oblatae verum dominium: & nullo modo tenetur
1102 433 1850 491 psum restituere. In secundo casu non acquirit ve-
1082 483 1859 533 rum dominium: sed durante probabili errore rem obla
1101 526 1859 572 tam non tenetur restituere. Tertio modo, quando
1095 572 1849 617 mutuatarius vt praecium mutuationis dat mutuanti
1089 617 1850 671 vel vt praecium redimendae vexationis offert: & illud /
1098 653 1858 713 constat mutuatori probabiliter: tunc mutuans capiens
1095 701 1859 753 & detinens / peccat. Quarto modo, quando mutua-
1102 750 1847 794 tarius aliquid ex mera liberalitate dat: sed mutua-
1093 792 1861 843 tor probabili credulitate existimat mutuatarium non
1090 832 1856 883 liberaliter dare: in isto casu mutuator peccat, sicut
1096 878 1865 928 in membro immediate praecedente: quia si mutuata
1092 923 1861 975 rius non liberaliter det, & mutuator illud credat non
1096 969 1849 1015 dari sibi liberaliter: non licet ei illud recipere: vt nu
1098 1020 1862 1065 perrime dictum est. igitur & in hoc casu. tenet conse
1089 1064 1847 1107 quentia: quia causa cur casus praecedens erat illicitus
1101 1100 1855 1154 rundabatur in conscientia probabili recipientis: igitur
1098 1145 1859 1194 eadem conscientia probabili durante manebit eadem
1095 1191 1850 1237 ratio illiciti. Et est simile, non licet mihi abs te do
1102 1229 1862 1279 no recipere rem quam credam esse furtiuam licet non
1095 1275 1852 1321 sit furtiua. ergo etiam lucrum oblatum non licet mihi
1096 1321 1861 1373 recipere si ipsum non liberaliter oblatum existimen:
1102 1362 1868 1413 licet reuera sit liberaliter oblatum. tenet consequen-
1095 1412 1868 1461 tia: quia aeque prohibetur vnum vt reliquum: si in
1098 1457 1868 1504 vtroque veritas credulitatis subsit. igitur etiam si
1098 1496 1864 1544 in vno non subest veritas, & tamen non licet ob cre
1102 1537 1859 1585 dulitatem probabilem oblatum recipere: etiam a reli-
1101 1583 1867 1642 quo propter similem credulitatem non existente etiam
1102 1631 1862 1683 veritate recipere non licebit. Potest etiam contin
1104 1678 1871 1726 gere quod mutuatarius ex mera liberalitate offerat:
1097 1716 1861 1768 & mutuator hoc idem probabiliter credat, illud sibi
1099 1760 1859 1810 taliter offerri: sed ex imprudentia mutuans non
1107 1806 1862 1856 vult illo titulo oblatum recipere: sed hoc titulo
1098 1851 1868 1897 inutili scilicet vt precium mutuationis: nolens vt
1095 1897 1868 1946 donum purum recipere: tunc mutuator peccat reci
1111 1943 1862 1993 piendo, nec hac via acquisiti acquirit dominium:
1095 1981 1870 2035 quia ad donationem non sufficit consensus liber
1099 2030 1859 2087 in donante: sed cum hoc requiritur quod donatarius
1101 2072 1858 2121 illud vt tale donum recipere velit. Exemplum in si
1101 2115 1868 2167 mili. si Sortes Platoni mittat equum dono: & Pla-
1101 2160 1862 2213 to in itinere equum a nuncio rapiat volens ipsum ca
1104 2207 1861 2261 pere vt spolium nihil sciens de dono, Plato non
1101 2258 1862 2311 efficitur dominus illius equi quamdiu non mutat in
1104 2297 1861 2341 tentionem. secus est si postea intentionem mutet
1089 2340 1858 2386 accipiendo equum a Sorte missum tamquam verum donum.
1099 2379 1859 2432 In his autem receptionibus praesupponimus circumstam
1104 2422 1855 2479 tias in secunda quaestione recitatas, & potissimum quod
1107 2471 1868 2521 homo suae famae sit memor: & non scandalizet
1095 2514 1865 2561 alios: secundum doctrinam Apostoli primae ad Thes-
1102 2560 1865 2613 salonicenses. v. Ab omni specie mala abstinete
1114 2603 1850 2662 vos. Nam potest contingere quod mutuans sibi affectus
1094 2638 1863 2700 nimis facile assentiat mutuatarium dare sibi ali-
1113 2695 1856 2749 quid puro dono: quando tamen inuitus dat ei. & propterea in
1107 2737 1868 2788 confessione debet circumstantias confessori pru-
1101 2777 1868 2844 denti propalare: vtpote si verbo vel gestu dedit
