2286 3303
246 320 1016 380 pignorationnis) quia si pignus ad mutuantem de
240 375 1016 425 iure spectet: vel quia habet proprietatem in pignore: &
240 416 1004 461 mutuatarius dominium vtile: iam non est vera ratio
244 456 1004 508 impignorationis: & hoc cum interesse & poena suf-
247 504 1013 563 ficienter in quaestione praecedente exclusum est: quia po-
243 543 998 596 nimus quod fructus in sortem non supputet: nam si illos
246 590 1007 639 supputet potest fructus colligere: vt dicitur Leuitici
244 636 1004 690 xxv. & de vsu. cap. i. quia sic per fructuum collectionem
253 683 1007 732 annuam sors attenuabitur: sic scilicet vt in fine vigesimi an
240 725 995 771 ni teneatur restituere pignus. & hoc si vltra labores
247 765 985 824 & impensas & sortem colligat: quia hoc est commune qui
238 819 1006 873 expensae quae fiunt gratia fructuum colligendorum &
241 858 994 906 conseruandorum a malae fidei possessore: deducant
249 901 1001 951 vt patet de resti. spolia. c. Grauis. Probatur. conclusio
244 942 995 989 lam capit lucrum extra sortem vi mutui: quia nulla alia
240 988 994 1045 ratione accipit vt suppono. ⁋ Tertia conclusio. pEr
241 1032 995 1076 fatus casus in titulo quaestionis propositus cum circum
244 1074 1010 1124 stantiis qua in praedicto casu addi solent: non est vsu
240 1125 1003 1177 rarius: sed est vera emptio annui redditus probatur.
243 1166 998 1215 nullo modo est mutuum: ergo est alius contractus
243 1208 995 1265 & non nisi emptionis: ergo est vera emptio. quod non
235 1253 1001 1304 sit mutuum, probatur: vel hoc esset quia apud vul
253 1296 1001 1361 go loquentes vocatur mutuum: vel ob aliquid aliud-
247 1341 1004 1388 sed nec hoc nec illud, igitur. Non secundum vt in
240 1389 1009 1440 prosequutione probabit, nec primum. nam. iiii. Re-
240 1440 1009 1485 gum. vi. quidam comodato acceperat securim a pro-
244 1475 1001 1525 ximo: & tamen dicebat Heliseo. Heu heu domine mi, &
253 1524 1001 1570 noc ipsum mutuo acceperam. modo securis non erat
234 1560 1003 1618 res vsu consumptibilis: ergo non erat mutuum. &
240 1606 1000 1652 iiii. Regum. iiii. Heliseus dixit viduae. Vade & pete
243 1648 1006 1709 mutuo ab omnibus vicinis tuis vasa vacua non pau-
243 1707 997 1753 ca. & de, hoc crebro est sermo in scriptura sctam: vt Lu
240 1735 1004 1792 cae sexto. Commoda mihi tres panes. & tamen in
244 1787 1010 1840 panibus est mutuum. & modus loquendi contin
256 1827 1004 1883 gere poterat, quia forte in hebraeo idem terminus, li-
234 1874 1012 1925 cet aequoce. comodationem & mutuum importat. isi
241 1915 1001 1963 cut crebro in lingua gallica & britannica euenit.
240 1961 1004 2008 ergo si ex parte obiecti concluditur aliquis contractus esse
243 2002 1006 2052 alius quam noinetur: idem erit ex parte circumstantiarum: cum
241 2049 1000 2097 circa idem obiectum non modo specie sed numero
240 2086 991 2140 dentur virtutes specie distinctae, & vitia simite. secundum
243 2132 1000 2183 Hilarium. & habetur de verbo. sig. ca. Intelligentia. vbi
244 2175 1004 2227 scribitur. Intelligentia dictorum ex causis est assu-
241 2221 1001 2287 menda dicendi: quia non sermoni res sed rei est ser-
240 2266 992 2315 mo subiectus. Semper enim debemus attendere inte
240 2313 995 2364 tionem loquentis & non verba. itur. de ver. sig. l. Nepos
234 2356 994 2413 Proculo. &. it. de reg. iu. Seper in stipulationibus ad
244 2405 1007 2456 causam dicti recurredum est. que accum. Cum dilecti.
234 2443 997 2493 & Augustinus in libro de duabus animabus ait. Non est
234 2487 1001 2542 facienda controuersia in verbis cum res constet.
246 2530 992 2580 Stat ergo quod vocetur mutuum a loquentibus & non
234 2579 994 2625 sit mutuum. Haec enim consequentia non valet: vocatur
238 2618 1004 2677 a vulgo hic contractus mutuum: ergo est mutuum. Stat
243 2665 991 2723 ergo oppositum consequentis cum antecedente quod non
241 2718 1004 2773 est mutuum: & tamen vocetur mutuum. sicut non sequitur
1096 321 1856 377 iste vocatur leo: ergo est leo. vel ego vocor ma-
1092 372 1859 415 ior vel magnus: ergo sum talis. ⁋ Insuper ratione
1080 413 1846 461 argumentor. hic contractus habet aliquid repugnans
1089 460 1838 514 cotractui mutui vel contra eius substantiam: ergo
1083 505 1852 550 nullo modo est mutuum. Tenet consequentia: quia
1087 548 1850 597 licet vnus contractus possit habere aliquid praeter suam
1080 591 1847 642 naturam: non tamen potest habere aliquid contra suam
1086 636 1853 682 substantiam: & sibi repugnans. Assumptum pa
1083 678 1843 728 tet: quia in mutuo mutuatarius est obligatus restitue-
1086 726 1850 772 re sortem: in isto autem contractu qans agros &
1087 767 1862 820 recipiens pecuniam nullo modo est obligatus re-
1087 810 1856 858 stituere sortem a communi hominum consuetudine, sed potest
1086 852 1852 903 redimere quando restituit sortem: hoc est: datur ei facul-
1087 895 1852 952 tas vt iterato ematquando vult quod mutuatarius sit obli
1074 942 1849 1003 gatus restituere sortem, quod patet, quia est plus ciuiliter
1080 993 1843 1046 mutuanti obligatus quam donatarius donatori qui na
1083 1034 1847 1078 turaliter ad vicissitudinem obligatur. Si ergo mu-
1087 1075 1841 1121 tuatarius plus ciuiliter mutuanti obligatur: mutua
1080 1120 1846 1176 tor habet contra eum actionem: quia obligatio ciuilis
1080 1162 1856 1216 est mater actionis. modo non videtur alia actio ni
1084 1207 1844 1258 si ius repetendi sortem: & ad hoc in foro contradi
1081 1249 1844 1301 ctorio cogetur. Et quia de donatione incidit ser-
1074 1295 1856 1347 mo: patet ratio per simile. si darem mutuo tibi. xx.
1080 1338 1852 1397 aureos nummos ea lege vt eos abs te nunquam repetam
1080 1390 1843 1445 nec eris mihi obligatus eos restituere nec aequa-
1083 1427 1852 1472 lens: nec aliquid loco eorum. Quamuis enim ille vocet con-
1074 1471 1847 1522 tractus mutui: in re tamen est pura donatio. Cum
1081 1517 1844 1566 enim liberaliter scu gratuite tibi. xx. aurei tradantur
1083 1562 1837 1607 & ciuiliter: non es obligatus restituere aliquid loco
1080 1605 1838 1656 eorum. Sed quia in proposito additur illa circumstantia
1083 1648 1843 1703 pignoris, & perceptio fructuum receptorum: non
1080 1697 1847 1754 potest esse donatio, nec est impignoratio proprie
1081 1738 1853 1792 dicta: quia licite colliguntur fructus quos colli-
1077 1779 1847 1834 gens non computat in sortem: & pignus in manu
1081 1827 1850 1876 domini perit. sed hic si vocatum pignus pereat con
1086 1870 1828 1930 suetudine hominum: mutuans nihil aliud vnquam
1082 1908 1837 1964 habebit a mutuatario: ergo dominium rei est in ipso eme
1080 1962 1844 2009 te vel vocato mutuante. Nec videtur aliquis alius con
1074 2007 1844 2051 tractus dabilis quam emptionis: ergo est contractus
1083 2045 1835 2093 emptionis. ⁋ Praeterea. si sortes dicat platoni: emo
1077 2090 1850 2140 abs te ius recipiendorum quotannis quinque scutorum dam
1084 2134 1856 2196 do tibi mille scuta tamquam praecium mercis emptae: & dam-
1084 2178 1838 2225 do tibifacultatem redimendi illud ius, cum mille de-
1083 2218 1841 2278 deris, & plato consenserit: nemo dubitat quin ille sit
1083 2270 1840 2317 contractus emptionis licitus. ergo si Titius dicat
1077 2308 1837 2356 Meuio. Meui mutuo tibi mille aureos irreuocabi
1079 2353 1825 2400 liter nisi redimere volueris, ea lege vt quotannis. l
1080 2398 1841 2455 recipiam dando tibi facultatem ius illud extinguendi cum
1084 2445 1841 2490 mihi mille meos scilicet capitale vel mutuum dederis. &
1075 2488 1835 2535 Meuius assentiat. Tunc sic. prior contractus est licitus
1084 2528 1835 2580 ergo & posterior. tenet consequentia, quia solo nomine
1072 2581 1832 2629 a priore distat. nam personae contrahentes sunt eaedemsone.
1074 2621 1834 2668 vel pone quod sint eaedem numero, hos duos contractus fa
1078 2664 1835 2718 cientes: pecuiae & ius recipiendi similes & pacta. cum quibus
1074 2701 1840 2777 res & pecuniae sunt transsatae, sunt eadem: igitur contractus sunt
