2306 3308
516 306 1280 359 Dicis forte. eiecit a se onus humeris Adae & poste
517 353 1274 404 ritati toti iniunctum, In sudore vultus vesci pane-
517 396 1285 444 nec bene deseruit in corpore mystico. Nam rex vi-
516 445 1289 492 gilat pro vtilitate communi temporali: pro seruanda pace inter
522 492 1277 545 subditos: & ad expellendos hostes: episcoi pro spiritualibus:
513 532 1287 586 religiosi orant: mendicantes sunt materia habendae
526 580 1282 635 virtutis, & ab eis emitur regnum caelorum. mercatores
510 626 1279 678 deferunt merces ex vna regione ad aliam & reipu
513 665 1283 722 blicae conducunt. isti autem ducunt dies in ocio. Con-
521 706 1273 768 tra hoc argumentor. isti praebent fomentum deferendae
510 753 1289 805 mercis de regione in regionem. alii enim si non haberent
522 797 1279 845 pecuniam ab istis: merces non transueherent: cum cre
511 844 1285 896 bro eis desint pecuniae: & mercantes ex eis assequum
522 882 1283 931 tur lucrum: alioquin non caperent mutuum ab istis.
520 928 1276 977 ltem da: quomodo campsores laborant plusquam isti? aut il-
508 973 1281 1032 le qui mittit famulos suos de regione in regionem:
507 1020 1288 1069 & ipse domi quiescit: Dicis. habet sollicitudinem ven
519 1062 1282 1116 dendi, emendi, & transportandi. sic iste habet sol-
522 1107 1280 1164 licitudinem rehabendae pecuniae: reperiendi merca
516 1153 1279 1201 torem fidum: & si interdum mittat merces ad regionem
517 1197 1284 1253 aliquam: iam laborat. Insuper quo modo laborat
512 1240 1292 1294 dominus talis quolibet die non prohibito transiens ad ve
513 1291 1275 1341 nandum / non homionus vxorem & liberos: omnem solli
511 1335 1280 1378 citudinem dans suo oeconomo seu senescallo fami
516 1371 1276 1428 liae Platoni: ab eo nullum commodum recipiens? lste igiur
522 1420 1273 1465 mercator non viuit in peccato: quia satis labora s
516 1467 1280 1520 domi circa vxorem & familiam regendam. ⁋ Et
516 1506 1286 1555 sic stat tota quaestio ab exordio mota: quare iste mer
516 1554 1274 1610 cator videns duas vias viuendi de sua pecunia / sci
510 1595 1276 1646 licet mercandi: vel mutuandi & capiendi ratione
511 1642 1276 1691 interesse: relinquit priorem viam secundae adhaeren-
519 1687 1280 1737 do. quia ponitur quod iste intendebat mercari: & mer-
514 1732 1286 1789 catus fuisset si mutuatarium non reperisset dantem
519 1772 1288 1822 sibi ratione interesse. Dices forte. nihil capit ratio-
508 1823 1277 1877 ne interesse cum proponat vitam totam sic transige-
513 1862 1282 1914 re & nunquam mercari. secus est de illo qui semel dat
510 1912 1277 1964 mutuum: & ratione interesse capit pecuniam intendens
516 1951 1286 2003 alias mercari. Hoc non sufficit: quia ponatur quod de
519 1999 1285 2049 nunquam mercando nihil cogitauit: vel si cogitauit non
510 2039 1291 2092 deliberauit: & respirat. vtrique enim videt periculum:
520 2080 1276 2133 & capitale hic interdum extinctum ob inopiam mu-
523 2132 1280 2181 tuatarii: sicut in mari vel terra. ergo nihil probas con
507 2178 1277 2232 tra illum qui nihil deliberauit: vel contra illum quod
505 2226 1287 2278 aliquas merces mittit ad mercandum: quia nunc per
508 2267 1277 2312 istam pecuniam ipse mer caretur: nisi virum reperiret
513 2311 1279 2356 qui hac pecuniam quaerit. Nec lacerat suam fama: cuius
522 2354 1282 2400 ndicium est quod alius istum quaerit, & non iste alium.
520 2393 1277 2453 Etiam aliquis licite volens mercari potest adire soci
522 2442 1270 2492 um pecunia egentem: dicendo se esse paratum mer-
517 2485 1279 2532 cari. sed si posset morem gerere alteri: libenti animo
514 2523 1281 2581 se id facturum dummodo det alius ratione interesse tantum
520 2572 1277 2624 quantum lucrari poterit. Sed si plurimum istd fa
514 2620 1283 2674 ceret, esset de isto vehemens praesumptio quod non in
510 2659 1283 2717 tenderet mercari: sed sub vmbra vsurae id faceret.
514 2700 1284 2775 Nos autem ponimus quod alius venit ad istum dicens
1356 308 2120 356 ei. sic mutuantes quaerunt & quaeruntur: proficiscuntur
1351 354 2111 402 in regiones remotas vel ad eas mittunt. Contra
1357 393 2120 446 dum hoc facit semper est paratus mercari si virum
1359 448 2125 500 egentem non reperiat cui vult humane suam pe-
1363 488 2129 540 cuniam mutuare, in lucrum mutuatarii & in lucrum
1362 533 2119 591 proprium. Forte dicis. in his vbi est interesse requi
1357 588 2129 629 ritur quod mutuator malit vel ita libenter velit mer-
1362 624 2119 673 cari vt mutuare & non libentius. modo iste libentius
1366 671 2116 717 vult mutuare, quam mercari. Contra. antequam superuenii
1357 712 2111 768 mutuatarius: mutuator erat indifferens ad vtrumque
1357 756 2120 807 sed quando vir mutuat, illud libentius vult quia
1360 805 2126 848 in illa partem descendit. sic est hic interdum. Non va-
1360 845 2113 895 let dicere quod hic faciendi modus est securior quam mer
1363 888 2116 938 catura: & per consequens homines si istud licite fieri
1365 931 2123 991 potest, relinquent mercaturam huic viae adhaeren
1365 978 2113 1034 do. quia lucrum in terra est securius quam in mari: &
1363 1025 2114 1069 tamen est licitum: nec propterea nulli erunt merca
1365 1071 2120 1120 tores. Fodem modo in proposito: quia iste modus
1361 1111 2122 1168 dandi pecuniam sic mercatores dilatat. Et iterum
1368 1155 2117 1207 sic argumentor. sint sexies nundinae, seu vt dicunt,
1366 1198 2129 1249 sex indicta in anno: vnum pro lanuario & Februa
1363 1247 2126 1294 rio Lugduni: secundum pro duobus mensibus Ro
1362 1289 2123 1336 thomagi. & sic per annum. tunc sic. Sortes Pari-
1357 1334 2125 1378 siensis intendit adire omnia ista indicta annue: &
1360 1378 2123 1433 sic viuit & vixit annis octo vel decem praeteritis.
1375 1419 2120 1476 pso volente in lanuario adire Lugdunum: super-
1365 1470 2134 1515 uenit Plato petens ab eo mille aureos quos vole
1366 1508 2126 1558 bat expendere dans tantum lucri sorti quantum lu
1374 1558 2122 1605 craretur in illis indictis supra sumptus / discrimen-
1369 1599 2132 1653 & labores famuli: sortes licite capit sexaginta vl-
1356 1642 2120 1693 tra sortem. Veniat praeterea Cicero in secudis duo
1362 1687 2125 1737 bus mensibus: videtur posse tantundem capere. & fic
1366 1732 2120 1782 a loanne. & si sic: toto hoc anno & omnibus annis
1360 1777 2122 1824 futuris. Dices. licet coram deo non committat vsu
1356 1822 2131 1878 ram: tamen patitur suam famam corrodi sub pal
1363 1865 2119 1923 liatione vsurae: quia licet actum de se licitum fecit
1362 1911 2114 1960 non tamen licito modo. Contra. potest iste decla-
1362 1953 2120 2006 rare suam innocentiam aliis, & eos non scandali-
1360 1998 2117 2052 zare. Ecce casum vt in praxim ducitur seu practicatur,
1368 2048 2119 2106 propositum: motiuis impresentiarum mihi occurren
1365 2085 1629 2148 tibus coloratum.
1375 2143 2119 2226 ⁋ Respondetur quod casus est illicitus:
1366 2223 2107 2271 & modus sic viuendi est periculosus / inhonestus / & ab omni
1357 2267 2114 2316 prudenti viro excutiendus, nec capit pecuniam vltra
1359 2313 2120 2358 sortem ratione veri interesse. nam ad verum interesse non
1353 2356 2119 2405 sufficit hoc propositum vniuersale: vellem mercari si
1365 2402 2124 2450 non reperitem hanc viam: sed quia eam inuenio / tam
1357 2444 2120 2508 quam securiorem accepto negociatione relicta: sed requi
1356 2491 2123 2542 ritur quod proponat nunc in particulari negociari,
1356 2528 2128 2583 forte requisitus ab alio capere tantum quantum ve
1351 2580 2114 2638 rosimiliter lucraturus est iudicio prudentum vltrum
1357 2617 2129 2671 labores & expensas: & quod libentius vel ita libenter
1345 2666 2120 2717 saltem vellet negociari vt mutuare & capere ali
1357 2719 2130 2770 quid ratione veri interesse: & nisi pietate motus suc
