2340 3348
535 309 1297 372 enim est ratio quare calcifex vel pictor possit cape
540 365 1308 416 re precium pro arte & labore suo / & mercator non: ob
541 410 1304 466 ingentem sollicitudinem & pericula quae passus est per
540 455 1307 502 terras / per mare. Ecclesiasti. xliii. Qui nauigat mare
545 500 1316 550 enarrat pericula eius. omnia autem ista aestimabilia sunt
555 545 1309 600 pecunia. sepe enim mercator magnam pecuniae molen
555 591 1313 644 daret pro euitandis periculis: tam in corpore ne sub
547 635 1310 685 mergatur / quam in mercibus: cum tribus digitis vix ab
553 681 1315 728 aqua distat: nunc in altum: nunc in praecipitium flucti-
549 723 1303 770 bus oceani vel maris mediterranei agitatus. hostes
549 766 1312 818 insuper & piratas timent. Quapropter vbi plus est
553 813 1304 866 periculi si mercator euadat / plus capere potest caeteris
546 852 1303 911 paribus: & si sine sua culpa magnam partem bonorum
546 904 1301 950 amisit vel est abductus captiuus: plus capere po-
553 946 1316 996 test pro rebus suis. ratio in omnibus est. quia mercato-
552 988 1309 1037 res ex quaestione praecedente sunt reipublicae vtiles.
543 1035 1306 1090 Porro rex prudens vel respublica deberet dare mei
550 1081 1307 1124 catori expensas cum lucro pro sollicitudine / industria / la
541 1119 1315 1168 bore / periculis: vt se & suos alere possit. sed cum nul
556 1166 1319 1216 us ei dat: potest tantum licite capere a republica & a
556 1208 1322 1263 tota multitudine cui vendit. indigentia enim huma
553 1255 1310 1306 na est naturalis mensura commutabilium. v. Ethicorum. Indi
540 1300 1321 1354 gentia inquam multitudinis & non indiuidualis. quia
543 1341 1310 1397 nisi sic: pauper posset notabiliter vendere carius quam
550 1384 1312 1436 diues: quod non oportet. indigentia enim rerum est non so
554 1435 1310 1480 lum quo ad naturam sed etiam quo ad statum. ⁋ Ex isto
549 1477 1322 1527 sequuntur propositiones. Prima. tempore veris & autu
552 1519 1321 1567 mni sortes ingrediens mare plus lucri capere potest
547 1561 1325 1621 quae nauigans in aestate caeteris paribus. sicut enim dicit
555 1603 1327 1658 Aristo. iii. Meteororum, tunc fiut maiores venti. Dixi
556 1657 1315 1713 caeteris paribus. nam stati tunc ducuntur vento ad portum
555 1702 1321 1757 si ventus sit propitius: & hostes vix se discrimini ma
546 1748 1318 1791 ris audent exponere. sed in aestate plurimum morantur: &
546 1788 1318 1837 sic caetera sunt imparia. Secundo sequitur quod naui-
546 1831 1321 1888 gans a Depa ad Vlixbonam vel Londinum plus lucri
546 1876 1310 1930 cape potest quam petens Mediolanum vel Trecas caeteris
550 1923 1322 1977 paribus. patet: quia plus periculi est & anxietatis. Ter
559 1964 1313 2020 tio sequitur quod prudens mercator plus lucri capere
571 2007 1319 2059 otest quam imprudens probatur: quia si vterque deberet ha
549 2052 1309 2104 bere stipendia a republica: plus daretur prudenti ne-
555 2097 1320 2152 gociatori quam imprudenti: & cum nemo ei det: capit
555 2141 1318 2195 ipsemet. Quarto sequitur quod mercator cui fortuna
555 2192 1324 2240 arridet & cuius bona prospere ad portum accedunt:
558 2236 1322 2283 minus potest capere quam ille qui multa bona amisit.
552 2279 1312 2332 quod probo: quia aequaliter pro republica (hoc suppo
561 2319 1315 2376 no) laborarunt. prior multo plus habet quam alter: & est
552 2373 1322 2419 ditior in decuplo: aequaliter exposuerunt. suppono
559 2412 1313 2469 caetera que corollarium promouent: hoc dempto quod
562 2454 1319 2504 vnus passus est sine sua culpa naufragium bis vel
559 2497 1318 2559 ter in bonis. Quinto sequitur. licet minus negociam
556 2538 1307 2602 do homo lucretur per terram quam mare: tamen securius
565 2589 1319 2637 ucratur in terra. propterea apud nostrates mariti-
564 2633 1313 2680 mos prouerbialiter dicitur. osculandus est denarius
549 2671 1310 2732 in proprio acquisitus. & nimirum totiens bona proxi-
563 2721 1313 2789 morum perdita: & submersos vicinos vident. Sexto
1374 319 2153 368 sequitur quod merx extrinsece melior efficitur ex hoc
1389 368 2146 425 quod similes merces pereunt, quod patet: quia tunc est
1387 411 1580 474 penuria eius.
1392 463 2156 548 ⁋ Sed contra ista nouissime dicta &
1393 546 2153 599 tonclusionem principalem de emptione in quaestio
1380 592 2150 637 ne praecedente nonnullis instabimus rationibus. se-
1392 628 2146 681 quitur ex dictis quod cui nauis sine culpa sua est fra
1380 675 2146 723 cta & pene omnia bona consumpta: qui decies mille au-
1393 718 2141 779 eos amisit: possit capere decem scuta pro vno pileo-
1392 769 2153 821 vel pro horis nostrae dominae. hoc est inconveniens. igitur.
1396 808 2144 855 patet sequela: quia si esset conductus a rege: tenerei
1395 855 2144 908 ex dare ei decies mille scuta: & tantum potest cape
1408 897 2153 945 er dicta a republica: & nihil habet vendibile nisi
1390 937 2153 987 has paucas merces: ex quibus non habebit suum.
1383 984 2146 1033 ldem est iudicium de illo qui triticum vel alias mer
1392 1029 2144 1075 ces habet pro republica custodiendas: cuius domus
1387 1072 2162 1120 est sine sua culpa exusta. Forte dicis. sit cautior in
1395 1124 2143 1173 posterum lucrando: & sic perditum recuperabit. Coni
1390 1166 2150 1210 tra. stat quod ex hoc naufragio iste passus sit irrecu-
1395 1207 2152 1261 perabile damnum. ⁋ Respondetur. si ille mercator
1404 1253 2147 1309 venderet regi: apparet mihi prima fronte conceden-
1392 1294 2152 1360 dum quod posset ab eo capere tantum quatum amisit: &
1398 1345 2149 1399 vltra hoc moderatum lucrum: & per consequens posset
1388 1388 2156 1450 capere ab eo decies mille scuta & vltra pro pectine
1392 1429 2146 1478 eburneo vix in foro valente quatuor solioos. Qua
1383 1479 2156 1530 re prima fronte) dixerim mox apparebit. ⁋ Con
1386 1519 2147 1571 tra hoc argumentor. sequeretur quod quilibet laborans
1399 1564 2158 1612 pro vtilitate reipublicae cuius bona sine sua culpa
1387 1612 2159 1664 sunt amissa, proportionabiliter posset capere a rege
1393 1653 2153 1699 secundum iacturam quam facit: & sic vendendo ei vnam
1386 1698 2160 1756 acum posset Plato ab eo decies mille scuta accipe
1396 1738 2153 1801 re. Similiter quando aliqua magna vrbs aliquo ca
1392 1782 2152 1836 su inopinato sine culpa inhabitantium esset exusta:
1398 1831 2152 1874 nhabitantes vendentes folium papyri regi pos-
1395 1875 2143 1921 sent capere valorem totius vrbis: & sic regi nihil re
1389 1918 2149 1965 linquerent. In super si solutio esset vera quilibet pos-
1399 1963 2152 2009 set habere actionem contra regem vt sibi suam iacturam
1399 2010 2153 2067 quam pro reipublicae vtilitate perpessus est compen
1393 2056 2153 2109 set: in qua rex succumberet. Illud non est verosimile
1402 2098 2154 2151 quia iandiu fuisset attentatum a mercatoribus si il-
1389 2141 2157 2202 lud putassent. Sed ad hanc rationem dicetur: quod aliquis
1383 2183 2147 2234 interdum potest vendere alicui aliquid aliquo pre
1386 2232 2149 2290 cio: & non potest eum ad hoc cogere. Praeterea. rex non
1393 2274 2146 2321 dedit eis commissionem specialem vt mercarentur: sed
1393 2318 2153 2367 a seipsis missi sunt: ergo ad nihil tenebitur rex sed
1387 2364 2147 2419 sibiipsis imputent: & sint cautiores in posterum.
1386 2409 2144 2455 ⁋ Propter has rationes teneo quod rex non tenetur eis
1399 2455 2147 2503 uccurrere in tanto quaetum perdiderunt. cum enim ni-
1387 2497 2159 2542 hil de lucro plus quam aliis ei communicent: quare par-
1396 2541 2140 2590 ticipabit cum eis in damno & non in lucro? Et nego
1395 2584 2149 2647 quod mercator de quo est mentio in argumento. pos-
1389 2634 2156 2680 sit vendere pectinem signatum decies mille scutis
1386 2670 2150 2720 regi: licet multo carius ei quam alteri. Sed contra. in hac
1381 2720 2146 2776 distinctione superius recitauimus quod filii quorum
