2318 3326
273 293 1036 362 parentes pro defensione reipu. in bello occisi sunt, a re
283 359 1027 406 publica sunt alendi. modo isti non minus reipublicae
270 397 1030 445 sunt vtiles quam pugnantes in bello pro patria. Respondeir
271 445 1028 492 dupliciter. Primo. illa est lex positiua huana & non diui
276 483 1028 534 na vel naturalis: & non est sanctio super isto lata. Se
271 527 1025 579 cundo pugnare in formidando bello pro reipu. vtili-
283 574 1033 625 tate, est difficilius. Propterea tertio ethicorum dicit
276 617 1036 669 Arist. Fortitudo non est circa omnia pericula: quia non
276 668 1027 715 circa pericula maris. Idcirco vt homines ad illum actum
276 705 1033 760 fortitudinis difficilem pro defensione patriae allicerentur
270 745 1024 808 prudenter est haec lex lata. similis autem lex hic esset inutilis
282 793 1030 853 uia daretur occasio mercatoribus prodige viuendi & si-
271 842 1024 893 ne sollicitudine: postea efficturis contra rempu. cans in
277 880 1027 930 utiles. sed vbi quis in bello fortiter pugnans occiditur
276 925 1028 977 non est mala praesumptio. Vicini autem & potissimum com-
276 968 1027 1016 sanguinei mercatoris de quibus loquuti sumus, in pri-
264 1013 1030 1064 cipali deberent ei suffragari eum releuando: & ipse si est
274 1063 1024 1105 prudens lucrabitur postmodum eis redditurus. Si vero
267 1105 1021 1153 aliquam bona in mediocri quantitatem mercatori relicta
273 1146 1039 1208 fuerint: potest ex illis omnibus capere suae iacturae releua-
268 1190 1028 1239 men: vt pro pileo qui ab aliis veditur decem, duodecim: &
280 1235 1030 1288 sic de multis aliis rebus minutis: quousque totum suum
276 1281 1024 1333 damnum a tota repu. cui fideliter inseruit, vtcumque recu
273 1322 1030 1380 perauerit. Hoc enim quilibet aliorum debet velle: siue
264 1365 1040 1424 carius ad tempus vendat, siue non / nihil refert: quia non ca-
282 1414 1034 1463 pit ratione dilationis temporaneae, sed ratione interesse. Et
277 1454 1037 1504 terum patet: quia tempore caritatis mercator prudenter emens
270 1505 1030 1554 vt sit reip. vtilis, si superueniat ex alio loco inopina-
267 1546 1031 1605 ta vbertas quam prudes non cogitasset: potest aliis ca-
261 1583 1028 1639 rius vendere: quoddam temperamentum secudum praecium &
267 1635 1036 1687 suam iacturam tenendo. Et ex illo sequitur, quando irrepara-
261 1672 1039 1744 bile damnum quis patitur nisi ei suffragetur, boni vicini
277 1720 1025 1770 beneficiati & naici debent ei donare & dare mutuo
271 1765 1033 1820 ad tempus vt ab inopia releuetur. & potest esse sic praessus
276 1810 1024 1864 & tales circumstantiae occurrere possunt: vt sub poe
264 1856 1024 1902 na mortalis peccati multum grauis teneantur. huic etiam
262 1896 1034 1946 bona ecclesiae debent applicari: esto ecclesia sit in re-
268 1945 1042 2001 paratione: & serius perficiatur. Vnum enim est templum
262 1995 1033 2040 dei materiale: aliud templum dei viuum. ⁋ Sed contra
264 2027 1041 2080 istud arguitur. per solutionem datam habens aliqua
267 2077 1031 2131 bona & multa amittens potest carius vendere sua bo-
258 2123 1027 2172 na quam alter: ergo licet transcendere totam latitudi-
264 2167 1037 2220 nem iusti praecii contra dicta in quaestione praecedente. verbi
261 2210 1039 2267 gratia, pileus iste secundum iudicium prudentum merca
264 2254 1027 2317 torum nihil valet vltra decem: & iste vendens capit. xii.
270 2299 1033 2351 ergo totam latitudinem iust i praecii transcendit. ltem hac
265 2348 1025 2393 via datur palliatio dolosis viris qui dicent se capere
265 2392 1028 2442 vltra commune praecium ratione rerum perditarum. ⁋ Ad pri
264 2434 1039 2490 mum respondetur quod dicta in praecedente quaestione intelliguntur
258 2479 1025 2532 extra hunc casum & similes. et si diuites emptores to
261 2521 1033 2573 tum negocium cognoscerent: vellent ita ab eo emere con
262 2563 1040 2619 tenti singuli parum perdere vt iterum ille releuetur, saltem sic
268 2613 1017 2670 velle debent: quid ei sufficit. Ad secundum negatur quod
268 2656 1019 2704 detur eis via palliandi: quia supponimus ita esse in re
270 2704 1033 2761 veritate. Si quis enim ex sua negligentia omnia sua
1111 305 1879 350 bona amisit: non potest ita vendere vt dicimus:
1110 350 1870 399 quemadmodum rex nihil ei daret, sed eum puniret.
1117 398 1868 456 vel si sit diues non potest sic vendere. ratio est: quia si
1115 444 1864 496 cut nunc multa in naufragio amisit: ita alias plurli
1102 490 1874 545 ma mercando lucratus est. Recompenset itaque lucrum
1108 526 1323 583 cum damno.
1105 576 1880 665 ⁋ Secundo supposito tali casu. est caua
1099 657 1874 708 ritas tritici Londini ita vt a. mensura tritici valeat
1111 698 1865 755 decem. sortes hodie a Depa se appellit ad Londinio
1102 744 1874 801 rum pontem: sed plurimas naues scit a finibus Nor
1107 792 1880 840 manniae crastina luce Londinum venturas: ob quas iu
1114 831 1874 883 dicat a. mensuram cras non valituram vltra octo.
1114 876 1868 933 Arguitur sic. Sortes hodie vendit a. mensuram tri
1101 921 1882 971 tici decem Londini: & non peccat per conclusionem
1104 971 1876 1022 quaestionis praecedentis: cum vendat in latitudinem iusti
1113 1014 1870 1062 precii hoc die vsitati seu currentis. Quod si concedas
1113 1054 1879 1113 cum sancto Tho. arguitur sic. iudicat quod cras praecium
1113 1100 1871 1150 erit. viii. propter aduetum similis mercis: & decipit
1108 1142 1867 1191 emptores: quia si hoc scirent nollent sic emere. Forte
1108 1187 1879 1232 dicis, non refert de praecio subsequentis diei. & ratio
1110 1232 1867 1289 est: quia hodie vendit mensuram a. vt decem secundum
1110 1275 1859 1335 praeciu currens: & stat ob casum inopinatum quod aliqo
1105 1324 1880 1372 multa bona habentes occulte ea venditioni expone
1104 1365 1876 1411 tes facient praecium minui cras ad octo. tunc cras
1101 1407 1877 1456 non licebit vendere vltra octo: nec venditio hu-
1105 1456 1874 1509 ius diei vt. x. propter nouam mutationem subsequen-
1110 1498 1879 1547 tis diei inopinata vt. viii. redditur illicita. Sed contra
1102 1541 1883 1586 non est idem: quia illic in casu tuo hoc fugit em-
1110 1585 1883 1642 ptorem & venditorem: secus est in casu argumenti. &
1111 1632 1876 1679 est simile. si quis in principio Maii emat. xx. dolia vi
1117 1673 1879 1722 ni: quodlibet. v. francis: & magna pars vinearum ge-
1104 1715 1876 1775 lu (vt fieri interdum illo tempore solet) pereat: adhuc
1117 1764 1880 1814 contractus in die sequenti est licitus: quia enim iste
1110 1807 1873 1857 casus nec a venditore nec ab emptore fuit praesci-
1117 1851 1880 1899 tus homines admittunt ipsum licitum. secus est si astro
1107 1894 1874 1948 logus vt Thales Milesius huius praescius sic emis-
1103 1943 1880 1994 set: quia de hoc vertitur nodus argumenti. vel si eue-
1099 1986 1885 2028 niret quod sub Heliseo propheta in obsidione Sama-
1111 2030 1874 2081 riae euenit, tempore quo quarta pars cabi stercoris colun-
1111 2074 1873 2122 barum (hoc est granorum comestorum ab eis & reperto
1107 2120 1871 2171 rum in earum pectore & stomacho) quinque argenteis ven
1110 2163 1867 2210 debatur. vt scribitur. iiii. Regum. vi. & postridie eius dies
1098 2207 1871 2255 modius similae vno statere vendebatur. Respondetur. istud
1105 2251 1865 2297 non vinceret responsionem datam: quia dicetur quod non re
1111 2296 1871 2349 fert siue venditor sit praescius alterius praecii siue non
1116 2341 1870 2398 dummodo secundum latitudinem praecii fori in tali lucro
1109 2384 1864 2437 consueti seu currentis vendat. ⁋ Sed contra hoc arguitur
1109 2434 1859 2487 sequaeretur quod si Parisiis vinum esset carum: & aliquis sciens
1109 2475 1865 2528 vinum esse abundans in Burgundia / vel in loco propin-
1114 2515 1865 2577 quo vrbi Parisiensi: posset vendere vina secundum prae
1110 2563 1864 2614 cium currens Parisiis. Dico si sciat quod notabiliter di
1103 2607 1849 2662 minuetur praecium die sequente propter aduentum nauium v
1104 2659 1858 2707 no repletarum per Sequanam descendentium: hoc iterum con
1116 2695 1859 2771 cedo. Omnia enim istasunt probabilia. Secus est si quis
