2290 3310
270 231 1023 293 aureos: omnes libri bibliae cum commentariis tui erunt.
264 285 1031 341 tunc autem quousque pecuniam tradideris: ego sum do
274 337 1021 381 minus librorum: & tamen vi pacti teneor tibi vendere
273 371 1022 422 sic in casu nostro emptor manet dominus quousque re
261 414 1027 470 uenditio completa fuerit. ⁋ Quarto arguitur. si potest:
268 470 1027 515 emi redditus. v. aureorum. c. aureis cum conditione ad
268 509 1031 560 iecta de redimibilitate: eadem ratione potest quis emere e
275 552 1024 602 diuerso ius emendi. xx. aureos in proptu cum vno
274 597 1027 651 aureo annuatim soluendo: quia vtrobique est par ra-
274 640 1036 693 tio, scilicet ad illa tria, praecium, merx, & simile pactu. sicut
277 684 1027 732 enim ius emendi quotannis vnum aureum est merx emi
280 729 1025 781 bilis: sic ius emendi. xx. aureos in proptu. ⁋ Re
276 768 1027 827 spondeo consequenter ad notata in prima quaestione prae
279 824 1030 868 cedente: concedendo quod ille contractus sit licitus & vera
278 862 1030 911 emptio. Precium enim est illud ius aurei quotannis
286 904 1040 955 dandi: quod nihil aliud est iuxta illic notata quam aurei
280 955 1037 1006 partialiter dandi. Et nego hoc quid dicunt, quod illd ius
277 992 1036 1046 non est illi aurei nec numisma. simiter nego quod sit quid
267 1031 1031 1089 immobile & incorporale, non stes in hoc quod non sunt
277 1089 1046 1142 quia hoc esset materiam per logicas argutias confun-
277 1123 1036 1177 dere. Quo modo autem sit incorporale, superius diximus.
281 1165 1040 1218 & quia ius communiter est permansiuum: vocatur immo-
271 1219 1033 1264 bile, non enim capimus immobile vt distinguitur contra
279 1258 1039 1311 mobile physice: quia sic nihil nisi solus deus esset in
277 1306 1040 1355 mobile. Et quando dicis Precium debet consistere in certa
278 1355 1049 1399 quantitate pecuniae: Ad hoc dupliciter dico. Vno
282 1396 1045 1442 modo concedendo ita esse, licet nos fugiat: sicut & fi-
276 1438 1033 1488 nis mundi: vel perditio proprietatis in qua hic redditu
286 1476 1040 1528 constituitur: sicut possum capere abs te vnum librum
279 1521 1036 1578 pro omnibus pecuniis in bursa mea: esto me fugiat
286 1567 1039 1620 quantum pecuniarum in ea habeatur. Secundo si haberen
280 1610 1041 1664 infinitos denarios: possem eos omnes dare pro aliqua
291 1651 1034 1707 merce. ⁋ Epilogando patet quod licitus est reddit
291 1701 1045 1751 irredimibilis, no quin consentiente emptore redimi
284 1740 1049 1804 possit: sed quia non potest per legem communem ad vendendum
287 1787 1042 1843 cogi. an etiam pro sua culpa, vel pro reipublicae vtilita
292 1829 1036 1881 te ad hoc possit cogi: pronunc non interest: quia no
303 1875 1045 1931 potest secundum legem commune. Quid contractus redimibi
289 1918 1037 1971 lis: & quod est licitus, & gratiosus si emptor det tar
285 1959 1043 2020 tum venditori vel paulo minus ac si esset irredimibi
285 2005 1051 2059 lis: sed non tantum valet ager vel redditus data condi-
298 2061 1045 2107 tione apud emptorem vt ipse vel sui possint repe-
292 2094 1045 2145 tere quando velint: sicut inter arguendum & in solutione
286 2142 1045 2191 ad primum dictum est. Sicut aut emptor de quo est
298 2184 1052 2237 sermo in secunda conclusione colligit fructus non alie
291 2228 1045 2280 nos sed suos: licet ex agro alterius: quando est emptio
303 2279 1048 2329 redditus in agro fundati: sic venditor vtitur praecio in
298 2315 1045 2370 suam vtilitatem: nec fructus illius pecuniae quae est praecium
288 2362 1051 2416 in parte vel in toto dat emptori. & sicut venditori
297 2414 1051 2462 emptor concedit facultatem redimendi: siue agrum, si-
288 2452 1042 2509 ue redditus in agro fundatos: ita venditor remit.
292 2494 1043 2542 tit aliquid de praecio, vel remittere debet pro illo onere
294 2538 1054 2595 quod emptor incurrit, nec tantum capit ab eo illa condi
288 2583 1057 2628 tione adiecta quantum si redditus esset irredimibilis.
291 2625 1063 2698 Videmus ergo quod aliqua est venditio irredimibilis
1116 231 1864 293 vt patet ex prima conclusione. aliqua etiam est redi-
1107 288 1865 342 mibilis, in qua datur facultas venditori: oblato praecio
1116 337 1871 384 quod dedit emptor ab initio, redimendi contractu. Pa
1110 371 1877 420 ri forma dari potest aliqua venditio in qua daretur fa-
1104 416 1867 463 cultas emptori cogendi venditorem si sibi libeat ite-
1102 459 1865 516 rato emere mercem venditam: sed tunc oportet vt plus
1116 505 1868 556 det venditori ratione illius oneris quod venditor subit
1108 556 1871 605 ad hoc, vt sit latitudo iustin praecii, nisi venditor hoc
1111 593 1865 647 ei rem:ttat. Quarta potest esse emptio in qua vtrique
1113 639 1868 692 daretur facultas, puta venditori redimere mercem
1107 689 1861 739 venditam si velit: & emptori vt cogat venditorem
1101 724 1877 782 iterato emere mercem si voluerit. semper supponi
1111 769 1882 819 mus quod teneant latitudinem iusti praecii secundum prudentum
1116 816 1877 866 discretionem: sic scilicet vt minus detur pro merce cum one-
1113 860 1871 915 re quam sine onere: & seruetur aequalitas inter onera:
1113 912 1880 958 vel si venditor plus habeat de onere quam emptor:
1116 951 1877 1003 emptor tenebitur ei refundere in pecunia vel aequi-
1117 990 1870 1041 ualente, & econverso. Post epilogationem factam ponem
1113 1036 1883 1086 tur determinationes duorum summorum Pontificum: scilicet
1106 1078 1886 1127 Martini Quinti, & Callisti Tertii, de huiuscemo-
1107 1122 1808 1174 di redditibus tam fructuariis quam pecuniariis.
1247 1305 1889 1399 u Artinus Episcopus seruus
1276 1373 1873 1442 Iseruorum dei Venerabilibus fratribus
1274 1436 1879 1485 Treueznensi & Lubicinensi ac Olmi-
1114 1481 1874 1534 censi episcopis Salutem & apostolicam benedictionem.
1120 1523 1886 1578 Hodie siquide literas nostras concessimus: tenorem qui
1120 1570 1875 1621 sequitur continentes. Martinus episcopus seruus ser
1125 1611 1886 1665 uorum dei ad futuram rei memoriam. Regimini vni
1125 1657 1886 1712 uersalis ecclesiae (quamquam immeriti) disponente domino praesi-
1119 1702 1885 1749 dentes: curis angimur assiduis, vt iuxta creditae no
1129 1746 1891 1797 bis dispensationis officium, subditorum quorumlibet &
1128 1785 1882 1841 paci & quieti, quantum nobis ex alto coceditur, inten-
1127 1835 1891 1877 damus: & dubia quae inter eos oriuntur pro tempore (ne
1120 1875 1885 1932 litium anfractus seu scandalorum parturiant fomentum)
1119 1929 1892 1977 nostro moderamine declarentur. Sane peritio dile
1123 1966 1890 2020 ctorum filiorum vniuersorum, cleri, nobilium, incolarum,
1126 2012 1885 2059 & habitatorum ciuitatis & dioecesis pratissauien.
1112 2057 1885 2106 nobis exhibita continebat, quod licet a centum annis ci-
1126 2096 1890 2155 tra & supra: & a tanto tpore, & per tantum tempus cuius com
1123 2145 1889 2190 trarii memoria hominium non existit: in eisdem ciuitate
1113 2187 1883 2238 & dioecesi ac partibus aliis vicinis quadam consuetudo
1125 2231 1876 2280 rationabilis obseruata, praescripta, ac moribus vtentium
1125 2274 1885 2322 approbata ad communem hominium vtilitatem introducta fu-
1119 2314 1886 2370 isset: quod quilibet princeps, baro, miles, ciuis, siue op
1120 2364 1883 2421 pidanus partium earundem cum hoc expedire videbatur,
1120 2418 1876 2462 melius protuc non valens sibi consulere, personae ecclesia:
1126 2453 1873 2503 sticae aut saeculari collegio, aut vniuersitati, oppi-
1119 2501 1882 2547 do vel ciuitati super bonis suis, dominiis, oppidis, ter-
1125 2540 1883 2592 ris, agris, praediis, domibus, & haereditatibus vendere
1131 2591 1883 2636 consuenit & vendidit annuos census vnius vel plu-
1125 2629 1894 2680 rium marcarum aut grossorum Pragensium nummi Polo
