2297 3319
252 328 1001 397 quorumlibet paci & quieti quantum nobis ex alto
240 379 1007 440 conceditur: intendamus, & dubia quae inter eos oriun-
251 422 1004 478 tur pro tempore: ne litium anfractus exinde seu scan-
244 470 994 525 dala proueniant: prout iustitia persuaserit: declaratio
239 514 1007 566 nis nostrae ministerio sopiantur. Sane pro parte venera
249 557 1000 614 bilis fratris nostri loannis episcopi Merspurgen
245 604 998 660 nobis nuper exhibita petitio continebat: quod licet:
245 644 1003 695 tanto tempore: cuius contrarii memoria non existit, in
252 691 1010 749 diuersis Alemaniae partibus: pro communi hominum
251 732 1001 787 vtilitate inter habitatores & iu colas partium earundem
249 777 1007 827 talis inoleuerit, hactenusque obseruata fuerit / legi
250 822 1010 877 time praescriptatac moribus vtentium & etiam ordina-
254 864 1004 917 riorum permissione / & plerumque expressa rantificatione
246 910 997 960 approbata consuetudo: quod ipsi habitatores & inco
251 955 1000 1008 lae: siue illi ex eis quibus id pro suis statu & indemnita
252 1007 1003 1052 tibus expedire visum fuerit, super eorum bonis, do-
249 1047 1009 1093 mibus, agris, possessionibus, & hereditatibus: an
244 1092 1006 1145 nuos marcarum, florenorum, seu grossorum monetae in
246 1133 1003 1192 partibus illis currentis redditus seu census vedenm
249 1184 1003 1232 tes: pro singulis ex marcis, fiorenis, siue grossis hu
244 1217 1007 1272 iusmodi ab eis qui illas vel illos siue redditus si-
246 1261 1012 1315 ue census ipsos emerint: certum competens precium in
248 1309 1010 1365 numerata pecunia secundum temporis qualitatem( prout
258 1352 1004 1404 ipsi vendentes & ementes in conrractibus super his
253 1399 1015 1448 inter se firmauerint) recipere soliti fuere: illa ex
258 1438 1016 1494 domibus, agris, praediis, posfessionibus, & haeredita
250 1482 1016 1539 tibus praedictis qua in huiusmodi contractibus expressa
256 1530 1016 1584 fuerunt dictorum solutione reddituum & censuum effi-
252 1571 1017 1626 caciter obligantes: in illorum vendentium fauorem hoc
249 1625 1010 1672 adiecto: quod ipsi pro rata qua huiusmodi per eos rece
254 1659 1010 1721 pta dictis ementibus restituerunt in toto vel in per-
256 1716 1015 1758 te pecuniam: a solutione reddituum seu censuum: hu-
257 1746 1007 1802 iusmodi restitutam pecuniam contingentium: liberi fo
250 1796 1009 1845 rent penitus & immunes: sed iide ementes etiam
257 1834 1007 1890 si bona / domus / terrae / agri / possessiones / & haeredi-
255 1885 1012 1936 tates huiusmodi processu temporis ad omnimodae
254 1928 1010 1981 destructionis siue desolationis reducerentur opi
255 1976 1018 2030 probrium: pecuniam ipsam agendo repetere non vale
259 2013 1010 2068 rent. Apud aliquos tamen haesitationis versatur scru
252 2066 1009 2121 pulus: an huiusmodi contractus liciti sint censen
249 2110 1021 2159 di. Vnde nonnulli illos vsurarios fore praetendentes:
252 2144 1009 2200 occasionem quaerunt redditus / & census huiusmodi ab
249 2199 1009 2245 eis debitos non soluendi. Quare pro parte episcopi
249 2246 1018 2290 & cleri praedictorum asserentium quod in talibus sic em-
254 2276 1015 2341 ptis censibus & redditibus, fructus, redditus, &
257 2326 1009 2380 prouentus plurium ecclesiarum, monasteriorum
252 2362 1007 2419 hospitalium, & ecclesiasticorum beneficiorum ciuitatiu
248 2407 1013 2466 & dioecesis ac partium praedictarum: nec non fere omnes
255 2449 1012 2512 quotidianae distributiones: quae in plerisque ecclesiis
246 2497 1016 2553 ipsis diuinis interessentibus ministrari solent: con
246 2541 1012 2599 sistere noscuntur: nobis fuit humiliter supplicatum,
258 2595 1012 2645 vt super his apostolicae declarationis oraculum im
255 2632 1020 2686 partiti & adducere paterna dilectione curaremus.
242 2674 1010 2728 Nos igitur huiusmodi in hac parte supplicatio-
249 2726 1012 2785 nibus inclinati: & factas ex commissione felicis re
1080 321 1841 393 cordationis Martini papae quinti praedecessoris
1083 385 1831 432 nostri desuper examinationes / & eiusdem praedecesso
1090 430 1838 475 ris nostri declarationem attentius perstririgentes
1083 474 1838 525 suisque vestigiis inhaerentes: ad omne super his am
1080 519 1826 568 biguitatis tollendum dubium: praefatos contractus
1089 561 1834 607 licitos: iurique conformes, & vendentes eosdem ad
1087 606 1840 655 ipsorum solutiouem censuum & reddituum: iuxta di-
1083 648 1847 699 ctorum contractuum tenores : remoto contradictio-
1080 695 1840 741 nis obstaculo: efficaciter teneri auctoritate apo-
1086 737 1831 785 stolica praesentium serie declaramus. Nulli ergo ho
1080 783 1838 834 minum liceat hanc paginam nostrae declarationis
1083 826 1835 886 infringere / vel ei ausu temerario contraire. Si quis
1084 867 1844 918 autem hoc attentare praesumpsetit: indignationem
1095 916 1843 964 omnipotentis dei & beatorum Petri & Pauli apo-
1092 959 1837 1008 stolorum eius, se nouerit incursurum. Datum Ro-
1089 999 1836 1058 mae apud sanctum Petrum. pridie nonas Maii
1093 1048 1835 1105 Pontificatus nostri anno primo. Volentes itaque
1087 1088 1835 1144 quod praedictae literae debitum sortiantur effectum,
1086 1133 1840 1183 fraternitati vestrae per apostolica scripta manda-
1092 1178 1835 1233 mus quatenus vos vel duo aut vnus vestrum per
1092 1223 1850 1275 vos vel alium seu alios: quibusuis episcopo & cle-
1089 1268 1853 1318 ro praedictis opportuno defensionis praesidio as
1096 1312 1859 1358 sistentes: dictas literas vbi / quando / & quoties ex
1105 1364 1862 1407 pedire videritis: auctoritate nostra solenniter pu-
1095 1402 1850 1451 blicari faciatis, & eadem auctoritate. per vendito
1095 1442 1846 1492 res / seu debitores reddituum & censuum huiusmodi
1102 1487 1857 1533 dictis emptoribus seu illis quibus ipsorum red-
1089 1536 1849 1581 dituum seu censuum solutio praestanda fuerit: de eis
1097 1577 1847 1622 dem censibus iuxta contractuum & conuentionum
1095 1619 1849 1666 super his habitorum formam & tenorem: plenam
1096 1663 1850 1715 & debitam satisfactionem impendi: contradicto-
1096 1707 1847 1758 res vero per censuram ecclesiasticam appellatio
1096 1753 1850 1804 ne postposita compescendo: non obstante si ali-
1095 1795 1847 1849 quibus communiter vel diuisim a sede apostolica
1092 1840 1846 1895 indultum existat: quod interdici / suspendi / vel excom
1090 1894 1853 1936 municari non possint per literas apostolicas: non
1092 1930 1846 1975 facientes plenam & expressam, ac de verbo ad vel
1086 1971 1853 2021 bum de indulto huiusmodi mentionem. Datum
1092 2018 1856 2075 Romae apud sanctum Petrum pridie nonas Maii
1102 2060 1622 2119 Pontificatus nostri anno primo.
1419 2283 1841 2365 Vinto & vltimo cir-
1419 2344 1847 2411 ca emptionem & venditionem
1413 2396 1853 2450 ac tertio & vltimo circa ma-
1416 2439 1849 2504 teriam reddituum quaeritur: an liceat
1413 2482 1846 2539 emere vitalitium / hoc est susten
1419 2526 1850 2586 tationem pro vita vel pro victum.
1402 2571 1850 2629 sed de primo intendimus lo-
1092 2617 1853 2674 qui.  Respondetur affirmatiue ad titulum quaestionis
1096 2660 1852 2718 Probatur. licet emere redditus perpetuos & tempora-
1087 2705 1849 2771 neos redimibiles & irredimibiles ex quaestionibus praece-
