2327 3323
467 244 1236 320 quibus est illicita: aliquibus honesta & expediens:
475 311 1232 362 aliquibus etiam non neganda. & habendus est oculus
481 352 1227 410 ad complexionem / temperantiam / vel intemperantiam / & ad
484 399 1239 454 passiones animae ipsius ementis. nam sanguineus &
475 443 1234 491 ab his qui diu viuunt procreatus, temperatus, & iucun-
472 484 1241 543 dus diutius viuit qui alius diuersus. Seruetur autem
477 521 1239 588 latitudo iust i praecii: sic scilicet considerando quot annos
468 567 1237 630 homo possit viuere. & quia multa possunt occur
474 622 1239 675 rere ne tandiu viuat: capiatur quoddam temperamentum:
473 664 1229 723 vt homo potest pro. ccecc. aureis habere redditus per
472 707 1221 763 petuos. xx. aureorum. & iste redditus non est empto
465 754 1238 804 ri sic onerosus ac si venditor vitalitii esset venditor
471 788 1239 849 similis redditus: quia semper habebit probabilitatem
466 836 1230 896 quod multis modis iste potest mori. Vlterius sua-
469 886 1220 933 demus ne ab vno viro ematur vitalitium, vel por
470 923 1222 978 tio a communiugato & vxorem habente: quia bonam portio
468 971 1232 1027 nem in mala commutabit. a communitatibus autem potest
469 1016 1229 1071 audacter emere scripto authentico super hoc fabti-
466 1061 1233 1121 cato ne sit postea sollicitus. ⁋ Ex omnibus patet quid
463 1100 1217 1165 sit redditus: tam fructuarius quam pecuniarius: & quod
468 1153 1227 1214 vterque potest esse redimibilis & irredimibilis: ad nu
466 1191 1230 1253 tum veditoris tamtenm: emptoris solum / & ad vtriusque ar-
462 1228 1221 1288 bitrium. Nec est inconveniens quod redditus sit securior
460 1275 1224 1334 & tutior ex parte ipsius quam fructus a praecio vel praecium
469 1317 1227 1384 ipsum: sed sufficit quod a principio contractus iudicio
474 1371 1228 1418 prudentum erat latitudo iusti pcii: quod semper suppo-
469 1416 1220 1466 nimus, & reliquas circumstatias oes: nullus enim con
465 1459 1231 1520 tractus est vitae humanae ita propitius quin aliqua ma-
459 1496 1220 1561 la circumstantia possit ipsum vitiare: vt est emptio pa
459 1539 1224 1603 nis propter malum finem, non enim sufficit obiecti & omnium
459 1593 1224 1642 circumstantiarum ad bonitatem actus requisitarum positios
456 1629 1227 1694 si ponatur aliqua circumstantia mala actum vitians. Ex
456 1671 1223 1735 his patet quod haec consequentia est nulla. iste redditus est
455 1717 1229 1786 fundatus in omnibus bonis istius domini: & dominus emit
460 1771 1217 1820 equos ad bellum praecio: ergo iniuste est fundatus.
460 1814 1220 1861 quemadmodum ager aliquis iuste emitur in centro vnius
466 1861 1227 1916 regni: licet pluris quam in circunferentia prope hostes. De
460 1908 1236 1959 redditu qui potest fundari in persona, quia est rarus & in-
469 1948 1221 2008 utilis, parum loquor: licet redditus pecuniarius in perso
463 1995 1226 2043 na constitui possit, quemadmodum capitur decima perso
469 2032 1223 2084 nalis de lucro hominis vbi est consuetudo: & aliqui serus
453 2076 1217 2136 legales dant suis dominis quolibet die vnam certam
459 2127 1226 2185 quotam: quam quis a domino emere potest. Et haec de red-
466 2146 1005 2230 ditibus succincte dixisse sufficiat.
796 2354 1221 2447 Eliquum est aliquos
783 2410 1214 2489 lalios contractus quibus ho-
795 2470 1222 2533 mines vtuntur, compendio-
795 2508 1211 2578 se absoluere. Quaero itaque
810 2555 1221 2620 Vtrum contractus locationis
795 2604 1208 2671 & conductionis sint liciti
759 2648 1218 2727 a quae est quinta supra qua
1318 267 2079 340 dragesimam huius distinctionis quaestio. Pro solutio
1317 326 2069 376 ne quaistionis notabis: quod Locatio est contractus quo
1324 369 2067 420 iuis vsum alicuius rei sibi proprietate seruata in
1314 415 2065 468 alium transfert pro mercede. Conductio vero est con-
1312 457 2079 510 tractus quo quis pro mercede ab alio recipit vsum
1315 496 2070 560 & non proprietatem. & hic capio vsum, vt vsumfru-
1309 540 2066 596 ctum includat. Declaro exemplo. Sortes dominus ha
1302 582 2079 646 bens pagum vel agros, vtpote Glegornum: conce-
1317 624 2063 690 dit Platoni vsumfructum huius agri pro mercede
1306 670 2076 741 & dicitur locator: & Plato illius agri coductor dicitur
1302 724 2063 772 colonus. sicut domum conducens dicitur Inquilinus
1311 760 2066 828 in vtroque regno Britanniae. istud enim inter eos est
1296 805 2063 865 frequentissimum, & merces apud eos vocatur fir ma-
1314 858 2069 910 vnde Innocentius Tertius cuidam abbati dioecesis
1308 890 2064 956 Londoniensis. de locato & conducto ca. secundo di-
1296 933 2063 999 cit. Vestra nobis relatio declarat quod cum ad firmam
1299 977 2066 1039 fructus vestrarum dare consueuaeritis decimarum. &
1311 1024 2066 1081 nfra. vbi Panor. ait. Illud est vulgare Anglorum-
1302 1064 2063 1126 Proprietas manet apud dominum. per mercedem
1306 1112 2068 1170 distinguitur a commodatione: cuius vsus conceditur
1300 1155 2053 1210 gratis. Dicitur enim commodatum quasi vtentis commo
1303 1209 2056 1261 do datum. Ex quo patet quod messor vel quicumque ope-
1300 1244 2063 1304 ram suam pro mercedem alteri exhibet, dicit se locare.
1303 1287 2060 1349 quia sibiipsi retinet proprietatem sui: & fructus suos
1302 1332 2060 1392 id est oneram conductori locat. Ex isto patet, quod si
1306 1360 2063 1445 Plato de quo loquuti sumus conducit Glegornum
1296 1412 2055 1489 a domino: & ab eodem domino pro aliquo labore pecuniam
1299 1470 2066 1538 capiat: est etiam respectu illius laboris locator, & do-
1297 1506 1598 1568 minus conductor.
1303 1559 2058 1636 ⁋ His duorum vocabulorum signi
1303 1618 2057 1689 ficantiis paucis explanatis, respondetur affirmati.
1302 1665 2050 1732 ue ad titulum quaestionis. Probatur conclusio affirma
1294 1707 2066 1771 tiua. venditio est licita: ergo & locatio. tenet conse
1310 1756 2065 1812 quentia: quia locatio nihil aliud est quam venditio hu
1304 1798 2062 1862 ius rei: ita vt locans virtualiter vendat & transfe-
1298 1848 2053 1898 rat vsum rei suae in alterum pro determinata pecunia.
1307 1892 2063 1949 vt loco tibi equum meum vt eas & redeas ad sanctum
1300 1927 2054 1999 Fiacrium, & capio abs te quatuor duodenos pro
1308 1979 2053 2042 quolibet die. Secundo probatur idem. locatio quo ad
1309 2028 2062 2078 actum suum cadit super obiectum debitum: scilicet vsum
1309 2069 2064 2127 equi: qui est tibi vtilis, & pecunia mihi vtilis, & fa
1303 2114 2054 2169 cue accidere possunt omnes circumstantiae ad boni-
1300 2153 2069 2219 tatem actus requisitae: quas in omnibus suppo-
1303 2200 2056 2259 no: igitur. Tertio probatur. si locatio & conductio
1297 2250 2062 2303 essent illicitae in politia humana: esset in ea magna
1295 2286 2057 2348 iactura: quia sine his non possunt manuteneri tem
1305 2339 2060 2394 plorum / pontium / & vrbium constructores: & eis in-
1299 2380 2054 2431 seruientes qui suas operas locant & quas alii con-
1299 2416 2062 2481 ducunt. eodem modo in bello iusto milites suas
1298 2463 2066 2536 operas be lligerantibus locant: quas bellum geren-
1293 2506 1528 2560 tes conducunt.
1288 2547 2063 2623 ⁋ Contra hanc conclusionem & eius
1297 2613 2061 2677 fundamenta arguitur. ego locans tibi equum meum
1291 2668 2054 2735 nouem paruis albis, vel quatuor duodenis quo
