2336 3356
510 300 1274 365 tum homini imputabile: sic scilicet vt si mox de-
513 364 1265 416 cederet vita: illius gratia in infemo vel purgatorio
515 404 1278 461 puniretur. Si vero gratia dantis tamenm commodatum
516 444 1264 493 detur: tunc venit dolus & lata culpa. fiti. de commo
525 491 1282 546 l. Si vt certo. S. Interdum. &. l. Si mei causa.litct. de
514 542 1274 593 act. & ob. l.i. S. His quoque apud quem. Si vero gra
514 582 1283 633 tia vtriusque: tunc praestat dolum & iatam culpam. nam
526 620 1280 674 dolus vti superius diximus inter arguendum, con
532 665 1277 721 mittitur quando quis ex industria facit vel omit
532 721 1286 768 tit aliquid gratia cuius res alterius perit. Culpa au
526 755 1280 812 tem est actus vel omissio in quam quis incidit, quae
522 816 1283 860 per hominum diligentiam praeuideri poterat. Per vi
529 852 1286 898 timam particulam distinguitur a casu fortuito: a
526 888 1283 942 quo diligentissimus cauere non poterat: vt si mi-
522 933 1279 990 hi familiarissimus & ab omnibus reputatus probis
532 978 1282 1028 simus rem meam subtrahit. Culpa lata est quam
534 1025 1282 1078 quis incurrit ex negligentia sua omittendo diligen
528 1073 1285 1119 tiam quam plurimum homines illius professionis ex
535 1110 1286 1167 hibere solent: praeter etiam suam intentionem. vt si
522 1155 1291 1201 toto die naturali non dedisti equo potum: cuius
534 1201 1291 1246 defectu si moriatur: tu es in lata culpa. nam equites
529 1242 1296 1292 norunt quod equo sit dandus potus. mors tamen equi est
534 1285 1294 1345 praeter tuam intentionem. & per hoc distinguitur
534 1336 1295 1386 a dolo. Fodem modo leuis culpa definiatur: praeter
538 1379 1295 1426 hoc quod loco huius (plurimum homines): pona-
534 1421 1298 1471 tur ( homines diligentes) & in quid nominis leuissi
535 1464 1294 1514 mae culpae: homines diligentissimi. Et sicut dixi-
541 1515 1301 1559 mus in commodatione: proportionabiliter in loca-
534 1553 1294 1606 tione dicatur. Res itaque locata est in periculo loca
529 1599 1298 1646 toris: ita vt si res ipsa pereat sine dolo: lata vel leui
535 1642 1294 1699 culpa conductoris: vtpote per culpam leuissimam:
529 1687 1291 1738 casum fortuitum, a natura, vel per diuinum iudi-
534 1731 1303 1781 cium: res ipsa locatori peribit: neque conductor te-
535 1784 1292 1826 nebitur locatori vllam refusionem facere pro ea-
529 1823 1300 1873 dem re: quia regula est, sicut nunc in commodatio
540 1871 1294 1918 ne allegauimus: quod in contractibus qui fiunt gra-
537 1907 1294 1954 tia vtriusque contrahentis: recipiens tenetur dolo-
537 1952 1292 2002 lata culpa: & leui: non autem leuissima. Et ex illo
540 1997 1305 2046 sequitur: quod si conductor remisit locatori rem loca
538 2045 1292 2088 tam per nuncium diligentem: & res in via pereai
538 2087 1298 2139 casu fortuito: non tenebitur conductor ad restitu
547 2129 1292 2178 tionem: sed ille casus imputabitur domino rei. Et
544 2171 1291 2219 idem est de commodatione i& depositione: vt si de
537 2214 1294 2272 positarius & commodatarius rem depositam vel con-
552 2263 1307 2315 modatam per nuncium qui vsus est diligentia, remi
544 2304 1300 2353 sit: res in manu domini perit. secus est si nuncius
552 2352 1300 2407 negligens fuerit. Et ratio est in istis: quia conductor
543 2395 1297 2449 adhibuit illam diligentiam quam viri circumspecti
537 2439 1301 2485 tali rei custodiendae adhibent: quare non debet ei
541 2484 1300 2533 imputari. ⁋ Sed contra ista arguitur. si non habuis-
549 2526 1309 2571 ses equum meum conductum, & equus fuisset in
547 2571 1310 2618 stabulo: fuisset mihi saluus: ergo quacumque culpa in
550 2618 1311 2673 cidente etiam leuissima, conductor est in causa perdi-
540 2659 1306 2701 tionis equi mei: & per consequens ipsum tenebitur resti
540 2701 1307 2766 tuere. ⁋ Praeterea si pactum interuenerit de leuis-
1343 301 2102 359 sima culpa vel casu fortuito: res perit in manu con
1350 354 2107 408 ductoris. ergo non est naturale in contractu loca-
1359 401 2111 453 tionis & conductionis quod in leuissima culpa & ca-
1360 448 2111 499 su fortuito in manu locantis res pereat. tenet con
1357 492 2120 536 sequentia: quia nulla circumstantia vel pactio va-
1366 537 2110 591 et contra naturam alicuius contractus: quia con
1350 581 2116 634 tractum destruit pactio: & est contra eius naturam & sub
1354 620 2117 676 stantiam. assumptum habetur de commodato ca. vni
1356 673 2111 721 co. S. Licet. vbi dicit Gregorius nonus. Licet ca-
1355 710 2121 765 sus fortuitus ( nisi acciderit culpa sua, vel interue-
1366 759 2120 807 nerit pactum: seu in mora fuisset) sibi non debeat
1369 800 2114 856 imputari. Vult pontifex dicere quod in tribus casibus
1356 841 2114 896 conductor leuissima culpa & casu fortuito tenetur.
1359 892 2122 936 Primo si equum meum locaui tibi ad certum vsum:
1362 930 2126 987 vtpote ad equitandum Rothomagum: & tu eum du-
1363 972 2123 1034 cis ab bellum. si enim equus leuissima culpa vel
1362 1020 2122 1069 casu fortuito pereat: teneberis eum restituere vel
1362 1065 2128 1123 aequiualens: & furtum committis equo ad alium vsum
1368 1112 2123 1159 vtendo quam ad illum ad quem tibi locatus est. Secun
1375 1152 2128 1206 do. si pactum interuenit quo conductor in se peri
1372 1197 2129 1255 culum suscipit tam culpae leuissimae quam etiam casus
1369 1241 2129 1296 fortuiti: tamen hoc intelligitur quando in pacto poni
1365 1284 2125 1333 tur expresse aliquis casus fortuitus: tunc enim de
1362 1327 2138 1383 illo tenetur: & non de aliis nisi sit adiecta clausula
1371 1373 2135 1429 generalis de casibus fortuitis. & si illa sit adiecta:
1372 1417 2126 1474 adhuc solum tenebitur de casibus fortuitis consi
1368 1463 2137 1510 milibus ei qui fuit specificatus: non autem de il-
1380 1509 2128 1554 lis qui sunt maiores eodem: quia in odiosis clausu
1374 1549 2129 1604 la generalis non comprehendit maiora expressis. vt
1378 1591 2132 1642 in cle. Non potest. de procurato. secus in non odio
1376 1636 2132 1687 sis: vt in institutione procuratoris, in qua expres
1381 1684 2129 1737 sis aliquibus requirentibus speciale mandatum: &
1372 1726 2141 1774 subiecta clausula generali: veniunt casus maiores
1381 1776 2126 1820 expressis. Et propterea si conductorem habere vo
1377 1814 2128 1867 luerit locator ad casus fortuitos obligatum etiam ma
1368 1863 2129 1913 iores illo specificato: opus erit illos expresse adiici
1371 1906 2144 1964 re. Tertius est si mora praecessit casum: vtpote loca
1375 1946 2140 2002 ui tibi equum: die iouis vel quocunque alio die certo
1374 1991 2134 2047 mihi reddendum: & tu vltra diem assignatum equum
1377 2037 2143 2088 detinuisti. si quid ei tunc acciderit: teneberis: etiam
1377 2080 2087 2133 si culpa leuissima, vel a fortuna illud acciderit
1377 2124 2134 2179 ⁋ Respondetur concedendo illud assumptum. si
1383 2170 2144 2216 fuisset instabulo non fuisset ablatus. sed cum con
1371 2215 2131 2273 ductor non est in dolo: & adhibet operam pro custo
1381 2256 2147 2311 diendo equo quam diligentes adhibent: non esset
1378 2304 2132 2353 rationi consentaneum quod equus peritet in mant
1386 2347 2135 2397 eius & non in manu domini: quia argumentum pro
1384 2392 2146 2448 baret eodem modo de casu fortuito sicut de leuis
1384 2436 2137 2479 sima culpa. nam Sortes ducit equum in pulchro
1380 2480 2141 2535 itinere cum aliis equitibus: & equus vacillando fran
1378 2525 2152 2576 git collum: quare peribit in manu conductoris: qua
1384 2567 2153 2625 tuor duodeni etiam tantum valent in die cum peri
1386 2614 2150 2665 culo leuissimae culpae & casus fortuiti: quantum
1387 2664 2146 2712 vsus valet conductori. Stat etiam quando dolo
1377 2700 2155 2767 vel culpa equus in manu conductoris perit, vbi con
