<?xml version="1.0" encoding="UTF-8" standalone="yes"?>
<PcGts xmlns="http://schema.primaresearch.org/PAGE/gts/pagecontent/2013-07-15" xmlns:xsi="http://www.w3.org/2001/XMLSchema-instance" xsi:schemaLocation="http://schema.primaresearch.org/PAGE/gts/pagecontent/2013-07-15 http://schema.primaresearch.org/PAGE/gts/pagecontent/2013-07-15/pagecontent.xsd">
    <Metadata>
        <Creator>prov=University of Rostock/Institute of Mathematics/CITlab|PLANET AI GmbH/Gundram Leifert/gundram.leifert@planet-ai.de:name=cod-Bda113-model2(htr_id=24733)::::v=2.6.6
prov=University of Rostock/Institute of Mathematics/CITlab|PLANET AI GmbH/Tobias Gruening/tobias.gruening@planet-ai.de:name=de.uros.citlab.module.baseline2polygon.B2PSeamMultiOriented:v=2.6.6
prov=University of Rostock/Institute of Mathematics/CITlab|PLANET AI GmbH/Tobias Gruening/tobias.gruening@planet-ai.de:name=/net_tf/LA73_249_0mod360.pb:de.uros.citlab.segmentation.CITlab_LA_ML:v=2.6.6
Transkribus</Creator>
        <Created>2020-04-17T22:23:16.645+02:00</Created>
        <LastChange>2020-06-19T05:10:17.183+02:00</LastChange>
        <TranskribusMetadata docId="371227" pageId="14532592" pageNr="356" tsid="32170915" status="IN_PROGRESS" userId="25065" imgUrl="https://files.transkribus.eu/Get?id=IZGAZZHVQWMJUPEYSCWEOMEP&amp;fileType=view" xmlUrl="https://files.transkribus.eu/Get?id=OTFEKGCERHAKEGSSLWIUWZEG" imageId="10488969"/>
    </Metadata>
    <Page imageFilename="0356.jpg" imageWidth="2340" imageHeight="3348">
        <ReadingOrder>
            <OrderedGroup id="ro_1592575795889" caption="Regions reading order">
                <RegionRefIndexed index="0" regionRef="r1"/>
                <RegionRefIndexed index="1" regionRef="r2"/>
            </OrderedGroup>
        </ReadingOrder>
        <TextRegion orientation="0.0" id="r1" custom="readingOrder {index:0;}">
            <Coords points="533,224 533,2680 1302,2680 1302,224"/>
            <TextLine id="r1l2" custom="readingOrder {index:0;}">
                <Coords points="532,334 1287,344 1286,293 1216,282 1041,301 532,289"/>
                <Baseline points="537,330 574,330 611,330 648,330 685,330 723,330 760,329 797,329 834,329 871,329 909,328 946,327 983,327 1020,327 1057,327 1095,326 1132,326 1169,326 1206,326 1243,326 1281,326"/>
                <TextEquiv>
                    <Unicode>legato. ⁋ Ecce quid est locatio &amp; conductio: in qui-</Unicode>
                </TextEquiv>
            </TextLine>
            <TextLine id="r1l3" custom="readingOrder {index:1;}">
                <Coords points="534,383 1294,379 1294,344 1223,334 755,353 534,336"/>
                <Baseline points="539,375 576,375 614,375 651,375 689,374 726,374 764,374 801,374 839,372 876,372 914,372 951,372 989,372 1026,371 1064,371 1101,371 1139,371 1176,371 1214,372 1251,372 1289,372"/>
                <TextEquiv>
                    <Unicode>bus vsus rei pro mercede venditur &amp; emitur, proprietate</Unicode>
                </TextEquiv>
            </TextLine>
            <TextLine id="r1l4" custom="readingOrder {index:2;}">
                <Coords points="537,435 1291,430 1291,383 1249,377 537,383"/>
                <Baseline points="542,422 579,420 616,420 653,419 690,418 728,417 765,417 802,416 839,416 876,416 914,416 951,416 988,414 1025,414 1062,414 1100,414 1137,414 1174,414 1211,414 1248,414 1286,414"/>
                <TextEquiv>
                    <Unicode>penes locatorem manente. &amp; quod locatio &amp; coductio</Unicode>
                </TextEquiv>
            </TextLine>
            <TextLine id="r1l5" custom="readingOrder {index:3;}">
                <Coords points="543,470 1181,477 1288,465 1288,424 543,426"/>
                <Baseline points="548,464 584,462 621,462 658,462 695,462 731,462 768,461 805,461 842,461 878,461 915,461 952,461 989,461 1025,461 1062,461 1099,459 1136,459 1172,459 1209,459 1246,458 1283,458"/>
                <TextEquiv>
                    <Unicode>est politiae humanae admodum vtilis. Quamuis autem</Unicode>
                </TextEquiv>
            </TextLine>
            <TextLine id="r1l6" custom="readingOrder {index:4;}">
                <Coords points="540,519 1112,524 1291,509 1291,468 540,471"/>
                <Baseline points="545,507 582,507 619,507 656,507 693,507 730,506 767,506 804,506 841,506 878,506 915,506 952,505 989,504 1026,504 1063,504 1100,504 1137,504 1174,504 1211,504 1248,503 1286,503"/>
                <TextEquiv>
                    <Unicode>vsus rei metaphysice loquendo fit proprietas reali-</Unicode>
                </TextEquiv>
            </TextLine>
            <TextLine id="r1l7" custom="readingOrder {index:5;}">
                <Coords points="532,558 1294,551 1285,509 532,523"/>
                <Baseline points="537,552 574,552 612,551 649,551 687,551 725,551 762,550 800,549 837,549 875,549 913,549 950,549 988,548 1025,548 1063,548 1101,548 1138,547 1176,546 1213,546 1251,546 1289,545"/>
                <TextEquiv>
                    <Unicode>ter &amp; identice: tamen moraliter loquendo (nisi haec dif-</Unicode>
                </TextEquiv>
            </TextLine>
            <TextLine id="r1l8" custom="readingOrder {index:6;}">
                <Coords points="538,604 1265,605 1285,558 538,562"/>
                <Baseline points="543,597 579,596 616,596 653,594 690,594 727,594 764,593 800,593 837,593 874,593 911,592 948,591 985,591 1022,591 1058,591 1095,591 1132,591 1169,591 1206,591 1243,590 1280,590"/>
                <TextEquiv>
                    <Unicode>ficultas vel consimilis tangatur, non expedit illo mo</Unicode>
                </TextEquiv>
            </TextLine>
            <TextLine id="r1l9" custom="readingOrder {index:7;}">
                <Coords points="537,645 1288,642 1287,601 536,607"/>
                <Baseline points="542,638 579,638 616,639 653,639 690,639 727,639 764,639 801,638 838,638 875,638 912,638 949,638 986,638 1023,636 1060,636 1097,636 1134,636 1171,636 1208,636 1245,635 1283,635"/>
                <TextEquiv>
                    <Unicode>do loquendi vti. Praeterea patet quod licet mutuum in</Unicode>
                </TextEquiv>
            </TextLine>
            <TextLine id="r1l10" custom="readingOrder {index:8;}">
                <Coords points="544,692 1173,701 1288,688 1288,656 544,659"/>
                <Baseline points="549,684 585,684 622,683 659,683 695,682 732,681 769,681 805,681 842,681 879,681 916,680 952,680 989,680 1026,680 1062,680 1099,680 1136,678 1172,678 1209,678 1246,677 1283,677"/>
                <TextEquiv>
                    <Unicode>manu mutuatarii semper pereat qui est dominus mu-</Unicode>
                </TextEquiv>
            </TextLine>
            <TextLine id="r1l11" custom="readingOrder {index:9;}">
                <Coords points="529,737 1147,745 1298,731 1298,685 529,694"/>
                <Baseline points="534,726 573,726 613,726 653,726 693,726 733,726 773,726 813,726 853,725 893,725 933,725 973,725 1013,725 1053,724 1093,723 1133,723 1173,723 1213,723 1253,723 1293,723"/>
                <TextEquiv>
                    <Unicode>tui: tamen res locatitia, cuius locator est proprietarius</Unicode>
                </TextEquiv>
            </TextLine>
            <TextLine id="r1l12" custom="readingOrder {index:10;}">
                <Coords points="528,779 677,798 740,777 1301,772 1301,738 1227,728 528,737"/>
                <Baseline points="533,773 571,773 609,772 647,771 685,771 723,771 761,771 800,770 838,770 876,770 914,770 952,768 990,768 1028,768 1067,768 1105,768 1143,767 1181,767 1219,767 1257,767 1296,768"/>
                <TextEquiv>
                    <Unicode>non semper perit in manu locantis sed locatarii: vt</Unicode>
                </TextEquiv>
            </TextLine>
            <TextLine id="r1l13" custom="readingOrder {index:11;}">
                <Coords points="543,827 1297,831 1297,777 543,791"/>
                <Baseline points="548,815 585,815 622,816 659,816 696,816 734,815 771,815 808,814 845,813 882,813 920,812 957,812 994,810 1031,810 1068,810 1106,810 1143,809 1180,810 1217,810 1254,811 1292,812"/>
                <TextEquiv>
                    <Unicode>quando locatarius est in dolo, lata culpa: vel leui.</Unicode>
                </TextEquiv>
            </TextLine>
            <TextLine id="r1l14" custom="readingOrder {index:12;}">
                <Coords points="537,878 1285,871 1285,829 1248,819 537,821"/>
                <Baseline points="542,857 578,858 615,858 652,858 689,858 726,858 763,858 800,858 837,858 874,857 911,857 947,857 984,857 1021,855 1058,855 1095,855 1132,855 1169,855 1206,855 1243,855 1280,855"/>
                <TextEquiv>
                    <Unicode>Et ex dictis facile deprehendere potes quomodo culpa</Unicode>
                </TextEquiv>
            </TextLine>
            <TextLine id="r1l15" custom="readingOrder {index:13;}">
                <Coords points="540,909 1162,921 1291,905 1291,874 540,878"/>
                <Baseline points="545,905 582,905 619,905 656,903 693,903 730,903 767,903 804,903 841,902 878,902 915,902 952,902 989,902 1026,901 1063,900 1100,900 1137,900 1174,900 1211,900 1248,899 1286,899"/>
                <TextEquiv>
                    <Unicode>accipiatur, &amp; per quid dolus ab omnibus speciebus</Unicode>
                </TextEquiv>
            </TextLine>
            <TextLine id="r1l16" custom="readingOrder {index:14;}">
                <Coords points="538,954 1282,959 1269,906 771,925 537,908"/>
                <Baseline points="543,948 579,948 616,948 653,948 689,947 726,947 763,947 799,947 836,947 873,945 910,945 946,945 983,945 1020,944 1056,944 1093,944 1130,944 1166,944 1203,944 1240,944 1277,944"/>
                <TextEquiv>
                    <Unicode>culpae segregetur. Vlterius habes: quo modo aliquid est</Unicode>
                </TextEquiv>
            </TextLine>
            <TextLine id="r1l17" custom="readingOrder {index:15;}">
                <Coords points="537,1000 1298,997 1298,954 537,958"/>
                <Baseline points="542,990 579,990 617,990 654,990 692,990 729,990 767,990 804,990 842,990 879,990 917,989 955,989 992,989 1030,989 1067,989 1105,989 1142,989 1180,989 1217,989 1255,989 1293,990"/>
                <TextEquiv>
                    <Unicode>de substantia contractus: &amp; aliquid est contractui</Unicode>
                </TextEquiv>
            </TextLine>
            <TextLine id="r1l18" custom="readingOrder {index:16;}">
                <Coords points="540,1044 1288,1039 1288,994 540,1000"/>
                <Baseline points="545,1035 581,1035 618,1035 655,1035 692,1035 729,1035 766,1035 803,1035 840,1035 877,1035 914,1035 950,1035 987,1035 1024,1035 1061,1034 1098,1034 1135,1034 1172,1034 1209,1034 1246,1032 1283,1032"/>
                <TextEquiv>
                    <Unicode>naturale: non semper de lege naturae: sed crebro de</Unicode>
                </TextEquiv>
            </TextLine>
            <TextLine id="r1l19" custom="readingOrder {index:17;}">
                <Coords points="535,1085 573,1104 657,1083 1285,1083 1284,1038 1053,1057 977,1037 748,1058 534,1041"/>
                <Baseline points="540,1080 577,1080 614,1080 651,1080 688,1080 725,1080 762,1080 799,1080 836,1080 873,1079 910,1079 947,1079 984,1079 1021,1079 1058,1079 1095,1079 1132,1078 1169,1077 1206,1077 1243,1076 1280,1076"/>
                <TextEquiv>
                    <Unicode>lege humana. Aliquid etiam est contractui acciden-</Unicode>
                </TextEquiv>
            </TextLine>
            <TextLine id="r1l20" custom="readingOrder {index:18;}">
                <Coords points="529,1128 726,1145 843,1122 1298,1123 1270,1081 748,1100 631,1083 575,1106 529,1088"/>
                <Baseline points="534,1125 573,1124 613,1124 653,1124 693,1124 733,1124 773,1124 813,1124 853,1124 893,1124 933,1124 973,1124 1013,1124 1053,1124 1093,1124 1133,1122 1173,1122 1213,1121 1253,1121 1293,1119"/>
                <TextEquiv>
                    <Unicode>tale. &amp; sic aliquid est contra substantiam contractus:</Unicode>
                </TextEquiv>
            </TextLine>
            <TextLine id="r1l21" custom="readingOrder {index:19;}">
                <Coords points="541,1181 1298,1171 1298,1131 1234,1125 726,1145 541,1129"/>
                <Baseline points="546,1167 583,1167 620,1167 658,1167 695,1167 732,1167 770,1167 807,1167 844,1167 882,1167 919,1167 956,1167 994,1167 1031,1167 1068,1167 1106,1167 1143,1167 1180,1167 1218,1167 1255,1167 1293,1167"/>
                <TextEquiv>
                    <Unicode>&amp; aliquid cotra naturam eius. sed contractus commu</Unicode>
                </TextEquiv>
            </TextLine>
            <TextLine id="r1l22" custom="readingOrder {index:20;}">
                <Coords points="538,1217 1256,1227 1295,1216 1295,1181 538,1184"/>
                <Baseline points="543,1212 580,1212 617,1212 655,1212 692,1212 729,1212 767,1212 804,1212 841,1212 879,1212 916,1212 953,1212 991,1212 1028,1212 1065,1212 1103,1212 1140,1212 1177,1212 1215,1212 1252,1212 1290,1212"/>
                <TextEquiv>
                    <Unicode>niter est indifferens ad haec accidentia &amp; sua oppo</Unicode>
                </TextEquiv>
            </TextLine>
            <TextLine id="r1l23" custom="readingOrder {index:21;}">
                <Coords points="540,1262 1196,1271 1295,1257 1295,1217 540,1220"/>
                <Baseline points="545,1254 582,1254 619,1256 656,1256 694,1256 731,1257 768,1257 805,1257 843,1257 880,1257 917,1257 954,1256 992,1256 1029,1256 1066,1256 1103,1255 1141,1254 1178,1254 1215,1254 1252,1253 1290,1253"/>
                <TextEquiv>
                    <Unicode>sita: sicut metaphysice loquendo contingit de sub-</Unicode>
                </TextEquiv>
            </TextLine>
            <TextLine id="r1l24" custom="readingOrder {index:22;}">
                <Coords points="538,1307 1236,1321 1304,1308 1304,1256 952,1262 933,1281 879,1260 538,1263"/>
                <Baseline points="543,1298 580,1299 618,1299 656,1299 694,1299 732,1299 769,1299 807,1299 845,1299 883,1299 921,1299 958,1299 996,1299 1034,1298 1072,1298 1110,1298 1147,1299 1185,1299 1223,1299 1261,1299 1299,1299"/>
                <TextEquiv>
                    <Unicode>iecto &amp; accidentibus eius. Rursus diximus quod in- </Unicode>
                </TextEquiv>
            </TextLine>
            <TextLine id="r1l25" custom="readingOrder {index:23;}">
                <Coords points="538,1348 1104,1362 1288,1346 1288,1305 538,1306"/>
                <Baseline points="543,1343 580,1343 617,1343 654,1343 691,1343 728,1343 765,1343 802,1343 839,1344 876,1344 913,1344 950,1344 987,1344 1024,1344 1061,1344 1098,1343 1135,1343 1172,1343 1209,1343 1246,1343 1283,1344"/>
                <TextEquiv>
                    <Unicode>aliquibus rebus locatis leuissima culpa conductori</Unicode>
                </TextEquiv>
            </TextLine>
            <TextLine id="r1l26" custom="readingOrder {index:24;}">
                <Coords points="534,1392 1261,1402 1291,1389 1291,1347 534,1359"/>
                <Baseline points="539,1388 576,1388 613,1388 651,1388 688,1388 725,1388 763,1388 800,1388 837,1388 875,1388 912,1388 949,1388 987,1388 1024,1388 1061,1388 1099,1388 1136,1388 1173,1388 1211,1387 1248,1386 1286,1386"/>
                <TextEquiv>
                    <Unicode>imputabitur ob preciositatem rei locatae: vel faci-</Unicode>
                </TextEquiv>
            </TextLine>
            <TextLine id="r1l27" custom="readingOrder {index:25;}">
                <Coords points="534,1438 1261,1439 1297,1436 1297,1388 1162,1407 534,1395"/>
                <Baseline points="539,1430 576,1430 614,1430 651,1431 689,1431 727,1431 764,1431 802,1431 840,1431 877,1431 915,1431 953,1431 990,1431 1028,1431 1066,1431 1103,1431 1141,1431 1179,1431 1216,1431 1254,1430 1292,1430"/>
                <TextEquiv>
                    <Unicode>lem eius corruptibilitatem. si enim ita non fieret:</Unicode>
                </TextEquiv>
            </TextLine>
            <TextLine id="r1l28" custom="readingOrder {index:26;}">
                <Coords points="538,1485 1249,1488 1301,1480 1301,1438 538,1439"/>
                <Baseline points="543,1476 580,1476 618,1476 655,1476 693,1476 731,1475 768,1476 806,1476 844,1476 881,1476 919,1476 957,1476 994,1476 1032,1476 1070,1476 1107,1476 1145,1476 1183,1476 1220,1475 1258,1475 1296,1475"/>
                <TextEquiv>
                    <Unicode>harum rerum possessores &amp; proprietarii eas non lo</Unicode>
                </TextEquiv>
            </TextLine>
            <TextLine id="r1l29" custom="readingOrder {index:27;}">
                <Coords points="541,1526 836,1521 919,1543 1110,1522 1167,1542 1304,1526 1304,1480 848,1500 714,1480 656,1512 619,1483 541,1482"/>
                <Baseline points="546,1521 583,1521 621,1521 658,1521 696,1521 734,1521 771,1521 809,1521 847,1521 884,1521 922,1521 960,1521 997,1521 1035,1520 1073,1520 1110,1520 1148,1520 1186,1520 1223,1520 1261,1520 1299,1520"/>
                <TextEquiv>
                    <Unicode>carent. ⁋ Ex his patet quod stat dare aliquem. con-</Unicode>
                </TextEquiv>
            </TextLine>
            <TextLine id="r1l30" custom="readingOrder {index:28;}">
                <Coords points="531,1570 1295,1571 1295,1540 1194,1524 1166,1542 1110,1523 531,1537"/>
                <Baseline points="536,1565 573,1565 611,1563 649,1563 686,1563 724,1563 762,1563 799,1563 837,1563 875,1564 913,1565 950,1565 988,1565 1026,1565 1063,1565 1101,1565 1139,1565 1176,1565 1214,1565 1252,1563 1290,1563"/>
                <TextEquiv>
                    <Unicode>tractum in sua naturali puritate: hoc est sine pa-</Unicode>
                </TextEquiv>
            </TextLine>
            <TextLine id="r1l31" custom="readingOrder {index:29;}">
                <Coords points="534,1616 1291,1612 1281,1569 534,1571"/>
                <Baseline points="539,1608 576,1608 613,1608 651,1608 688,1608 725,1608 763,1608 800,1608 837,1608 875,1608 912,1608 949,1608 987,1608 1024,1608 1061,1608 1099,1608 1136,1608 1173,1608 1211,1608 1248,1607 1286,1607"/>
                <TextEquiv>
                    <Unicode>ctis existentibus contra naturalia illius contractus.</Unicode>
                </TextEquiv>
            </TextLine>
            <TextLine id="r1l32" custom="readingOrder {index:30;}">
                <Coords points="540,1670 1275,1668 1297,1663 1297,1612 540,1615"/>
                <Baseline points="545,1653 582,1653 619,1653 657,1652 694,1652 731,1652 769,1652 806,1652 843,1652 881,1652 918,1652 955,1652 993,1652 1030,1653 1067,1653 1105,1653 1142,1653 1179,1653 1217,1653 1254,1652 1292,1652"/>
                <TextEquiv>
                    <Unicode>aliquando fit impure: hoc est cum circumstantiis</Unicode>
                </TextEquiv>
            </TextLine>
            <TextLine id="r1l33" custom="readingOrder {index:31;}">
                <Coords points="528,1704 788,1718 1079,1697 1257,1719 1300,1704 1300,1659 528,1674"/>
                <Baseline points="533,1697 571,1697 609,1697 647,1696 685,1695 723,1695 761,1695 799,1697 837,1697 875,1697 914,1697 952,1697 990,1697 1028,1698 1066,1698 1104,1698 1142,1698 1180,1697 1218,1697 1256,1697 1295,1695"/>
                <TextEquiv>
                    <Unicode>contra naturalia ipsius contractus. Secundo sequi</Unicode>
                </TextEquiv>
            </TextLine>
            <TextLine id="r1l34" custom="readingOrder {index:32;}">
                <Coords points="541,1747 1295,1756 1295,1703 1276,1701 1257,1720 1079,1697 1011,1716 541,1710"/>
                <Baseline points="546,1742 583,1741 620,1740 657,1740 694,1740 732,1740 769,1740 806,1740 843,1740 880,1742 918,1742 955,1742 992,1742 1029,1742 1066,1743 1104,1743 1141,1743 1178,1743 1215,1742 1252,1742 1290,1740"/>
                <TextEquiv>
                    <Unicode>tur, inane esse locatori pacisci cum conductore de</Unicode>
                </TextEquiv>
            </TextLine>
            <TextLine id="r1l35" custom="readingOrder {index:33;}">
                <Coords points="537,1795 1297,1791 1297,1758 1222,1744 1109,1762 537,1747"/>
                <Baseline points="542,1787 579,1785 617,1785 654,1785 692,1784 729,1784 767,1784 804,1784 842,1784 879,1785 917,1785 954,1785 992,1785 1029,1785 1067,1785 1104,1785 1142,1785 1179,1785 1217,1785 1254,1784 1292,1784"/>
                <TextEquiv>
                    <Unicode>conditionibus naturalibus contractus. probatur:</Unicode>
                </TextEquiv>
            </TextLine>
            <TextLine id="r1l36" custom="readingOrder {index:34;}">
                <Coords points="537,1842 1115,1847 1303,1834 1303,1794 537,1806"/>
                <Baseline points="542,1829 579,1829 617,1830 655,1830 693,1830 731,1830 768,1830 806,1830 844,1830 882,1830 920,1830 957,1830 995,1830 1033,1830 1071,1830 1109,1830 1146,1830 1184,1830 1222,1829 1260,1829 1298,1829"/>
                <TextEquiv>
                    <Unicode>quia naturalia contractus tacite ex eius natura in-</Unicode>
                </TextEquiv>
            </TextLine>
            <TextLine id="r1l37" custom="readingOrder {index:35;}">
                <Coords points="540,1892 1294,1882 1301,1833 540,1845"/>
                <Baseline points="545,1874 582,1874 620,1874 657,1874 695,1874 732,1874 770,1874 807,1874 845,1875 882,1875 920,1875 958,1874 995,1874 1033,1874 1070,1874 1108,1874 1145,1874 1183,1874 1220,1874 1258,1874 1296,1872"/>
                <TextEquiv>
                    <Unicode>sunt: ergo inaniter fit de eis conuentio. &amp; eodem</Unicode>
                </TextEquiv>
            </TextLine>
            <TextLine id="r1l38" custom="readingOrder {index:36;}">
                <Coords points="540,1925 1292,1931 1304,1878 540,1892"/>
                <Baseline points="545,1914 582,1916 620,1916 658,1917 695,1917 733,1917 771,1917 808,1917 846,1917 884,1917 922,1917 959,1917 997,1917 1035,1917 1072,1917 1110,1917 1148,1917 1185,1917 1223,1917 1261,1917 1299,1917"/>
                <TextEquiv>
                    <Unicode>modo in conductione, &amp; in reliquis contracti-</Unicode>
                </TextEquiv>
            </TextLine>
            <TextLine id="r1l39" custom="readingOrder {index:37;}">
                <Coords points="544,1971 1295,1963 1282,1924 544,1924"/>
                <Baseline points="549,1962 586,1962 623,1962 660,1962 697,1962 734,1962 771,1962 808,1962 845,1962 882,1962 919,1962 956,1962 993,1962 1030,1962 1067,1962 1104,1962 1141,1962 1178,1962 1215,1962 1252,1962 1290,1962"/>
                <TextEquiv>
                    <Unicode>bus. Tertio sequitur non propterea aliquem con-</Unicode>
                </TextEquiv>
            </TextLine>
            <TextLine id="r1l40" custom="readingOrder {index:38;}">
                <Coords points="546,2008 851,2029 1295,2015 1295,1977 1232,1967 546,1969"/>
                <Baseline points="551,2003 589,2004 628,2004 667,2004 706,2006 745,2006 784,2006 823,2006 862,2006 901,2006 939,2006 978,2006 1017,2006 1056,2006 1095,2006 1134,2006 1173,2006 1212,2006 1251,2006 1290,2006"/>
                <TextEquiv>
                    <Unicode>tractum esse illicitum quod ei apponitur conditio vel con</Unicode>
                </TextEquiv>
            </TextLine>
            <TextLine id="r1l41" custom="readingOrder {index:39;}">
                <Coords points="544,2062 1289,2054 1289,2019 1234,2007 852,2029 544,2014"/>
                <Baseline points="549,2046 585,2048 622,2048 659,2049 696,2049 732,2049 769,2049 806,2049 843,2049 879,2049 916,2049 953,2049 990,2049 1026,2048 1063,2048 1100,2048 1137,2048 1173,2048 1210,2048 1247,2049 1284,2049"/>
                <TextEquiv>
                    <Unicode>ditiones praeter vel cotra naturam ipsius: vt si condu- </Unicode>
                </TextEquiv>
            </TextLine>
            <TextLine id="r1l42" custom="readingOrder {index:40;}">
                <Coords points="541,2106 1287,2108 1303,2063 541,2065"/>
                <Baseline points="546,2093 583,2093 621,2093 658,2093 696,2093 734,2093 771,2093 809,2093 846,2093 884,2093 922,2093 959,2093 997,2093 1034,2093 1072,2093 1110,2093 1147,2093 1185,2093 1222,2093 1260,2094 1298,2094"/>
                <TextEquiv>
                    <Unicode>ctor teneatur poena leuissima ex pacto: dummodo lo</Unicode>
                </TextEquiv>
            </TextLine>
            <TextLine id="r1l43" custom="readingOrder {index:41;}">
                <Coords points="540,2143 1291,2154 1271,2100 540,2110"/>
                <Baseline points="545,2136 582,2136 619,2138 656,2138 693,2138 730,2138 767,2138 804,2138 841,2139 878,2139 915,2139 952,2139 989,2139 1026,2139 1063,2139 1100,2139 1137,2138 1174,2138 1211,2138 1248,2138 1286,2138"/>
                <TextEquiv>
                    <Unicode>cator conductorem releuet in aliquo illi oneri aequa-</Unicode>
                </TextEquiv>
            </TextLine>
            <TextLine id="r1l44" custom="readingOrder {index:42;}">
                <Coords points="547,2187 1292,2195 1292,2152 1231,2143 881,2160 841,2143 794,2165 547,2142"/>
                <Baseline points="552,2180 588,2180 625,2180 662,2181 699,2181 735,2181 772,2181 809,2181 846,2181 882,2181 919,2181 956,2181 993,2181 1029,2181 1066,2181 1103,2181 1140,2181 1176,2181 1213,2181 1250,2181 1287,2181"/>
                <TextEquiv>
                    <Unicode>li. immo dato quod esset contra substantiam contra</Unicode>
                </TextEquiv>
            </TextLine>
            <TextLine id="r1l45" custom="readingOrder {index:43;}">
                <Coords points="543,2232 1289,2242 1289,2198 1228,2190 543,2188"/>
                <Baseline points="548,2226 584,2225 621,2225 658,2225 695,2225 732,2225 768,2225 805,2225 842,2226 879,2226 916,2226 952,2226 989,2226 1026,2228 1063,2228 1100,2228 1136,2228 1173,2228 1210,2228 1247,2228 1284,2228"/>
                <TextEquiv>
                    <Unicode>ctus: &amp; esset mutatio in alium contractum ob pa</Unicode>
                </TextEquiv>
            </TextLine>
            <TextLine id="r1l46" custom="readingOrder {index:44;}">
                <Coords points="553,2291 1295,2283 1295,2241 1241,2229 553,2235"/>
                <Baseline points="558,2271 594,2271 631,2270 667,2270 704,2270 741,2270 777,2270 814,2271 850,2271 887,2271 924,2271 960,2271 997,2271 1033,2273 1070,2273 1107,2271 1143,2271 1180,2271 1216,2271 1253,2270 1290,2270"/>
                <TextEquiv>
                    <Unicode>ctum oppositum: non propterea sequitur quod contractus</Unicode>
                </TextEquiv>
            </TextLine>
            <TextLine id="r1l47" custom="readingOrder {index:45;}">
                <Coords points="534,2327 1275,2332 1288,2287 682,2292 627,2274 534,2293"/>
                <Baseline points="539,2315 576,2313 613,2313 650,2313 687,2313 725,2313 762,2313 799,2313 836,2314 873,2315 911,2315 948,2315 985,2316 1022,2316 1059,2316 1097,2316 1134,2316 1171,2315 1208,2315 1245,2313 1283,2312"/>
                <TextEquiv>
                    <Unicode>erit illicitus. stat etiam quod ille secundus contractus</Unicode>
                </TextEquiv>
            </TextLine>
            <TextLine id="r1l48" custom="readingOrder {index:46;}">
                <Coords points="534,2378 1297,2377 1298,2333 535,2326"/>
                <Baseline points="539,2358 576,2358 614,2358 651,2358 689,2358 727,2358 764,2358 802,2358 840,2358 877,2360 915,2360 953,2360 990,2360 1028,2360 1066,2360 1103,2360 1141,2360 1179,2360 1216,2360 1254,2358 1292,2358"/>
                <TextEquiv>
                    <Unicode>sit licitus: vt si dicam, dono tibi hunc equum. xx.</Unicode>
                </TextEquiv>
            </TextLine>
            <TextLine id="r1l49" custom="readingOrder {index:47;}">
                <Coords points="547,2415 1291,2421 1275,2367 547,2377"/>
                <Baseline points="552,2403 588,2403 625,2402 662,2402 698,2402 735,2402 772,2402 808,2402 845,2403 882,2403 919,2403 955,2403 992,2403 1029,2403 1065,2403 1102,2403 1139,2403 1175,2403 1212,2403 1249,2403 1286,2402"/>
                <TextEquiv>
                    <Unicode>aureis &amp; non aliter: iam mutuatio mutatur in emptio</Unicode>
                </TextEquiv>
            </TextLine>
            <TextLine id="r1l50" custom="readingOrder {index:48;}">
                <Coords points="546,2455 1221,2465 1303,2452 1303,2413 546,2420"/>
                <Baseline points="551,2447 588,2447 625,2448 663,2448 700,2449 737,2450 775,2450 812,2450 849,2450 887,2450 924,2450 961,2450 999,2450 1036,2450 1073,2450 1111,2449 1148,2448 1185,2448 1223,2448 1260,2447 1298,2447"/>
                <TextEquiv>
                    <Unicode>nem licitam. Quarto sequitur quod si quis teneatur siue</Unicode>
                </TextEquiv>
            </TextLine>
            <TextLine id="r1l51" custom="readingOrder {index:49;}">
                <Coords points="540,2499 1300,2501 1289,2451 1065,2471 540,2456"/>
                <Baseline points="545,2492 582,2492 620,2492 657,2492 695,2492 732,2492 770,2492 807,2492 845,2492 882,2493 920,2493 957,2493 995,2493 1032,2493 1070,2493 1107,2493 1145,2492 1182,2492 1220,2490 1257,2490 1295,2489"/>
                <TextEquiv>
                    <Unicode>vi contractus: siue ex pacto de culpa leuissima: etiam</Unicode>
                </TextEquiv>
            </TextLine>
            <TextLine id="r1l52" custom="readingOrder {index:50;}">
                <Coords points="535,2549 1307,2545 1307,2502 1282,2497 535,2498"/>
                <Baseline points="540,2534 578,2534 616,2535 654,2535 692,2535 730,2535 768,2535 806,2537 844,2536 882,2535 921,2535 959,2535 997,2535 1035,2535 1073,2535 1111,2535 1149,2535 1187,2535 1225,2534 1263,2534 1302,2534"/>
                <TextEquiv>
                    <Unicode>superioribus erit obnoxius scilicet culpa leui &amp;</Unicode>
                </TextEquiv>
            </TextLine>
            <TextLine id="r1l53" custom="readingOrder {index:51;}">
                <Coords points="541,2587 1303,2591 1303,2549 1273,2541 541,2549"/>
                <Baseline points="546,2576 583,2576 621,2577 658,2578 696,2579 734,2579 771,2579 809,2579 846,2580 884,2580 922,2580 959,2580 997,2580 1034,2580 1072,2580 1110,2579 1147,2579 1185,2579 1222,2579 1260,2580 1298,2580"/>
                <TextEquiv>
                    <Unicode>ascendendo: inferius enim includit superius. Ex his</Unicode>
                </TextEquiv>
            </TextLine>
            <TextLine id="r1l54" custom="readingOrder {index:52;}">
                <Coords points="541,2631 1295,2634 1295,2595 1229,2584 1092,2603 1059,2584 541,2586"/>
                <Baseline points="546,2618 583,2619 620,2620 657,2621 694,2622 732,2622 769,2623 806,2624 843,2624 880,2624 918,2624 955,2625 992,2625 1029,2625 1066,2625 1104,2625 1141,2625 1178,2625 1215,2625 1252,2624 1290,2624"/>
                <TextEquiv>
                    <Unicode>quae de mutuo, emptione, locatione, &amp; conductione</Unicode>
                </TextEquiv>
            </TextLine>
            <TextLine id="r1l55" custom="readingOrder {index:53;}">
                <Coords points="546,2695 1292,2690 1293,2636 979,2649 547,2625"/>
                <Baseline points="552,2666 588,2666 625,2667 662,2667 699,2667 735,2668 772,2669 809,2669 846,2669 882,2669 919,2670 956,2670 993,2670 1029,2670 1066,2670 1103,2670 1140,2670 1176,2670 1213,2670 1250,2669 1287,2669"/>
                <TextEquiv>
                    <Unicode>dicta sunt: multi animalium contractus dilui pos</Unicode>
                </TextEquiv>
            </TextLine>
            <TextEquiv>
                <Unicode>legato. ⁋ Ecce quid est locatio &amp; conductio: in qui-
bus vsus rei pro mercede venditur &amp; emitur, proprietate
penes locatorem manente. &amp; quod locatio &amp; coductio
est politiae humanae admodum vtilis. Quamuis autem
vsus rei metaphysice loquendo fit proprietas reali-
ter &amp; identice: tamen moraliter loquendo (nisi haec dif-
ficultas vel consimilis tangatur, non expedit illo mo
do loquendi vti. Praeterea patet quod licet mutuum in
manu mutuatarii semper pereat qui est dominus mu-
tui: tamen res locatitia, cuius locator est proprietarius
non semper perit in manu locantis sed locatarii: vt
quando locatarius est in dolo, lata culpa: vel leui.
Et ex dictis facile deprehendere potes quomodo culpa
accipiatur, &amp; per quid dolus ab omnibus speciebus
culpae segregetur. Vlterius habes: quo modo aliquid est
de substantia contractus: &amp; aliquid est contractui
naturale: non semper de lege naturae: sed crebro de
lege humana. Aliquid etiam est contractui acciden-
tale. &amp; sic aliquid est contra substantiam contractus:
&amp; aliquid cotra naturam eius. sed contractus commu
niter est indifferens ad haec accidentia &amp; sua oppo
sita: sicut metaphysice loquendo contingit de sub-
iecto &amp; accidentibus eius. Rursus diximus quod in- 
aliquibus rebus locatis leuissima culpa conductori
imputabitur ob preciositatem rei locatae: vel faci-
lem eius corruptibilitatem. si enim ita non fieret:
harum rerum possessores &amp; proprietarii eas non lo
carent. ⁋ Ex his patet quod stat dare aliquem. con-
tractum in sua naturali puritate: hoc est sine pa-
ctis existentibus contra naturalia illius contractus.
aliquando fit impure: hoc est cum circumstantiis
contra naturalia ipsius contractus. Secundo sequi
tur, inane esse locatori pacisci cum conductore de
conditionibus naturalibus contractus. probatur:
quia naturalia contractus tacite ex eius natura in-
sunt: ergo inaniter fit de eis conuentio. &amp; eodem
modo in conductione, &amp; in reliquis contracti-
bus. Tertio sequitur non propterea aliquem con-
tractum esse illicitum quod ei apponitur conditio vel con
ditiones praeter vel cotra naturam ipsius: vt si condu- 
ctor teneatur poena leuissima ex pacto: dummodo lo
cator conductorem releuet in aliquo illi oneri aequa-
li. immo dato quod esset contra substantiam contra
ctus: &amp; esset mutatio in alium contractum ob pa
ctum oppositum: non propterea sequitur quod contractus
erit illicitus. stat etiam quod ille secundus contractus
sit licitus: vt si dicam, dono tibi hunc equum. xx.
aureis &amp; non aliter: iam mutuatio mutatur in emptio
nem licitam. Quarto sequitur quod si quis teneatur siue
vi contractus: siue ex pacto de culpa leuissima: etiam
superioribus erit obnoxius scilicet culpa leui &amp;
ascendendo: inferius enim includit superius. Ex his
quae de mutuo, emptione, locatione, &amp; conductione
dicta sunt: multi animalium contractus dilui pos</Unicode>
            </TextEquiv>
        </TextRegion>
        <TextRegion orientation="0.0" id="r2" custom="readingOrder {index:1;}">
            <Coords points="1344,217 1344,2680 2144,2680 2144,217"/>
            <TextLine id="r2l2" custom="readingOrder {index:0;}">
                <Coords points="1363,335 2149,332 2149,294 2093,277 1363,291"/>
                <Baseline points="1368,327 1406,326 1445,326 1484,324 1523,324 1562,324 1600,324 1639,324 1678,324 1717,324 1756,324 1794,324 1833,324 1872,326 1911,326 1950,324 1988,324 2027,324 2066,323 2105,322 2144,321"/>
                <TextEquiv>
                    <Unicode>sunt. Sed adhuc pro maiori intelligentia deciditur</Unicode>
                </TextEquiv>
            </TextLine>
            <TextLine id="r2l3" custom="readingOrder {index:1;}">
                <Coords points="1368,389 1473,392 1518,378 1538,391 1572,375 1594,392 1687,395 1793,377 1793,347 1760,339 1700,346 1666,332 1646,348 1604,332 1502,348 1439,334 1416,348 1368,334"/>
                <Baseline points="1373,372 1398,372 1424,372 1450,372 1476,372 1502,371 1528,371 1554,371 1580,371 1606,371 1632,371 1658,371 1684,371 1710,371 1736,371 1762,371 1788,371"/>
                <TextEquiv>
                    <Unicode>super hoc quaestio sequens.</Unicode>
                </TextEquiv>
            </TextLine>
            <TextLine id="r2l6" custom="readingOrder {index:2;}">
                <Coords points="1685,638 1888,651 1976,637 2019,655 2059,639 2087,654 2133,644 2132,603 2098,584 1990,581 1958,598 1908,582 1884,601 1793,606 1744,565 1684,578"/>
                <Baseline points="1689,632 1714,632 1740,632 1766,632 1792,631 1817,630 1843,630 1869,630 1895,630 1920,629 1946,629 1972,629 1998,629 2023,630 2049,630 2075,631 2101,632 2127,633"/>
                <TextEquiv>
                    <Unicode>N cotractus socida</Unicode>
                </TextEquiv>
            </TextLine>
            <TextLine id="r2l7" custom="readingOrder {index:3;}">
                <Coords points="1693,689 1753,701 1817,685 2132,698 2132,645 2036,658 1932,641 1693,651"/>
                <Baseline points="1698,680 1723,680 1748,680 1773,680 1798,680 1824,680 1849,680 1874,680 1899,680 1925,680 1950,680 1975,680 2000,680 2026,681 2051,681 2076,681 2101,681 2127,681"/>
                <TextEquiv>
                    <Unicode>rum quibus rustici in animali</Unicode>
                </TextEquiv>
            </TextLine>
            <TextLine id="r2l8" custom="readingOrder {index:4;}">
                <Coords points="1698,736 1937,730 2110,743 2128,732 2128,700 2078,691 2005,701 1822,685 1750,700 1698,689"/>
                <Baseline points="1703,723 1729,723 1755,722 1781,722 1808,722 1834,722 1860,722 1886,723 1913,723 1939,723 1965,723 1991,723 2018,725 2044,725 2070,725 2096,725 2123,726"/>
                <TextEquiv>
                    <Unicode>bus innituntur / sit licitus. Re-</Unicode>
                </TextEquiv>
            </TextLine>
            <TextLine id="r2l10" custom="readingOrder {index:5;}">
                <Coords points="1692,781 2128,780 2128,744 2116,738 1937,731 1913,746 1884,731 1849,744 1789,731 1753,745 1692,733"/>
                <Baseline points="1697,771 1722,770 1747,768 1772,768 1797,768 1822,767 1847,767 1872,767 1897,768 1922,768 1947,768 1972,769 1997,770 2022,770 2047,770 2072,770 2097,770 2123,770"/>
                <TextEquiv>
                    <Unicode>spondetur. multifariam ru-</Unicode>
                </TextEquiv>
            </TextLine>
            <TextLine id="r2l11" custom="readingOrder {index:6;}">
                <Coords points="1698,823 1921,820 1940,833 1986,818 2076,832 2134,821 2135,784 1699,778"/>
                <Baseline points="1704,813 1729,812 1754,811 1779,810 1804,810 1829,810 1854,810 1879,811 1904,812 1929,812 1954,812 1979,813 2004,813 2029,813 2054,813 2079,813 2104,813 2130,813"/>
                <TextEquiv>
                    <Unicode>stici contrahere possunt: &amp;</Unicode>
                </TextEquiv>
            </TextLine>
            <TextLine id="line_1591457017365_317" custom="readingOrder {index:7;}">
                <Coords points="1678,872 1991,861 2060,878 2124,866 2125,834 2016,821 1965,835 1858,822 1838,832 1814,818 1679,825"/>
                <Baseline points="1683,861 1704,860 1732,857 1759,856 1787,855 1815,854 1843,854 1870,854 1898,855 1926,855 1953,856 1981,857 2009,857 2036,858 2064,858 2092,858 2120,857"/>
                <TextEquiv>
                    <Unicode>antequam damnetur vel repro-</Unicode>
                </TextEquiv>
            </TextLine>
            <TextLine id="line_1591457025388_326" custom="readingOrder {index:8;}">
                <Coords points="1681,923 1779,904 1841,921 1883,907 1942,921 1983,907 2125,909 2125,873 2092,863 2070,877 2020,861 1924,876 1811,863 1780,879 1681,871"/>
                <Baseline points="1686,900 1710,900 1737,900 1764,900 1792,900 1819,900 1846,900 1874,900 1901,900 1928,900 1956,900 1983,900 2010,901 2038,902 2065,902 2092,903 2120,903"/>
                <TextEquiv>
                    <Unicode>betur aliquis talis contractus:</Unicode>
                </TextEquiv>
            </TextLine>
            <TextLine id="r2l15" custom="readingOrder {index:9;}">
                <Coords points="1378,956 2109,960 2129,914 1378,923"/>
                <Baseline points="1383,950 1420,949 1457,948 1494,947 1531,947 1568,947 1605,945 1642,945 1679,945 1716,945 1753,944 1790,944 1827,944 1864,944 1901,944 1938,944 1975,944 2012,945 2049,945 2086,945 2124,945"/>
                <TextEquiv>
                    <Unicode>considerandum est sub qua specie contractus inclu-</Unicode>
                </TextEquiv>
            </TextLine>
            <TextLine id="r2l16" custom="readingOrder {index:10;}">
                <Coords points="1370,1008 2120,1000 2119,958 2011,951 1369,957"/>
                <Baseline points="1374,993 1411,992 1448,992 1485,992 1522,992 1559,990 1596,990 1633,990 1670,990 1707,990 1744,990 1781,989 1818,989 1855,989 1892,989 1929,989 1966,990 2003,990 2040,990 2077,992 2114,992"/>
                <TextEquiv>
                    <Unicode>datur: &amp; an sit contractus purus &amp; simplex, puta</Unicode>
                </TextEquiv>
            </TextLine>
            <TextLine id="r2l17" custom="readingOrder {index:11;}">
                <Coords points="1369,1045 2077,1052 2117,1043 2117,997 1369,1008"/>
                <Baseline points="1374,1038 1410,1038 1447,1037 1484,1037 1521,1035 1558,1035 1595,1034 1632,1034 1669,1034 1706,1034 1743,1032 1779,1032 1816,1032 1853,1032 1890,1032 1927,1032 1964,1034 2001,1034 2038,1034 2075,1035 2112,1035"/>
                <TextEquiv>
                    <Unicode>nihil habens contra naturalia illius. &amp; tunc facilius</Unicode>
                </TextEquiv>
            </TextLine>
            <TextLine id="r2l18" custom="readingOrder {index:12;}">
                <Coords points="1365,1088 2086,1091 2132,1088 2132,1043 1365,1052"/>
                <Baseline points="1370,1083 1407,1082 1445,1082 1483,1080 1521,1080 1559,1079 1597,1079 1634,1077 1672,1077 1710,1077 1748,1077 1786,1076 1824,1076 1862,1076 1899,1076 1937,1077 1975,1077 2013,1077 2051,1078 2089,1079 2127,1080"/>
                <TextEquiv>
                    <Unicode>erit iudicare: an habeat conditiones contra naturam</Unicode>
                </TextEquiv>
            </TextLine>
            <TextLine id="r2l19" custom="readingOrder {index:13;}">
                <Coords points="1368,1140 1950,1125 2031,1146 2117,1134 2117,1088 1368,1095"/>
                <Baseline points="1373,1125 1411,1125 1450,1124 1489,1124 1528,1123 1567,1122 1606,1122 1645,1122 1684,1122 1723,1122 1761,1121 1800,1121 1839,1121 1878,1121 1917,1121 1956,1122 1995,1122 2034,1122 2073,1122 2112,1124"/>
                <TextEquiv>
                    <Unicode>contractus. Videatur itaque: an si vnus obligetur ad</Unicode>
                </TextEquiv>
            </TextLine>
            <TextLine id="r2l20" custom="readingOrder {index:14;}">
                <Coords points="1369,1183 2126,1173 2125,1134 2060,1129 1368,1142"/>
                <Baseline points="1374,1170 1411,1170 1448,1169 1486,1169 1523,1169 1560,1167 1598,1167 1635,1167 1672,1167 1710,1166 1747,1166 1784,1166 1822,1166 1859,1166 1896,1166 1934,1166 1971,1166 2008,1166 2046,1166 2083,1167 2121,1167"/>
                <TextEquiv>
                    <Unicode>aliquid contra naturam contractus: alter tunm eum</Unicode>
                </TextEquiv>
            </TextLine>
            <TextLine id="r2l21" custom="readingOrder {index:15;}">
                <Coords points="1375,1222 2068,1228 2130,1218 2129,1173 1374,1186"/>
                <Baseline points="1379,1214 1416,1214 1453,1214 1490,1212 1528,1212 1565,1212 1602,1211 1639,1211 1677,1209 1714,1209 1751,1209 1788,1209 1826,1209 1863,1209 1900,1209 1937,1209 1975,1209 2012,1210 2049,1211 2086,1212 2124,1212"/>
                <TextEquiv>
                    <Unicode>releuet: an non si secundum: dicatur contractus il-</Unicode>
                </TextEquiv>
            </TextLine>
            <TextLine id="r2l22" custom="readingOrder {index:16;}">
                <Coords points="1365,1265 2137,1254 2097,1216 1365,1222"/>
                <Baseline points="1370,1257 1408,1257 1446,1257 1484,1257 1522,1257 1560,1257 1598,1256 1636,1256 1674,1256 1712,1254 1751,1254 1789,1254 1827,1254 1865,1254 1903,1254 1941,1254 1979,1254 2017,1254 2055,1256 2093,1257 2132,1259"/>
                <TextEquiv>
                    <Unicode>licitus. si primum, contractus est licitus, dummo</Unicode>
                </TextEquiv>
            </TextLine>
            <TextLine id="r2l23" custom="readingOrder {index:17;}">
                <Coords points="1366,1309 2126,1307 2107,1269 1366,1265"/>
                <Baseline points="1371,1302 1408,1302 1446,1301 1483,1301 1521,1301 1558,1301 1596,1299 1633,1299 1671,1299 1708,1299 1746,1299 1783,1298 1821,1298 1858,1298 1896,1298 1933,1298 1971,1298 2008,1298 2046,1298 2083,1299 2121,1299"/>
                <TextEquiv>
                    <Unicode>do non addatur aliqua alia circumstantia contra:</Unicode>
                </TextEquiv>
            </TextLine>
            <TextLine id="r2l24" custom="readingOrder {index:18;}">
                <Coords points="1368,1359 2092,1357 2120,1351 2120,1306 1368,1312"/>
                <Baseline points="1373,1349 1410,1347 1447,1347 1484,1346 1521,1346 1558,1344 1595,1344 1632,1343 1669,1343 1706,1342 1744,1341 1781,1341 1818,1341 1855,1341 1892,1341 1929,1341 1966,1341 2003,1343 2040,1343 2077,1344 2115,1344"/>
                <TextEquiv>
                    <Unicode>ctum inficiens. Audiat autem confessor vel alius</Unicode>
                </TextEquiv>
            </TextLine>
            <TextLine id="r2l25" custom="readingOrder {index:19;}">
                <Coords points="1368,1408 2037,1407 2132,1397 2132,1353 1368,1361"/>
                <Baseline points="1373,1391 1410,1390 1448,1389 1486,1389 1523,1388 1561,1388 1599,1388 1636,1387 1674,1386 1712,1386 1750,1386 1787,1386 1825,1386 1863,1386 1900,1386 1938,1386 1976,1388 2013,1388 2051,1388 2089,1389 2127,1389"/>
                <TextEquiv>
                    <Unicode>prudens extra confessionem contractum ipsum</Unicode>
                </TextEquiv>
            </TextLine>
            <TextLine id="r2l26" custom="readingOrder {index:20;}">
                <Coords points="1362,1439 2045,1451 2134,1439 2134,1396 1362,1409"/>
                <Baseline points="1367,1434 1405,1434 1443,1434 1481,1433 1519,1433 1557,1431 1595,1431 1633,1431 1671,1431 1709,1430 1748,1430 1786,1430 1824,1430 1862,1430 1900,1430 1938,1430 1976,1431 2014,1431 2052,1431 2090,1432 2129,1433"/>
                <TextEquiv>
                    <Unicode>cum omnibus circumstantiis requisitis: &amp; inquirat</Unicode>
                </TextEquiv>
            </TextLine>
            <TextLine id="r2l27" custom="readingOrder {index:21;}">
                <Coords points="1362,1488 2134,1481 2106,1438 1361,1451"/>
                <Baseline points="1367,1481 1405,1479 1443,1478 1481,1478 1519,1476 1557,1476 1595,1476 1633,1475 1671,1475 1709,1475 1748,1475 1786,1475 1824,1475 1862,1475 1900,1476 1938,1476 1976,1476 2014,1476 2052,1476 2090,1475 2129,1475"/>
                <TextEquiv>
                    <Unicode>a confitente vel alio consulente de circunstantiis</Unicode>
                </TextEquiv>
            </TextLine>
            <TextLine id="r2l28" custom="readingOrder {index:22;}">
                <Coords points="1377,1541 2125,1529 2135,1490 1377,1496"/>
                <Baseline points="1382,1523 1419,1521 1456,1521 1494,1521 1531,1521 1569,1520 1606,1520 1643,1520 1681,1520 1718,1520 1756,1520 1793,1520 1830,1520 1868,1520 1905,1520 1943,1520 1980,1520 2017,1520 2055,1520 2092,1521 2130,1521"/>
                <TextEquiv>
                    <Unicode>quae contractum iustificare vel inficere possunt. &amp;</Unicode>
                </TextEquiv>
            </TextLine>
            <TextLine id="r2l29" custom="readingOrder {index:23;}">
                <Coords points="1375,1575 2123,1574 2132,1531 1375,1542"/>
                <Baseline points="1380,1565 1417,1565 1454,1566 1492,1566 1529,1565 1566,1565 1604,1565 1641,1565 1678,1565 1716,1563 1753,1563 1790,1563 1828,1563 1865,1562 1902,1562 1940,1562 1977,1563 2014,1563 2052,1563 2089,1565 2127,1566"/>
                <TextEquiv>
                    <Unicode>ante omnia audita: non praecipitet sententiam: nec</Unicode>
                </TextEquiv>
            </TextLine>
            <TextLine id="r2l30" custom="readingOrder {index:24;}">
                <Coords points="1368,1625 2132,1610 2094,1570 1368,1585"/>
                <Baseline points="1373,1611 1410,1611 1448,1611 1486,1611 1523,1610 1561,1610 1599,1610 1636,1609 1674,1608 1712,1608 1750,1608 1787,1608 1825,1608 1863,1607 1900,1607 1938,1607 1976,1607 2013,1607 2051,1607 2089,1608 2127,1608"/>
                <TextEquiv>
                    <Unicode>eum pudeat geminam audire relationem more sa-</Unicode>
                </TextEquiv>
            </TextLine>
            <TextLine id="r2l31" custom="readingOrder {index:25;}">
                <Coords points="1377,1658 2131,1660 2113,1616 1377,1619"/>
                <Baseline points="1382,1653 1419,1653 1456,1653 1493,1653 1530,1653 1568,1653 1605,1653 1642,1652 1679,1652 1716,1652 1754,1652 1791,1652 1828,1652 1865,1652 1902,1652 1940,1652 1977,1652 2014,1652 2051,1652 2088,1653 2126,1653"/>
                <TextEquiv>
                    <Unicode>pientis respondentis tam in theologia quam in arti-</Unicode>
                </TextEquiv>
            </TextLine>
            <TextLine id="r2l32" custom="readingOrder {index:26;}">
                <Coords points="1372,1706 2135,1701 2135,1671 2091,1658 1372,1667"/>
                <Baseline points="1377,1698 1414,1698 1452,1697 1489,1697 1527,1697 1565,1697 1602,1695 1640,1695 1678,1695 1715,1695 1753,1695 1791,1695 1828,1695 1866,1695 1904,1695 1941,1695 1979,1695 2017,1695 2054,1695 2092,1695 2130,1695"/>
                <TextEquiv>
                    <Unicode>bus: primo argumentum integre &amp; nitide recitan-</Unicode>
                </TextEquiv>
            </TextLine>
            <TextLine id="r2l33" custom="readingOrder {index:27;}">
                <Coords points="1371,1753 2141,1751 2141,1717 2089,1703 1371,1710"/>
                <Baseline points="1376,1743 1414,1743 1452,1743 1490,1742 1528,1742 1566,1740 1604,1740 1642,1740 1680,1740 1718,1740 1756,1740 1794,1740 1832,1739 1870,1739 1908,1739 1946,1740 1984,1740 2022,1740 2060,1740 2098,1740 2136,1740"/>
                <TextEquiv>
                    <Unicode>tis, &amp; secundo ad formam respondentis. &amp; si casus</Unicode>
                </TextEquiv>
            </TextLine>
            <TextLine id="r2l34" custom="readingOrder {index:28;}">
                <Coords points="1371,1802 2114,1796 2134,1748 1371,1760"/>
                <Baseline points="1376,1787 1413,1787 1451,1785 1488,1785 1526,1785 1564,1784 1601,1784 1639,1784 1677,1784 1714,1784 1752,1784 1790,1784 1827,1784 1865,1784 1903,1784 1940,1784 1978,1784 2016,1784 2053,1784 2091,1784 2129,1784"/>
                <TextEquiv>
                    <Unicode>potissimum in confessione fuerit implicitus &amp; dif-</Unicode>
                </TextEquiv>
            </TextLine>
            <TextLine id="r2l35" custom="readingOrder {index:29;}">
                <Coords points="1371,1844 2058,1848 2134,1838 2134,1792 1371,1802"/>
                <Baseline points="1376,1830 1413,1830 1451,1829 1488,1829 1526,1829 1564,1829 1601,1829 1639,1829 1677,1829 1714,1829 1752,1829 1790,1829 1827,1829 1865,1829 1903,1829 1940,1829 1978,1829 2016,1829 2053,1829 2091,1830 2129,1830"/>
                <TextEquiv>
                    <Unicode>ficilis: capiat inducias a respondente bidui vel tri</Unicode>
                </TextEquiv>
            </TextLine>
            <TextLine id="r2l36" custom="readingOrder {index:30;}">
                <Coords points="1375,1881 2138,1885 2115,1836 1375,1839"/>
                <Baseline points="1380,1875 1417,1875 1455,1874 1492,1874 1530,1874 1568,1874 1605,1874 1643,1874 1681,1872 1718,1872 1756,1872 1794,1872 1831,1872 1869,1872 1907,1872 1944,1872 1982,1872 2020,1874 2057,1874 2095,1874 2133,1874"/>
                <TextEquiv>
                    <Unicode>dui secundum ipsius difficultatis exigentiam: &amp;</Unicode>
                </TextEquiv>
            </TextLine>
            <TextLine id="r2l37" custom="readingOrder {index:31;}">
                <Coords points="1371,1927 2129,1925 2128,1887 2058,1880 1370,1884"/>
                <Baseline points="1376,1920 1413,1920 1450,1919 1488,1919 1525,1917 1563,1917 1600,1917 1637,1917 1675,1917 1712,1916 1750,1916 1787,1916 1824,1916 1862,1916 1899,1916 1937,1916 1974,1917 2011,1917 2049,1917 2086,1917 2124,1917"/>
                <TextEquiv>
                    <Unicode>interea induciarum tempore &amp; mortuos &amp; viuos</Unicode>
                </TextEquiv>
            </TextLine>
            <TextLine id="r2l38" custom="readingOrder {index:32;}">
                <Coords points="1369,1970 2125,1973 2125,1928 2100,1924 1369,1927"/>
                <Baseline points="1374,1961 1411,1961 1448,1962 1485,1962 1523,1962 1560,1962 1597,1962 1635,1961 1672,1961 1709,1961 1747,1961 1784,1961 1821,1961 1858,1961 1896,1961 1933,1961 1970,1961 2008,1961 2045,1961 2082,1962 2120,1962"/>
                <TextEquiv>
                    <Unicode>doctores consulat: ne caecus caecum in foueam du</Unicode>
                </TextEquiv>
            </TextLine>
            <TextLine id="r2l39" custom="readingOrder {index:33;}">
                <Coords points="1377,2018 2095,2022 2132,2010 2132,1971 1377,1976"/>
                <Baseline points="1382,2009 1419,2007 1456,2007 1493,2007 1531,2007 1568,2006 1605,2006 1642,2006 1680,2006 1717,2006 1754,2006 1791,2006 1829,2006 1866,2006 1903,2006 1940,2006 1978,2004 2015,2004 2052,2004 2089,2004 2127,2004"/>
                <TextEquiv>
                    <Unicode>cat. &amp; nisi diligentiam super eiusmodi negociis fe-</Unicode>
                </TextEquiv>
            </TextLine>
            <TextLine id="r2l40" custom="readingOrder {index:34;}">
                <Coords points="1377,2060 2084,2065 2132,2059 2132,2010 1377,2025"/>
                <Baseline points="1382,2052 1419,2052 1456,2052 1493,2051 1531,2051 1568,2050 1605,2049 1642,2049 1680,2049 1717,2049 1754,2048 1791,2048 1829,2048 1866,2048 1903,2048 1940,2048 1978,2048 2015,2049 2052,2049 2089,2049 2127,2051"/>
                <TextEquiv>
                    <Unicode>cerit, erit ei crassa ignorantia &amp; vincibilis: neminem</Unicode>
                </TextEquiv>
            </TextLine>
            <TextLine id="r2l41" custom="readingOrder {index:35;}">
                <Coords points="1374,2107 2137,2103 2119,2056 1374,2062"/>
                <Baseline points="1379,2096 1416,2096 1454,2096 1491,2095 1529,2094 1567,2094 1604,2094 1642,2094 1680,2094 1717,2093 1755,2093 1793,2093 1830,2093 1868,2093 1906,2093 1943,2093 1981,2093 2019,2094 2056,2094 2094,2094 2132,2094"/>
                <TextEquiv>
                    <Unicode>a culpa excusans. Et licet absoluat confitentem &amp;</Unicode>
                </TextEquiv>
            </TextLine>
            <TextLine id="r2l42" custom="readingOrder {index:36;}">
                <Coords points="1369,2143 2091,2159 2126,2148 2126,2108 1369,2118"/>
                <Baseline points="1374,2139 1411,2139 1448,2139 1486,2139 1523,2139 1560,2139 1598,2139 1635,2139 1672,2139 1710,2139 1747,2139 1784,2139 1822,2139 1859,2139 1896,2139 1934,2139 1971,2139 2008,2139 2046,2139 2083,2139 2121,2139"/>
                <TextEquiv>
                    <Unicode>casum iustificet a casu: adhuc non excusatur: quia</Unicode>
                </TextEquiv>
            </TextLine>
            <TextLine id="r2l43" custom="readingOrder {index:37;}">
                <Coords points="1378,2191 2132,2190 2132,2155 2054,2145 1378,2147"/>
                <Baseline points="1383,2184 1420,2184 1457,2184 1494,2183 1531,2183 1569,2183 1606,2183 1643,2183 1680,2183 1717,2183 1755,2182 1792,2181 1829,2181 1866,2181 1903,2181 1941,2181 1978,2181 2015,2181 2052,2181 2089,2181 2127,2181"/>
                <TextEquiv>
                    <Unicode>licet iustum faciat: non tamen iuste, quemadmo-</Unicode>
                </TextEquiv>
            </TextLine>
            <TextLine id="r2l44" custom="readingOrder {index:38;}">
                <Coords points="1377,2237 2073,2246 2123,2236 2123,2190 1377,2191"/>
                <Baseline points="1382,2228 1418,2228 1455,2228 1492,2228 1529,2228 1566,2228 1602,2228 1639,2228 1676,2228 1713,2228 1750,2228 1786,2228 1823,2228 1860,2228 1897,2228 1934,2228 1970,2228 2007,2228 2044,2226 2081,2226 2118,2225"/>
                <TextEquiv>
                    <Unicode>dum. ii. Ethico. dicit philosophus quod quis loquitur</Unicode>
                </TextEquiv>
            </TextLine>
            <TextLine id="r2l45" custom="readingOrder {index:39;}">
                <Coords points="1380,2289 2131,2276 2131,2240 2100,2231 1380,2240"/>
                <Baseline points="1385,2271 1422,2271 1459,2271 1496,2271 1533,2271 1570,2270 1607,2270 1644,2270 1681,2270 1718,2270 1755,2270 1792,2270 1829,2271 1866,2271 1903,2271 1940,2271 1977,2271 2014,2271 2051,2271 2088,2270 2126,2270"/>
                <TextEquiv>
                    <Unicode>grammaticam &amp; non grammatice: quia non ex ha</Unicode>
                </TextEquiv>
            </TextLine>
            <TextLine id="r2l46" custom="readingOrder {index:40;}">
                <Coords points="1368,2326 2080,2333 2132,2325 2132,2276 1368,2284"/>
                <Baseline points="1373,2316 1410,2316 1448,2316 1486,2316 1523,2316 1561,2316 1599,2316 1636,2316 1674,2316 1712,2315 1750,2315 1787,2315 1825,2315 1863,2315 1900,2315 1938,2315 1976,2315 2013,2315 2051,2315 2089,2315 2127,2316"/>
                <TextEquiv>
                    <Unicode>bitu artis. Haec dixerim propter aliquos pauca prim</Unicode>
                </TextEquiv>
            </TextLine>
            <TextLine id="r2l47" custom="readingOrder {index:41;}">
                <Coords points="1381,2378 2129,2363 2129,2333 2064,2320 1381,2332"/>
                <Baseline points="1386,2360 1422,2360 1459,2361 1496,2360 1533,2360 1570,2360 1607,2360 1644,2360 1681,2360 1718,2359 1755,2358 1791,2358 1828,2358 1865,2358 1902,2358 1939,2358 1976,2358 2013,2358 2050,2358 2087,2358 2124,2358"/>
                <TextEquiv>
                    <Unicode>cipia in theologia habentes: qui casus more loro</Unicode>
                </TextEquiv>
            </TextLine>
            <TextLine id="r2l48" custom="readingOrder {index:42;}">
                <Coords points="1381,2413 2072,2421 2132,2409 2132,2375 1381,2378"/>
                <Baseline points="1386,2403 1423,2403 1460,2403 1497,2403 1534,2403 1571,2403 1608,2403 1645,2403 1682,2403 1719,2403 1756,2403 1793,2403 1830,2402 1867,2402 1904,2402 1941,2402 1978,2402 2015,2402 2052,2402 2089,2403 2127,2403"/>
                <TextEquiv>
                    <Unicode>tum Gordii implicitos mox absoluunt vel repro</Unicode>
                </TextEquiv>
            </TextLine>
            <TextLine id="r2l49" custom="readingOrder {index:43;}">
                <Coords points="1380,2463 2131,2456 2131,2415 2108,2413 1380,2414"/>
                <Baseline points="1385,2450 1422,2448 1459,2448 1496,2448 1533,2448 1570,2447 1607,2447 1644,2447 1681,2447 1718,2447 1755,2447 1792,2447 1829,2447 1866,2447 1903,2447 1940,2447 1977,2447 2014,2447 2051,2447 2088,2447 2126,2447"/>
                <TextEquiv>
                    <Unicode>bant: tam in confessione quam extra confessionem:</Unicode>
                </TextEquiv>
            </TextLine>
            <TextLine id="r2l50" custom="readingOrder {index:44;}">
                <Coords points="1388,2511 2059,2507 2138,2496 2138,2458 1387,2467"/>
                <Baseline points="1392,2493 1429,2493 1466,2492 1503,2492 1540,2492 1577,2492 1614,2492 1651,2492 1688,2492 1725,2492 1762,2491 1799,2490 1836,2490 1873,2490 1910,2490 1947,2490 1984,2490 2021,2490 2058,2490 2095,2490 2133,2490"/>
                <TextEquiv>
                    <Unicode>quod est etiam peccato secluso contra viri famam:</Unicode>
                </TextEquiv>
            </TextLine>
            <TextLine id="r2l51" custom="readingOrder {index:45;}">
                <Coords points="1378,2556 2129,2552 2129,2502 1378,2509"/>
                <Baseline points="1383,2537 1420,2536 1457,2535 1494,2535 1531,2535 1568,2535 1605,2534 1642,2534 1679,2534 1716,2534 1753,2534 1790,2534 1827,2534 1864,2534 1901,2534 1938,2535 1975,2535 2012,2535 2049,2535 2086,2535 2124,2535"/>
                <TextEquiv>
                    <Unicode>quia inquisitione posterius facta ( vt plerunque fit) </Unicode>
                </TextEquiv>
            </TextLine>
            <TextLine id="r2l52" custom="readingOrder {index:46;}">
                <Coords points="1368,2587 2132,2587 2132,2551 2082,2541 1368,2550"/>
                <Baseline points="1373,2580 1410,2580 1448,2579 1486,2579 1523,2579 1561,2577 1599,2577 1636,2577 1674,2577 1712,2577 1750,2577 1787,2578 1825,2579 1863,2579 1900,2579 1938,2579 1976,2579 2013,2579 2051,2579 2089,2579 2127,2579"/>
                <TextEquiv>
                    <Unicode>resolutionis eius inuenietur oppositum. Vlterius</Unicode>
                </TextEquiv>
            </TextLine>
            <TextLine id="r2l53" custom="readingOrder {index:47;}">
                <Coords points="1380,2633 2114,2633 2138,2626 2138,2586 1380,2596"/>
                <Baseline points="1385,2622 1422,2622 1459,2622 1497,2622 1534,2622 1572,2622 1609,2622 1646,2622 1684,2622 1721,2622 1759,2622 1796,2622 1833,2622 1871,2622 1908,2622 1946,2622 1983,2622 2020,2622 2058,2622 2095,2624 2133,2624"/>
                <TextEquiv>
                    <Unicode>considerabis: si opulenti passim ac inopes tali con</Unicode>
                </TextEquiv>
            </TextLine>
            <TextLine id="r2l54" custom="readingOrder {index:48;}">
                <Coords points="1375,2698 1457,2677 2119,2676 2137,2631 1375,2637"/>
                <Baseline points="1380,2670 1417,2670 1455,2670 1492,2670 1530,2670 1568,2670 1605,2670 1643,2669 1680,2669 1718,2669 1756,2669 1793,2669 1831,2669 1868,2669 1906,2668 1944,2667 1981,2667 2019,2667 2056,2667 2094,2667 2132,2666"/>
                <TextEquiv>
                    <Unicode>tractu vtantur: nam si ita compertum fuerit: liciti</Unicode>
                </TextEquiv>
            </TextLine>
            <TextEquiv>
                <Unicode>sunt. Sed adhuc pro maiori intelligentia deciditur
super hoc quaestio sequens.
N cotractus socida
rum quibus rustici in animali
bus innituntur / sit licitus. Re-
spondetur. multifariam ru-
stici contrahere possunt: &amp;
antequam damnetur vel repro-
betur aliquis talis contractus:
considerandum est sub qua specie contractus inclu-
datur: &amp; an sit contractus purus &amp; simplex, puta
nihil habens contra naturalia illius. &amp; tunc facilius
erit iudicare: an habeat conditiones contra naturam
contractus. Videatur itaque: an si vnus obligetur ad
aliquid contra naturam contractus: alter tunm eum
releuet: an non si secundum: dicatur contractus il-
licitus. si primum, contractus est licitus, dummo
do non addatur aliqua alia circumstantia contra:
ctum inficiens. Audiat autem confessor vel alius
prudens extra confessionem contractum ipsum
cum omnibus circumstantiis requisitis: &amp; inquirat
a confitente vel alio consulente de circunstantiis
quae contractum iustificare vel inficere possunt. &amp;
ante omnia audita: non praecipitet sententiam: nec
eum pudeat geminam audire relationem more sa-
pientis respondentis tam in theologia quam in arti-
bus: primo argumentum integre &amp; nitide recitan-
tis, &amp; secundo ad formam respondentis. &amp; si casus
potissimum in confessione fuerit implicitus &amp; dif-
ficilis: capiat inducias a respondente bidui vel tri
dui secundum ipsius difficultatis exigentiam: &amp;
interea induciarum tempore &amp; mortuos &amp; viuos
doctores consulat: ne caecus caecum in foueam du
cat. &amp; nisi diligentiam super eiusmodi negociis fe-
cerit, erit ei crassa ignorantia &amp; vincibilis: neminem
a culpa excusans. Et licet absoluat confitentem &amp;
casum iustificet a casu: adhuc non excusatur: quia
licet iustum faciat: non tamen iuste, quemadmo-
dum. ii. Ethico. dicit philosophus quod quis loquitur
grammaticam &amp; non grammatice: quia non ex ha
bitu artis. Haec dixerim propter aliquos pauca prim
cipia in theologia habentes: qui casus more loro
tum Gordii implicitos mox absoluunt vel repro
bant: tam in confessione quam extra confessionem:
quod est etiam peccato secluso contra viri famam:
quia inquisitione posterius facta ( vt plerunque fit) 
resolutionis eius inuenietur oppositum. Vlterius
considerabis: si opulenti passim ac inopes tali con
tractu vtantur: nam si ita compertum fuerit: liciti</Unicode>
            </TextEquiv>
        </TextRegion>
    </Page>
</PcGts>
