2340 3356
522 275 1286 330 quantam valent animalia: sed si tantam pecuniam
522 328 1276 372 praedicto modo daret: esset vera mutuatio. Nec
517 367 1277 417 potes per hoc effugere quod animalia non sunt res mu
510 407 1292 456 tuabiles: eo quod res mutuabilis debet habere vsum
520 453 1289 510 qui est eius cosumptio. Sic enim est in proposito: quia
513 495 1285 547 datur tibi facultas ad distrahenda ipsa animalia. si
513 543 1291 592 cut enim pecunia distractione consumitur: sic ani
514 587 1283 635 malia: quia comestio animalium est eorum consum
522 630 1276 684 ptio: & ad talem vsum conceduntur in isto casu
515 672 1282 732 ⁋ Quarto interdum conueniunt vt alter pro ali-
522 716 1292 776 nuo temporali animalia sua tradat alteri, transferen
510 762 1289 816 do eorum dominium in alterum, faciendo alium
523 807 1283 855 condominum: & alter tot animalia vicissim tradat
513 852 1289 911 vel aequiualens. ⁋ Quito vnus retinet sibiipsi pro
517 901 1282 950 prietatem animalium suorum: & communicat au
514 947 1294 992 teri vsum ipsorum: & facit eum consuarium: hoc
511 990 1283 1040 est: recipiens transfert simili modo aliquid tempo
513 1035 1289 1084 rale in tradentem: faciendo ipsum participem in eo
516 1075 1289 1121 dem temporali: quod sibi vicissim communicat:
519 1118 1282 1166 etiam non abdicando a se illud temporale. & hic
520 1162 1292 1214 contractus est societas: quia societas est contractus
513 1207 1294 1253 in quo aliquis res suas communicat alteri / facien-
513 1251 1285 1303 do eum participem dominii vel vsusfructus earun-
510 1296 1298 1348 dem / pro aliquo alio temporali sibi simili modo con-
522 1340 1286 1385 municando, non enim est mutuatio / locatio / condu
520 1385 1298 1435 ctio / aut permutatio: & sic de aliis contractibus: &
513 1432 1283 1480 est contractus simplex: ergo a sufficiente diuisio
522 1473 1286 1525 ne est societas. Multa hic quae in facto consistunt
519 1520 1292 1571 recitauimus. ⁋ Sed ad respondendum de tribus
522 1559 1297 1614 primis modis nihil oportet vltra dicta addere. nam
523 1605 1295 1658 nomo potest locare corpus suum ad operandum,
514 1655 1291 1698 & ad animalia custodienda: & hoc alter licite con-
516 1698 1288 1745 ducere potest. similiter homo potest locare sua ani-
510 1749 1296 1798 malia: & alter conducere. si ergo seruetur iustitia con-
511 1786 1295 1838 mutatiua secundum iudicium prudentum: contra
517 1835 1289 1882 ctus est licitus. semper intelligo prudentes in illa
513 1877 1279 1928 materia. in variis naque materiis variae sunt pruden
510 1923 1288 1969 tiae. senes autem pastores & rustici qui in his versa
523 1966 1294 2021 ti sunt: in hac materia prudentes sunt. Si vero aliquid
517 2011 1286 2056 capiatur in tertio contractu: est vsura: quia reputo
520 2052 1292 2103 illum contractum mutuum, propter circumstantias
522 2098 1292 2156 additas. recipiens enim tenetur de omni periculo,
519 2140 1288 2187 & potest distrahere animalia interea: ergo non te-
513 2183 1285 2236 netur ad restituenda eadem: sed completo tempo
522 2232 1298 2282 re pactionis tenetur restituere similia. modo ista es
517 2278 1288 2326 sentialiter mutuum aedificant: sicut partes homi
519 2316 1296 2375 nis hominem. De societate autem in quaestione se
521 2360 839 2427 quenti tractabimus.
529 2422 1299 2516 ⁋ Ponamus nunc aliquos casus Cvt
526 2503 1298 2563 aiunt) practicandos: eorum morem imitantes qui
526 2545 1285 2595 ob logicas regulas plenius intelligendas sophisma
523 2586 1289 2647 ta composuerunt: & similiter in medicina specula
523 2627 1290 2693 tiua & practica. Primus sit iste. Sortes tradit Pla
523 2677 1295 2737 toni centum oues: aut quot volueris ad annum vs
1375 271 2136 334 quod: tali conditione vt Plato teneatur eas & earum
1372 329 2141 375 foetus cum diligentia pascere & seruare expensis
1369 366 2143 420 suis: & foetuum fideliter Sorti dimidium assigna
1369 414 2141 473 bit: & in fine temporis easdem oues vel similes. di
1368 457 2135 516 uini iudicii vel casus fortuiti periculum sortes sub
1365 505 2138 557 ibit: reliqua ipse Plato. Cum doctus vidit contra
1369 544 2128 597 ctum seclusis circunstantiis esse licitum: quaerat a
1379 598 2130 648 confitente vel prudente rustico: an dimidia pars
1378 634 2131 687 foetuum expensis Platonis & laboribus cum one-
1374 687 2133 735 re periculi aequiualeat, nec ne: & secundum hoc re
1378 723 2134 781 spodeat. ⁋ Secundus casus. aliquis locat alteri ani
1366 774 2143 833 malia ficta: vtpote Sortes pauper rusticus a diui-
1363 814 2145 871 te petit mutuum. cui diues ait. Non mutuabo sed
1365 867 2144 912 abs te vnam vaccam emam: & sic habebis pecu
1368 907 2137 959 niam: quam vaccam tibi mox locabo: & dimittan
1366 957 2138 1004 eam apud te tanquam meam pro certa annua merce
1380 992 2144 1050 de. Cum diues sciat pauperem non habere vaccam:
1362 1036 2131 1088 non potest vaccam ab eo emere: & per consequens
1363 1087 2132 1134 non potest locare ei vaccam, ratione cuius annuam
1372 1127 2132 1181 pensionem recipiat: sed est mutuatio vsuraria. cum
1378 1176 2146 1234 enim diues nihil dederit pauperi nisi pecuniam: se
1375 1221 2132 1272 quitur quod ex pecunia tradita annuam pensionem
1375 1261 2137 1321 recipit: igitur de pecunia mutuata recipit lucrum.
1363 1301 2139 1369 & eodem modo dicatur de praediis fictis emptis.
1364 1349 2134 1407 non tamen peccaret si putaret pauperem habere
1377 1403 2131 1456 vaccam capiendo pensionem iustam. ⁋ Tertius
1363 1440 2146 1486 casus. Sortes tradit Platoni. xx. vaccas hoc mo-
1369 1480 2144 1536 do vt vaccae sint firmae: sic scilicet vt velit eas vel
1380 1533 2137 1583 earum valorem habere si pereant quomodocun
1372 1575 2138 1639 quod, vel deteriores efficiantur. cum hoc vult quod Pla
1366 1622 2148 1678 to habeat omne lucrum vel emolumentum inde
1375 1668 2131 1714 proueniens, sicut vult omne damnum & pericu-
1375 1713 2145 1758 um esse Platonis, nec vult aliquid ratione istius
1363 1753 2132 1804 contractus habere a Platone. lste contractus est li
1366 1799 2135 1853 citus: & mutuum, ac si Sortes daret tantam pecu
1368 1837 2129 1900 niam Platoni quantam valent. xx. vaccae ad tem
1377 1891 2134 1939 pus: post quod vult suam pecuniam repetere eti
1368 1938 2126 1986 am si in manu Platonis periisset. ⁋ Quartus ca
1366 1971 2131 2026 sus. a. tradit duo animalia b. per annum, volens
1368 2016 2133 2071 habere ab eo aliquot sextarios frumenti vel ali
1373 2067 2141 2120 quam aliam vtilitatem in pecunia vel in rebus con
1366 2106 2125 2163 sistentem: & omne periculum illorum animalium
1362 2151 2122 2215 imponit b. ita vt b. debeat solus sustinere pericu
1368 2192 2129 2254 lum tam deprauationis quam mortis animalium: non
1372 2238 2131 2293 tantum eius deprauationis & mortis quae ex cul
1365 2294 2128 2347 pa lata vel leui prouenerit: sed etiam eius quae ex
1359 2335 2132 2383 eius leuissima culpa: immo etiam quae sine culpa:
1372 2371 2126 2429 si scilicet fortuna vel diuino iudicio mors anima
1369 2417 2138 2473 libus contigerit. ⁋ Hunc contractum Conradus vsu
1367 2468 2132 2528 rarium dicit: & loquitur quando in tempore in
1366 2514 2128 2569 termedio quo b. vtitur animalibus: non potest
1368 2551 2128 2602 ea distrahere. Argumenta autem contra se facit
1369 2607 2129 2663 quinibus nullo pacto satisfacit. Ego quam breuissi
1366 2647 2125 2699 me vt in tota ista materia institui: rem expedi-
1357 2692 2129 2758 am. Dico igitur illum contractum nullo modo
