2379 3323
276 290 1035 358 paratis ire ad Britanniam loquatur de lucro venturo: &
283 350 1031 405 Cicero offerat sorti sexcentos francos pro lucro in fi
280 393 1040 442 ne quatuor mensium soluendos: quare sortes non po-
273 437 1028 491 terit hoc concedere platoni consocio hoc rogantirom
282 486 1026 537 pone quod sorte dicente esse periculum tam in lucro qui
276 528 1040 573 in capitali, dicat Cicero se paratum subire omne pericu
279 568 1025 622 lum gratia trecentorum francorum: periculum inquam ad quod
273 616 1030 663 non tenetur Plato: & hoc idem offerat Plato libenter: &
276 663 1027 715 cum hoc magnam sibi reputabit factam gratiam. Si po
273 701 1028 749 nas haec animalia morti naturali & casui fortuito
282 751 1043 799 esse subiecta: hoc est falsum dummodo vigiles pa-
276 789 1039 849 stores ea in itinere minent. vel pone in speciebus,
280 833 1039 881 vel aliis mercibus preciosis & raris, & quas facile
264 879 1043 931 est adducere: quas abusque Tropico capricorni he-
276 924 1034 975 sperii occidui ad Britannia paruam nauigio attulelite.
267 976 1036 1023 Haec ratio mihi persuadet contractum non esse vsura-
264 1012 1042 1073 rium: sed pono finem debitum & caetera requisi-
276 1059 1036 1111 ta. Secundo arguitur ad idem. pactum quod non est
282 1108 1034 1157 contra substantiam: sed praeter naturam contractus
273 1146 1034 1191 valet. vt. ff. de po. l. i. & in capi. vnico de commo. In-
277 1190 1039 1242 super Romanus pontifex in cap. Per vestras. de
279 1235 1036 1285 donatio. inter virum & vxorem. dicit quod dos mulieris
273 1277 1033 1334 potest committi alicui mercatori: vt de parte hone-
273 1319 1037 1373 sti lucri vir onera matrimonii possit sustentare. Non
285 1363 1030 1418 valet quod alii dicunt, non tamen debet restitui dos si
276 1415 1040 1464 percat sine culpa mercatoris. hoc inquam non valet.
276 1456 1042 1507 & ratio est: quia in illo ca. certabatur quod maritus hu
279 1498 1030 1553 ius satisdaret de dote seruanda: qui erat inopia per res
271 1544 1034 1597 sus. & Innocentius mandat vt det cautionem quam
279 1586 1042 1644 potest maritus: vel saltem mercatori alicui dos com
276 1634 1037 1688 mittatur: qui tamen si non esset obligatus in omnem
267 1674 1031 1735 euentum seruare mulieris pecuniam: peius forte agere
282 1724 1031 1777 tur cum illa quam cum marito: nec voluisset pontifex suffi
282 1769 1043 1821 cienter prouidere mulieri. quod est inconveniens. &
283 1808 1043 1857 si hoc liceat mulieri: non erit vllo modo vsura: &
279 1852 1040 1903 aliis licebit. igitur. Praeterea ad idem est lex. Si non
274 1901 1040 1953 fueritcilite. pro socio. & institu. De socie. Ss. De illa.
274 1948 1030 1993 ⁋ Tertia est opinio istius Conradi Sumenhart nec
280 1988 1039 2040 terici, contractum asserentis esse illicitum cum prima
286 2031 1037 2079 opinione: etiam si a. minimam partem lucri velit habe-
279 2077 1040 2129 re. ratio est: quia habet speciem mutui vsurarii:
282 2118 1040 2175 quia traditio illa quantum est ex forma sua / est for-
282 2166 1042 2227 ma in qua fit mutuatio: quamuis non sit propria soli
279 2210 1039 2262 mutuationi. & licet intentio possit facere quod non sit
274 2262 1037 2306 mutuatio: tamen illa non constat hominibus. & ideo
270 2299 1033 2349 ille contractus natus est infamare a. de crimine vsu
277 2345 1037 2393 rae. & sic a contrahendo agit contra charitatem sui
280 2385 1037 2438 ipsius. Dicit insuper quod ille contractus natus est scaun
283 2434 1031 2481 dalizare proximum: quia ex hoc accipiet proximus
286 2477 1037 2528 occasionem etiam contractum qui est mutuum vsu-
276 2524 1040 2563 rarium exercendi. ltem si admitteretur ille contra
283 2562 1027 2610 ctus: aperta esset ianua omnibus vsurariis. Dico
279 2601 1037 2651 hanc opinionem nullam: quia pari facilitate dicam
279 2659 1028 2705 quod non licet capere aliquid vltra sortem in mutuc
282 2696 1039 2761 ratione interesse lucri cessantis: cum multo maio-
1120 300 1879 364 ri colore quam ipse hic dicat. immo ratione damni quod
1114 349 1882 405 me fingam incurrisse: viam vsurariis aperiam. Has
1122 393 1880 441 rationes in secunda quaestione de vsura eluimus:
1123 441 1890 489 nunc autem breuitati studendum est. Introduxi duas
1123 480 1889 530 leges quas Hostiensis, & loannes Andreas pro
1114 527 1889 585 se allegarunt: quia partim cum eis conuenio. Re-
1123 565 1880 629 spondet iste ad. s. De illa. Institu. de soci. vbi dici-
1117 611 1879 675 tur quod valet pactum vt alter non sentiat de damno
1113 657 1879 721 sed de lucro. dicens hoc intelligi quod licitum sit po-
1120 700 1877 757 nenti operam pacisci vt non sentiat damnum pecu-
1116 747 1877 805 niae capitalis: sed ponens pecuniam non potest sic pa
1120 791 1880 844 cisci. Hoc non est rationabile quod liceat ponenti ope
1120 838 1877 893 ram magis pacisci quam ponenti pecuniam: & equae
1113 889 1882 937 erit species mali in vno vt in alio, non tamen me
1113 921 1885 980 fugit quod licitum sit aliquid accipere & honestum: & non
1116 965 1874 1028 pacisci de illo accipiendo: vt superius de vsura
1119 1011 1889 1066 exemplificauimus, quod mutuator potest gratis ob-
1119 1056 1888 1112 latum capere a mutuatatio: sed non super hoc pa-
1108 1097 1885 1160 cisci. verum hoc est propter speciale in sua mate-
1117 1146 1876 1201 ria. & si donator paciscatur cum donatario vt do
1113 1199 1880 1248 natarius sibi aliquid det gratis: iam est egressus
1119 1244 1882 1291 extra limites donationis: cum donum secundum
1114 1281 1880 1335 Aristote. iiii. Topicorum, sit datio irredibilis: id est,
1123 1320 1877 1375 est datio facta non propter aequiualens reddendum
1119 1364 1874 1420 datori. Dicit praeterea aliuo: quod a. praeter damnum
1122 1413 1883 1465 quod expectat in pecunia capitali in toto vel in
1123 1461 1885 1515 parte si perdatur: habet ex pectare etiam damnum
1110 1504 1876 1555 in interusorio / etiam si pecunia non perdatur. si-
1113 1537 1873 1603 cut contra b. sentit damnum perditionis opera-
1122 1589 1877 1643 rum si contingat. Et concludit quod haec solutio est
1113 1629 1883 1686 val ida: non autem illa quam dat roan. Cal. dicens
1125 1679 1877 1731 quod. S. ille intelligitur non de capitali sed de damnis
1116 1722 1886 1766 & lucris contingentibus saluo capitali. Contra
1123 1764 1880 1816 Calderinum argumentatur Conradus & bene.
1119 1809 1880 1860 si aequitati societatis non obstat quod in lucris con-
1119 1861 1864 1909 tingentibus ex interusorio pecuniae & operarum
1114 1897 1868 1956 sint ita inaequales vt vnus: vt puta etiam ille qui
1116 1940 1873 1995 dat pecuniam, sentiat lucrum sine damno op-
1116 1994 1870 2046 posito tali lucro: & hoc non possit esse nisi alter
1107 2036 1880 2089 scilicet a. alteri scilicet b. refundat onus alia via:
1108 2071 1877 2133 ergo eadem ratione etiam fieri poterit sine incur-
1114 2119 1879 2173 su iniquitatis, quod alter scilicet a. sentiat lucrum si-
1108 2163 1871 2216 ne vllo damno capitalis pecuniae: dummodo a.
1119 2214 1879 2260 refundat b. onus periculi capitalis ei impositum.
1113 2253 1879 2305 Dico quod etiam hoc argumentum factorem iugu
1116 2291 1868 2356 lat: & probat solutionem nullam quam dicit esse
1122 2333 1873 2393 validam. dicit quod non: quia a. praeter damnum
1125 2380 1877 2441 quod expectat in pecunia capitali in toto vel in
1109 2427 1866 2482 parte si perdatur, habet expectare etiam damnum
1113 2467 1874 2523 in interusorio eiusdem pecuniae / etiam si pecu-
1116 2513 1870 2561 nia non perdatur. Hoc totum est verum, sed no
1117 2557 1881 2615 dus rei est & pondus totius argumenti quo qui-
1116 2599 1865 2648 libet vteretur arguendo: cui non est satisfactum
1120 2645 1877 2695 hoc totum est redimibile precio: & potest a. rele-
1115 2687 1874 2752 uare b. in hoc quod obligat ipsum b. ad omnia onera
