2340 3356
500 289 1270 381 periculi subeunda per lucri diminutionem, quemad
504 361 1268 414 modum per sortem parisiensem ratione & exem-
516 406 899 471 plo argumentati sumus.
515 474 1269 558 ⁋ Epilogando convenientiam & dis
518 530 1280 594 crimen inter has opiniones: meam opinionem recen-
516 575 1277 637 sere & fulcire libebit. Aso & Accursius contractum
509 627 1270 681 nominatum in titulo quaestionis dicunt illicitum.
516 668 1274 728 non respondi omnibus rationibus eorum: quia
513 713 1273 781 pondus omnium consistit in hoc quod dixi soluendo
517 757 1279 812 argumentum eorum vnicum. Alia est positio Ho
522 811 1283 859 stiensis & loan. Andreae. sed iste contemporaneus
519 842 1276 901 noster Conradus contra eos arguens dicit eos si-
529 888 1286 946 pi contradicere: quia dicunt pactum valere quod po
516 935 1286 992 nens pecuniam non sentiat damnum in capitali. si
522 985 1276 1039 tamen capitale esset perditum in casu fortuito: tunc
531 1021 1285 1090 qui posuit capitale deberet in foro animae remit-
522 1065 1279 1126 tere. Ipse semper suo more non modo non capit opi
519 1109 1275 1166 niones aliorum, sed nec apparenter mentem eorum
533 1156 1291 1211 verum sparsim dicta sine intellectu ponentium
528 1201 1280 1254 impugnat. palam est quod isti profundi iurisperiti seu
522 1251 1289 1302 Canonistae volunt dicere quod licet pacisci, excipien
517 1289 1285 1345 do tamen casum fortuitum, vel qui de aequitate
529 1338 1280 1390 naturali est excipiendus. Hostiensis ergo & loan
525 1380 1280 1429 Andreas dicunt contractum esse illicitum si in ca
525 1420 1280 1476 su fortuito sit pactio. Et ex isto patet quod sibi non
535 1471 1289 1519 contradicunt, nec argumenta contra eos directa
535 1508 1294 1563 sunt ad eorum mentem. lste tertius Conradus di
528 1560 1297 1609 cit contractum esse illicitum propter speciem vsu
532 1601 1283 1648 rae: licet interdum incidat in hoc quod est contra iu-
526 1647 1300 1695 stitiam commutatiuam. Dico ego contractum esse
535 1692 1294 1747 licitum etiam in casu fortuito & quocunque alio.
544 1732 1289 1790 ⁋ Sed contra istum quartum modum adhuc ar-
540 1780 1294 1828 gumentabor pro Hostiense, & loanne Andrea.
544 1816 1303 1870 stante toto casu inter a & b. vel inter sortem & pla-
532 1869 1297 1924 tonem Parisiis, stat quod animalia in itinere aliquem
544 1908 1301 1959 morbum contrahant: frigore vel fulmine pereant:
546 1953 1292 2006 vel multis aliis modis. ergo est contra iustitiam
532 2000 1297 2052 commutatiuam a platone capere ducentos vel trecen
540 2040 1295 2093 tos francos fixos platone nihil lucrante. Fortasse
540 2084 1303 2137 alicui videbitur in hoc argumento color. sed con
547 2128 1292 2191 sideratis illis quae crebro ante diximus, argumen-
541 2176 1300 2233 tum non habet apparentiam vllam. ratio est: quia con-
537 2221 1295 2267 cludit contra verum sicut & contra falsum: ergo
546 2262 1292 2313 est elenchus sophisticus & non ponderandus. as-
543 2305 1300 2356 sumptum probo, concludit contra vnum contra-
540 2351 1301 2401 ctum quem quilibet diceret licitum / sicut contra
540 2395 1301 2451 hunc contractum. ergo si contra vnum non conclu-
540 2439 1291 2489 dit: vi huius rationis contractum non damnabis
543 2483 1307 2537 Quod probatur: si dem mille aureos mutuo sor-
545 2525 1298 2575 ti: ipse tenetur dare mihi ratione interesse. xl. au-
546 2585 1306 2624 reos: ipse enim est negociator. fures post duos dies ex
549 2621 1310 2674 quo egressus est domo mea tollunt totum capi-
540 2659 1297 2715 tale: adhuc tenebitur mihi dare vltra capitale. xl
537 2703 1310 2771 nisi inopia pressus fuerit tanta vt licite non possim
1346 302 2120 361 habere actionem contra eum repetendi. nullo mo
1349 354 2119 412 do enim est habendus respectus ad illud quod se
1363 398 2117 455 quitur: sed ad illud quod erat verosimile iudicio
1369 450 2119 499 rudentum in principio contractus: vt saepiuscu
1353 484 2120 536 le antehac diximus. Sed dicis. mutuatarius est
1350 529 2117 587 dominus mutui: & mutuum in manu domini perit.
1357 572 2114 627 Contra. idem contingit in commodato: vt dicit
1354 620 2117 668 Romanus pontifex in capitulo vnico illius titu-
1347 666 2110 718 li. & tamen commodans est dominus: tunc si dem
1356 716 2110 763 centum equos meos tibi commodato cum hoc pa-
1356 754 2123 804 cto vt sis subiectus omni periculo / quod accidere
1356 798 2125 853 potest: & si sine culpa tua omnes in die sequenti
1361 839 2117 899 pereant more bonorum lob: vel aliter non refert)
1363 876 2111 937 teneberis mihi ad restitutionem: quamuis ego sim il-
1354 928 2120 979 larum rerum dominus. ⁋ Dico ergo ad formam
1360 977 2129 1025 argumenti. postquam aliquis contractus est licitus ab
1356 1021 2117 1074 initio & aequus iudicio prudentum in illa arte: vtra-
1362 1072 2119 1114 quod pars contrahentium habet apparens lucrum.
1368 1111 2123 1163 licet enim altera pars postea, siue sine culpa, siue
1352 1150 2117 1198 cum culpa in sua negociatione deterior fiat: hoc
1370 1194 2126 1240 non inficit contractum pristinum: nec arguit ipsum
1356 1239 2117 1290 fuisse illicitum. quod nobis sufficit. & quod am-
1375 1284 2120 1334 plius est, non tenetur resarcire damnum parti quae
1360 1337 2132 1379 imprudenter negociata est / vel casu fortuito inci-
1363 1372 2126 1422 dit in suarum rerum iacturam. ⁋ Secundo argui
1359 1414 2122 1466 tur, non licet a. capere a be, nec sorti a platone, de
1365 1461 2129 1519 quibus exemplificauimus inter arguendum & in
1372 1511 2131 1557 casu quaestionis, ducentos vel trecentos francos.
1364 1546 2131 1606 probatur sic. nulli licet capere lucrum de pecunia
1362 1596 2132 1651 alterius. sed b. & Plato sunt domini istius pecu-
1374 1643 2122 1689 niae: ergo non licet a. & sorti aliquid capere ratio-
1362 1681 2138 1731 ne illius pecuniae. ⁋ Respondetur: a. & sortes adhuc
1368 1732 2138 1780 sunt domini istius pecuniae: quemadmodum po
1362 1768 2129 1821 nens in societatem pecuniam / facit socium suum
1378 1825 2120 1874 condominum. sicut econuerso si alter ponat pe
1369 1857 2120 1907 cuniam: alter etiam dat ei condominium: ita vt
1373 1902 2134 1963 pecunia sit vtriusque indistincte: quemadmodum
1374 1952 2135 2001 omnia bona erant Adae, & Euae ab initio orbis
1377 1989 2135 2046 conditi. vel si sortes ponit pecuniam & plato ope
1380 2031 2138 2084 tam: Plato est condominus illius pecuniae, de qua
1371 2081 2128 2131 accipit partiale lucrum. quod autem condominium
1380 2123 2134 2175 tradidit ei sortes, & iterato sortes est condomi-
1380 2170 2131 2228 nus operarum platonis in illa negociatione exhi-
1374 2213 2135 2267 bitarum, patet: quia ponens pecuniam in societa-
1375 2259 2129 2312 tem non exuit a se totale dominium pecuniae suae:
1368 2300 2132 2349 & propterea non recipit de alieno ponens solam
1374 2352 2135 2403 pecuniam in sortem: sed de suo, non enim sequi-
1378 2400 2132 2447 tur: pecunia est consocii Platonis: ergo est alie-
1383 2435 2129 2485 num, hoc est nullo modo eius, quemadmodum de
1383 2486 2146 2530 equo in statu innocentiae, qui fuit Euae: non ta-
1378 2522 2134 2578 men sequitur quod erat alienum ab Adam, id est non
1377 2563 2138 2618 eius: licet alienum improprie valde loquendo: id
1375 2611 2144 2665 est non solius eius. Dico etiam quod rem assecurari
1377 2655 2141 2706 ab alio non arguit assecurantem in re illa habere
1386 2698 2132 2750 dominium vllum: immo stat quod assecuratus solus
