2303 3320
237 358 1012 431 cuniae: sed assecurationem pecuniae conseruandae ca
240 421 998 474 pit ne in sua manu pereat: & incertum lucrum pro mi-
244 464 998 518 nore certo vendit. Omnia enim ista tam in societate quam in
243 509 1007 559 aliis contractibus valent. dat enim alteri / puta pecu-
231 558 1006 600 niam suscipienti, optionem, an velit has duas conditio-
240 597 1007 647 nes societati adiungere: an tenere regulas commu-
234 634 1001 691 nes societatis. ergo est bona fraternitas, quemad
240 684 992 738 modum si essent duo ponentes aliqua in communi.
235 728 1002 782 Sortes & Plato: & Plato semper daret Sorti optio
238 783 1000 828 nem, esset bona fraternitas. Secundo dico ipsum non
246 814 1003 871 esse illicitum: nec ipsum includere specien mali si bene
243 857 997 912 circumstantionetur. Rationes Conradi & aliorum in praece
245 903 995 954 dentibus euacuaui. Vna autem circumstantia est & requi
240 951 1007 998 sita ad hoc vt contractus sit licitus: vce quod non ca-
253 992 1000 1040 piatur vltra latitudinem iusti precii in illis duabus
240 1042 997 1090 conditionibus adiectis: siue dicantur contractus siue
243 1081 994 1138 non: puta quod alter sociorum libentius vel saltem ita liben
237 1127 1003 1182 ter (sed honestius est libentius) assecuret pecuniam
240 1166 997 1232 ponentem: malens capere diminutionem lucri / & im-
240 1215 997 1278 ponentem pecuniam assecurare / quam oppositum. Fodem
236 1256 1006 1326 grano salis condiatur alia conditio adiecta: scilicet ven
249 1304 1001 1358 dendo lucrum incertum pro lucro certo: quia multo mi-
236 1341 1010 1398 nus de lucro certo potest lucrum in spe incertum valere
237 1388 1000 1441 Et secundum magnitudinem periculi diminuendum est
238 1437 1000 1495 lucrum istud. Propterea istud clanculum non debet fie
233 1480 993 1543 ri nisi iam a consuetudine contractus inualuerit: quod
236 1524 1006 1589 qualiter prosequendum sit statim cognoscitur. Secundo
246 1574 1009 1624 considerandum est, an negociatores pecuniam capien-
238 1612 988 1672 tes passim fiant ditiores: quia hoc indicium est qui
243 1661 1009 1721 pecuniam ponentes non notabiliter habent meliorem
243 1705 1000 1762 partem: & licet securiorem habeant, non refert. hoc enim
241 1748 1001 1808 crebro est in mutuo & in emptione. Multi autem con
237 1792 1001 1847 tractus non considerantes multos licitos reprobant.
236 1834 991 1889 sane istum non iudico reprobandum, non tamen sum
249 1882 1004 1933 nescius quin a contractu periculoso abstinendum sit.
241 1917 995 1982 Et licet iste sit licitus, prout existimo: vt multi ali
249 1966 1003 2019 sunt: non tamen in sermone ad populum mercatorum ali-
241 2014 1000 2079 quid super hoc dicerem. Etiam nullus contractus de
245 2053 994 2124 quo non sufficienter constat quod sit illicitus, inter mer
239 2100 997 2166 catores vsitatus tamquam vtilis, est reprobandus. Vlte-
247 2142 1000 2216 rius patet quod iniquus est contractus quo socius tam
236 2188 1003 2250 tum in lucro certo accipit quantum alter in lucro anci
237 2240 994 2300 piti: puta componendo cum cosocio vel alio, de incer
243 2275 1001 2342 to lucro. Ex eodem fonte sequitur quod si pecuniam ca-
239 2323 997 2386 piens subiectus sit periculo: & noreleuetur socius
234 2377 1006 2434 per aequiualens, hoc est per aliquid eligibile aeque
240 2413 998 2466 ac illud est fugibile: contractus est iniquus. In super
240 2464 1000 2519 si homines passim hunc contractum exerceant: non ementes
235 2495 998 2565 agros vbi in copetenti praecio inueniri possunt, vel
244 2554 1003 2601 no expectantes naturalia societatis de periculo &
243 2591 1000 2655 damno, contra contractum est mala praesumptio. nam
240 2640 1003 2697 quaero ex eis quare hunc contractum aliis negle-
237 2693 992 2739 ctis exerceant. Qui circumstantias omnes nouit a contra
234 2726 995 2788 hentibus: qui vt puto variantur ad contrahentium
230 2773 1002 2835 arbitrium: potest melius de singulis iudicare. qui
1083 353 1840 424 libet enim est bonus iudex eorum quae nouit. Ego
1080 415 1837 464 autem in certo numero & specie circumstantiarum
1074 465 1831 518 contentus maneo: quia in specialissimis iubet Pla
1074 503 1274 568 to quiescere.
1100 593 1813 677 ⁋ Distinctionis Decimaequintae
1094 654 1831 730 Quaest. Quinquagesima & Vltima.
1341 731 1399 817 cam
1384 735 1843 822 Am nouem & qua-
1386 806 1843 863 idraginta quaestiones in hac
1362 855 1834 912 la distinctione vtcumque pro tem-
1354 895 1838 955 Gporis penuria absoluimus t
1387 943 1838 1007 & potissimum de restitutione
1382 984 1832 1039 la decima quaestione loquuti
1379 1025 1822 1083 sumus. reliquum est pro numer
1075 1079 1831 1136 quinquagenarii complemento quaestionem quinquage-
1078 1128 1838 1174 simam adiicere, quaerendo de ordine restitutionis:
1078 1172 1844 1223 quia super hoc mentionem non fecimus. Propterea quin
1078 1210 1838 1265 quagesimo circa hanc distinctionem quaeritur: Vtrum in
1071 1255 1841 1305 restitutione pluribus facienda aliquis sit seruandus
1072 1297 1843 1345 ordo, & quis. ⁋ Respondetur per duas conclusiones
1081 1342 1844 1391 Prior est. restitutio primo est facienda cognitis &
1077 1392 1834 1435 certis. patet conclusio. quia cognoscitur dominus cuius
1081 1432 1841 1480 bona ipso inuito detinentur. de aliis autem potest esse
1077 1475 1832 1524 dilatio ad tempus. Semper enim domini rerum si res
1080 1519 1837 1571 ipsae extent: omnibus sunt praeponendi. l. Veri. S. In bo-
1069 1562 1835 1617 nis. litt. de priui. cre. & si res fuerint transsatae in alium
1084 1608 1847 1665 puta in emptorem: restituam pecuniam: & antiquo do
1080 1660 1841 1712 mino reddam. ⁋ Secunda coclusio. Caeteris paribus
1086 1696 1840 1749 prius restitutio debet fieri illi a quo prius res
1074 1743 1834 1793 ablata est. nam qui prior est tempore: potior est iure.
1077 1787 1847 1839 si autem vnus magnam patiatur necessitatem & alius
1084 1835 1520 1889 nullam: caetera sunt imparia.
1084 1882 1838 1974 ⁋ Ecce quintandecimam distinctionem:
1077 1961 1838 2020 in qua memoriae mandabis quod restitutio famae est
1068 2009 1841 2067 periculosa & difficilis: & multi in ea delinquunt. ca-
1083 2059 1840 2102 uendum est ergo summe: ne quis illo peccato pec
1080 2097 1837 2148 cet quo alterius iniuste fama lacerant. Quando autem
1083 2137 1835 2192 peccatum aliquod est secretum: nec est suspicio
1083 2186 1837 2241 vlla de viro: non debet homo ipsum confiteri su-
1077 2231 1834 2288 periori quaerenti: sed dicere ei inquirenti: quod inor-
1071 2271 1846 2325 dinate haec inquirit: & forum dei sibi vsurpat. Et
1075 2319 1843 2370 eodem modo respondendum est si abbas vel ali-
1077 2371 1846 2420 quis superior dicat in capitulo. sub poena excon-
1068 2415 1840 2458 municationis dicat mihi quilibet peccata secreta
1084 2453 1847 2500 socii sui vel sua ipsius. si vnus sciat peccatum meum
1077 2502 1843 2551 secretum: non debet illud propalare. & per conse
1077 2546 1840 2597 quens nec ego meum. superior autem male fa-
1075 2585 1839 2642 cit haec inquirendo. Circa materiam homicidii dixi
1077 2629 1838 2686 hominem posse ad mortem damnati ne comedat:
1071 2674 1828 2728 & si cibus ponatur ante eum: potest licite non
1081 2716 1838 2774 comedere. probatio erat: quia potest quis damna-
1081 2767 1841 2826 ri ad mortem, & apertis ostiis omnibus carceris
