2283 3325
198 317 965 401 alio non sentit: quem alius illo cibo ieiunus odo
199 383 962 438 ratu deprehendit. Siciter si assuetum aliena rapere in vtri
196 418 968 479 usque regni Britannici limitibus ceperis proponendo
195 464 965 523 ei rapinae & furti inhonestatem: illam statim nega-
200 508 958 568 bit. Sic in Politia ecclesiastica iudicatus ab omnibus
205 550 967 618 sapientibus neutris plura habere quam deceat, non assen
202 594 973 662 tiet ipse habens: & ita in caeteris id genus exemplifica
200 641 967 703 re potes. Quodlibet autem aliud ius a iure naturae est ius
207 682 966 754 positiuum siue ciuilet vt. v. Ethico. vii. exemplificat
201 729 970 797 Arist. mina captiuos redimi: vel capram diis: sed
200 782 964 831 non duas oues mactare: vt sacra Bryseidi facere.
194 818 962 877 In talibus sufficit illd iurisconsulti, quod principi placuit
200 864 970 924 legis habet vigorem. ldem patet. itur. de leg. & senatus
207 903 976 969 consul. lege. No omnium quae constituta sunt ratio reddi
206 957 973 1018 potest. Non enim potest dari ratio vltra voluntatem legissa-
206 1000 980 1055 toris: quare homo vsucapione triennio & praescriptio-
206 1040 962 1113 ne decemnio acquint dominium rei vsucaptae vel praescripte
209 1081 979 1142 & non alio tempore. Et hoc ius multifariam scinditur.
202 1129 965 1195 Nam quoddam est positiuum diuinum, quoddam positiuum cano
208 1170 976 1230 nicum, quoddam positiuum ciuile. ⁋ lus diuinum est proposon in
206 1216 968 1279 sacro canone contenta si non sit de iudicialibus vel
201 1253 974 1319 cerimonialibus in lege Mosaica / vel ex ea in certa
200 1310 970 1376 consequentia illata. Definio legem diuinam prout
207 1348 967 1409 legi gratiae immutabili convenit. ⁋ Ex isto patet: si ali-
206 1396 968 1456 quid sequitur ex vna proponne vel pluribus sacri canonis
206 1436 967 1498 in consequentia certa: illi simili certitudine assentiendum
207 1481 971 1540 est. Cognitis enim maiore & minore simlul cogno-
212 1525 977 1595 scitur conclusio. i. Posteriorum. Non refert siue in cose-
212 1569 971 1641 quentia materiali siue formali sequatur: dummodo per lo-
214 1619 976 1680 cum intrisecumn deducatur. Hoc addo / quia alioquin oporte
213 1661 976 1718 ret dicere, quod ista / sortes possibiliter currit: & quilibet
207 1700 968 1773 propon necessiria, esset de iure diuino, quod concedere non
200 1753 975 1815 solemus. Locum extrinsecum in pro posito voco
212 1791 977 1859 quando solum ob consequentis necessitatem infer-
213 1828 967 1896 tur. Dixi (in consequentia certa i quia si illatio fuerii
216 1881 970 1941 solum probabilis, non est illibate consequens de fide nisi
221 1926 979 1983 laxato vocabulo: & secundum gradu ponendo: qui erit
212 1968 982 2040 quando aliquid a traditione apostolorum ad dies ntros
219 2013 973 2076 vsque traditur fuisse ex institutione Christi. hoc modo
218 2058 980 2118 de aliquibus sacramentis a Christo institutis admi-
206 2102 982 2160 niculatiuam probationem capimus: & de multis consue-
219 2148 979 2207 tudinibus ecclesiasticis laudabilibus: vt de mul-
219 2190 982 2251 tis ordinibus inferioribus: & de caelibatu post or
226 2236 977 2294 dines sacros susceptos. Tertius gradus est: Quam
226 2290 977 2348 do aliquis habet aliquid a deo reuelatione interi
221 2324 970 2390 ori vel exteriori, quem gradum solum illi apud
218 2370 975 2431 quos constat, accipere tenentur. patet exemplari-
223 2410 976 2472 ter. iii. Regum. xx. Vir quidam de filiis propheta
220 2457 983 2517 rum dixit ad socium suum in sermone domini, percu
217 2507 983 2560 te me. at ille noluit percutere, cui ait, quia noluisti au-
214 2546 979 2617 dire vocem domini: ecce recedas a me & percutiet
230 2592 983 2652 te leo. quod & factum est. quia enim socius eius co-
225 2633 979 2705 gnouit eum esse prophetam: ci parere debebat: non
219 2682 976 2737 autem alius qui hoc ignorauit. ⁋ Ex omnibus
223 2727 994 2796 his patent aliquae propositiones. Prima. Licet
1050 312 1808 369 ius positiuum quodlibet contra ius naturae in tri
1044 375 1798 428 plici acceptione acceptum distinguatur: tamen ius diui
1041 413 1808 460 num nunc cum vnoinunc cum alio coincidit. Ter
1039 453 1805 508 tium piaeceptum decalogi in monte Sinai Moy
1041 498 1802 550 si datum erat ius positiuum diuinum: reliqua o-
1045 540 1805 593 mnia de iure naturali in aliqua acceptione. Secundo
1043 588 1798 649 patet quod aliquid erat de iure diuimo quod ordinabat de
1051 631 1811 687 pacifica conuersatione humana: vt patet de legi
1041 673 1798 730 bus iudicialibus in Exodo positis. Ex quo sequi-
1048 730 1799 772 tur quod non est de ratione legis diuinae immediate oi
1040 764 1810 815 dinare in beatitudinem. Quarto sequitur aliquid
1047 808 1811 867 incontracte sumptum esse de iure naturae vel di-
1045 856 1808 908 uino, cui si addatur restrictio, totum erit de iure po
1045 892 1801 946 sitiuo: interdum de nullo iure. vt confiteri pecca-
1052 938 1816 991 ta est de iure diuino: in festo paschae confiteri est
1048 989 1805 1038 de iure humano: confiteri in Pentecoste de nullo
1050 1029 1805 1081 iure. Simiter punire furem & reipublicae perturbato
1050 1072 1801 1124 rem est de iure naturae: sed punire eum hoc mo-
1046 1115 1798 1168 do, puta vltimo supplicio / vel ad restituendum
1047 1160 1796 1216 duplum pro furto immanifesto: & quadruplum aro
1053 1216 1811 1260 manifesto, est solum de iure humano. Sed pro-
1053 1247 1808 1312 positio sequens ex multis propositionibus di-
1051 1292 1810 1344 uersi iutis: partem debiliorem insequitur. Et si se-
1041 1340 1824 1396 quatur ex duabus propositionibus: quarum vna
1051 1385 1813 1437 est de aliquo iure & reliqua de nullo: conclusio si so
1051 1424 1804 1477 lum ab eis capit euidentiam, de nullo iure erit. com
1051 1471 1811 1522 clusio enim debiliorem partem insequitur si solum ro-
1055 1515 1810 1569 bur a praemissis capiat. patet exemplariter. Nullus in
1053 1568 1825 1613 dignus duobus beneficiis potest capere duo bene-
1050 1607 1820 1657 ficia / aut plura, sortes est indignus duobus benefi-
1052 1650 1820 1704 ciis: ergo non potest capere duo aut plura. maior
1051 1699 1822 1747 est nota in lumine naturali. Et sicut oportet con
1055 1739 1808 1791 sultare cum sapientibus qui viri idoneitatem no
1051 1781 1815 1834 uerunt, circa conclusionem: ita circa minorem con
1048 1827 1285 1886 sultandum est.
1061 1889 1813 1969 ⁋ Verborum significationibus pau-
1062 1959 1813 2017 lulum late ex industria declaratis, pono titulo quae
1057 2006 1829 2065 stionis conclusiones aliquas responsiuas. ⁋ Pri
1053 2059 1810 2105 ma est. Pro cuiuscunque legis tempore post pecca
1056 2094 1829 2146 tum erant aliqua sacramenta, vel vicem sacramen
1054 2142 1820 2185 torum supplentia: vel aliquae aliae protestationes
1050 2185 1822 2236 Haec probatur: quia quocunque tempore erat mor
1065 2225 1810 2278 bus in natura: erat medicina contra illum morbum.
1053 2276 1819 2328 sed quolibet tempore post peccatum Adae erat
1052 2317 1825 2370 morbus in natura: igitur. Discursus patet cum
1065 2357 1812 2410 minore. Et maior apparet: quia deus qui sum-
1048 2410 1814 2464 me est misericors, non reliquit humanum genus
1054 2447 1817 2506 sine remedio pro paruulis saltem. videtur aut quod nul-
1062 2497 1817 2549 lum erat aliud remedium. ⁋ Secunda conclusio, pro
1062 2534 1814 2587 alia & alia lege congruum fuit habere aliud & aliud
1056 2580 1825 2639 sacramentum: & ita factum est. quod congruum fuit, probatur
1059 2632 1819 2685 quia in processu generationis humanae semper creuit non
1051 2665 1825 2722 tiria veritatis: vt patet per Gregorium super Ezechielen
1062 2715 1819 2787 Homilia. iiii. Deus ordinate agens procedit de per
