2340 3364
487 358 1240 431 in qualibet parte & in quolibet instanti illius horae
489 419 1244 465 habuit grauam. sed aliqualis potest dari manuductio
484 461 1232 514 sicut quod Sortes fuerit in aliquo tempore, & in nullo
487 514 1232 567 instanti illius: & in cuiussibet temporis praecedentis
486 554 1232 607 aliqua parte non fuit: nec datur tempus adaequatum non
487 598 1244 649 existentiae eius separatum ab eius existentia: nec datur
487 644 1238 696 maximum tempus adaequatum in quo est. Hoc patet:
487 696 1229 741 quia si in vltimo instanti non esse horae decimae deus
493 731 1244 775 creet vnum hominem vel angelum: iam potest crea
490 775 1238 827 re vnum hominem vel angelum immediate post vlti-
492 820 1243 870 mum instans non esse. & qua ratione potest creare vnum
486 862 1243 919 post vltimum instans no esse, eadem ratione potest crea
477 909 1244 957 re vnum hominem vel angelum immediate ante vlti-
477 946 1237 999 mum instans non esse. sit vltimum instans non esse nunc
490 996 1232 1048 nstans praesens: iam de angelo praecedente hoc instans
489 1050 1240 1096 vertitur tota difficultas. Sed de hoc distinctione
487 1087 1234 1140 quadragesimasexta futurus est sermo. & enuclea-
487 1129 1244 1185 tio solutionis huius nobis patrocinabitur. ⁋ Sed
480 1176 1241 1225 redeundo ad principalem solutionem: contra eam sic ar
479 1219 1234 1273 gumentor. Ex ea sequuntur istae conclusiones abso-
483 1265 1243 1317 nae. Prima. Sortes in quolibet instanti suae vitae fuit
486 1308 1234 1362 in gratia: & tamen damnabitur aeternaliter. de lege
483 1351 1241 1404 loquor. supponamus promouentia priorem partem
487 1394 1241 1449 copulatiuae quae tuipse facile capis. pro secunda per:
486 1440 1244 1493 te volo quod a. sit primum instans non esse Sortis: iam
477 1487 1238 1530 in quolibet instanti suae vitae fuit in gratia: & pecca
471 1530 1238 1582 uit mortaliter ante finem vitae suae per te, & non detesta
483 1570 1247 1622 tus est illud mortale: prout supponitur: ergo damna-
481 1619 1243 1672 bitur. Secunda conclusio. Sortes peccauit mortali-
477 1665 1231 1712 ter: & in nullo instanti vitae suae caruit, caret, vel ca
481 1706 1244 1759 rebit gratia. hoc patet supponendo quod in a. instanti
487 1753 1241 1799 detestetur peccatum praecedens, non enim caruit gratia:
487 1801 1231 1849 vt patet ex dictis. suppono ea quae promouent illam de
489 1841 1235 1886 futuro: illa autem de praesenti constat per contritionem.
487 1886 1243 1940 Tertia conclusio. Sortes peccauit mortaliter, & tamen
478 1932 1231 1982 non datur vltimum instans non esse illius peccati: vel
480 1975 1241 2029 primum instans esse illius quo ad inceptionem.
483 2020 1244 2066 ⁋ Respondetur concedendo istas conclusiones. de pri-
480 2059 1231 2120 ma enim non est quaestio. & vltima patet per simile de
474 2106 1228 2157 tertio angelo. Secunda conclusio simiter conceditur. Etiam
478 2151 1226 2198 illic dici potest quod gratia praecedens annihilatur in a
486 2194 1235 2242 instanti, & gratia contritionis in illo infunditur,
480 2237 1229 2290 aequiualens pristinae gratiae: cum ad maiorem gratiam
486 2280 1228 2333 semper peccator resurgat vt postea dicetur. Immo
484 2330 1241 2383 concedere oportebit quod alicui gratia infunditur in
481 2374 1241 2425 baptismo, vel decedit cum gratia baptismali, quam in
487 2416 1241 2467 nullo instanti vitae habebit fidem & spem, quod patet.
484 2457 1240 2511 si baptizatus decedat in primo instanti non esse ver-
474 2507 1239 2560 borum: decedit in gratia: & tamen in nullo instanti vitae
487 2545 1229 2605 suae habebit fidem, nec in primo instanti non esse ha
493 2602 1238 2648 pebit fidem: quia in illo erit beatus, & tunc fides
484 2643 1244 2691 non manet prout supponitur. Neque oportet facere
484 2682 1235 2733 difficultatem per propositionem de inesse illius: Sortes
492 2730 1234 2785 peccauit: quia ipsa est vera / scilicet Sortes peccat
487 2778 1030 2841 in tempore terminato ad a. instans.
1317 366 2081 453 ⁋ Sequitur secunda positio quod stante
1317 443 2084 493 casu argumenti Sortes non peccauit ante a. instans
1324 485 2087 545 sed solu in a. instanti primo peccat. Probatur haec po-
1311 526 2083 578 sitio. casus non videtur negandus: & positio Adae
1314 576 2075 630 non videtur sufficiens: & praecedens forte tibi non place
1315 615 2072 663 bit: nec videtur alius modus dicendi: ergo iste suffi-
1318 660 2078 714 cit. consequentia claret. Si alium dicendi modum inueni-
1309 700 2081 762 re potes, suscipiemus illum tamquam probabilem, non tamen pro-
1309 753 2087 808 mittimus hos modos topicos inficiari, esto alium
1315 797 2078 841 dederis qui nobis non occurrit. ⁋ Sed contra istud
1313 842 2078 895 argumentor. praeceptum erat Sorti diligere deum ante
1311 893 2075 933 a. & non dilexit ante a. ergo omisit ante a. Secundo
1309 927 2075 982 arguitur, tunc est ei primo impossibile implere prae
1314 981 2081 1029 ceptum. ⁋ Ad primum concedo antecedens pro vtra
1309 1021 2081 1069 quod parte: sed consequentia est inualida: quia solum se
1314 1062 2066 1118 quitur quod peccat primo in a. sic dicit Altisiodorus
1318 1105 2069 1160 quem multi neoterici imitantur, vt dicit Adam.
1314 1154 2080 1207 intelligit alios tunc scribentes Oxoniae. & post eos
1311 1191 2078 1245 illo modo loannes Gerson vtitur pro regula.
1312 1239 2066 1285 Ad secundum argumentum diceretur forte apparen-
1309 1280 2081 1343 ter negando antecedens: immo tunc est possibile
1308 1325 2076 1378 implere praeceptum. sed antecedente concesso non
1320 1370 2067 1424 probatur consequentia. Tertio arguitur. Sortes
1320 1413 2071 1474 potest in a conteri de hoc quod prius omisit. Quar
1309 1468 2075 1509 to. cum toto casu stat quod Sortes moriatur in a-
1308 1503 2062 1551 habens vsum liberi arbitrii ad a. vsque: & tunc non
1321 1545 2075 1605 peccaret in a. quia esset extra statum viae. Tertium
1302 1591 2078 1640 argumentum est nullum, non prius omisit, dicit
1318 1635 2072 1691 positio: & detestatio est solum respectu praeceden-
1323 1680 2071 1729 tis peccati. quare non video apparentiam in illo
1308 1726 2069 1775 argumento. Ad quartum argumentum admitto
1318 1772 2069 1833 casum: & concedo quod tunc non peccat in a. cum
1309 1812 2075 1865 in illo instanti non sit. sed positio intelligit si ma
1309 1860 2072 1912 neat in instanti illud tempus terminante. Quinto
1308 1911 2059 1955 arguitur. ponatur quod Sortes non diligat deum in
1307 1946 2065 1992 a. sed immediate post a. detestetur suu peccatum
1311 1991 2069 2039 tunc sequitur quod peccatum Sortis durabit solum
1318 2035 2069 2082 per vnum instans: & sic rei permanentis dabitur vl
1311 2082 2063 2135 timum instans completum, contra Aristotelem. viii.
1311 2126 2069 2175 Physico. & communem philosophiam. Sexto ar-
1308 2170 2072 2226 guitur. ponendo quod deus praecipiat Sorti diligere
1309 2211 2081 2270 se ante finem intrinsecum horae: tunc currit argu
1318 2264 2066 2309 mentum. Ad quintum admisso casu dicitur quod pec-
1314 2301 2079 2349 catum Sortis durabit quatuor annos & durabit in
1313 2344 2069 2395 caelo. Secunda propositio, non durabit peccatum Sortis
1320 2391 2072 2443 vltra vnum instans. Ad sextum dicitur quod est idem cum
1309 2436 2074 2486 casu principali: quia in nullo instanti ante illud in-
1312 2480 1529 2541 stans omittit.
1319 2517 2076 2600 ⁋ Secundo arguitur contra conclusio
1315 2591 2081 2636 nem. gratia expellit peccatum mortale & contra: er-
1315 2629 2071 2690 go oportet quod simul sint in anima. consequentia te-
1308 2678 2075 2732 net: quia alioquin sese expellere non possent. ⁋ Re
1320 2719 2081 2774 spondetur distinguendo quod gratia mortale pecca-
1309 2771 2077 2834 tum expellat: vel ex natura rei vt calor frigus. & sic
