<?xml version="1.0" encoding="UTF-8" standalone="yes"?>
<PcGts xmlns="http://schema.primaresearch.org/PAGE/gts/pagecontent/2013-07-15" xmlns:xsi="http://www.w3.org/2001/XMLSchema-instance" xsi:schemaLocation="http://schema.primaresearch.org/PAGE/gts/pagecontent/2013-07-15 http://schema.primaresearch.org/PAGE/gts/pagecontent/2013-07-15/pagecontent.xsd">
    <Metadata>
        <Creator>prov=University of Rostock/Institute of Mathematics/CITlab|PLANET AI GmbH/Gundram Leifert/gundram.leifert@planet-ai.de:name=cod-Bda113-model2(htr_id=24733)::::v=2.6.6
prov=University of Rostock/Institute of Mathematics/CITlab|PLANET AI GmbH/Tobias Gruening/tobias.gruening@planet-ai.de:name=de.uros.citlab.module.baseline2polygon.B2PSeamMultiOriented:v=2.6.6
prov=University of Rostock/Institute of Mathematics/CITlab|PLANET AI GmbH/Tobias Gruening/tobias.gruening@planet-ai.de:name=/net_tf/LA73_249_0mod360.pb:de.uros.citlab.segmentation.CITlab_LA_ML:v=2.6.6
Transkribus</Creator>
        <Created>2020-04-17T22:23:22.938+02:00</Created>
        <LastChange>2020-06-19T05:21:36.908+02:00</LastChange>
        <TranskribusMetadata docId="371227" pageId="14532610" pageNr="374" tsid="32171033" status="IN_PROGRESS" userId="25065" imgUrl="https://files.transkribus.eu/Get?id=LTAJBCZVGHSZJDOJZWHQQLTJ&amp;fileType=view" xmlUrl="https://files.transkribus.eu/Get?id=MTRWQQYGHNYMFOQUZAEQHGZQ" imageId="10488987"/>
    </Metadata>
    <Page imageFilename="0374.jpg" imageWidth="2308" imageHeight="3352">
        <ReadingOrder>
            <OrderedGroup id="ro_1592575798395" caption="Regions reading order">
                <RegionRefIndexed index="0" regionRef="TextRegion_1591484527893_696"/>
                <RegionRefIndexed index="1" regionRef="TextRegion_1591484527893_695"/>
            </OrderedGroup>
        </ReadingOrder>
        <TextRegion orientation="0.0" id="TextRegion_1591484527893_696" custom="readingOrder {index:0;}">
            <Coords points="447,236 1260,236 1260,2746 447,2746"/>
            <TextLine id="r1l3" custom="readingOrder {index:0;}">
                <Coords points="450,357 1199,362 1199,305 1002,321 956,300 897,323 816,300 745,320 450,297"/>
                <Baseline points="455,344 493,344 532,344 571,344 610,344 649,344 688,344 727,344 766,344 805,344 843,344 882,344 921,344 960,344 999,344 1038,344 1077,344 1116,344 1155,345 1194,345"/>
                <TextEquiv>
                    <Unicode>sitione. sicut de sacerdotum caelibatu: vt distin</Unicode>
                </TextEquiv>
            </TextLine>
            <TextLine id="r1l5" custom="readingOrder {index:1;}">
                <Coords points="453,406 1195,406 1195,362 1127,352 453,355"/>
                <Baseline points="458,389 494,389 531,389 567,389 604,389 641,389 677,389 714,389 750,389 787,389 824,389 860,389 897,389 933,389 970,389 1007,389 1043,389 1080,389 1116,389 1153,389 1190,389"/>
                <TextEquiv>
                    <Unicode>ctione. xxiiii. elucescet. ltem si esset de iure humi</Unicode>
                </TextEquiv>
            </TextLine>
            <TextLine id="r1l7" custom="readingOrder {index:2;}">
                <Coords points="457,452 1182,449 1208,444 1208,398 457,407"/>
                <Baseline points="462,431 499,432 536,432 573,432 610,432 647,432 684,432 721,432 758,432 795,432 832,432 869,432 906,432 943,432 980,432 1017,432 1054,432 1091,432 1128,432 1165,432 1203,432"/>
                <TextEquiv>
                    <Unicode>no, essent deobligati a confessione hac per totam suam</Unicode>
                </TextEquiv>
            </TextLine>
            <TextLine id="r1l9" custom="readingOrder {index:3;}">
                <Coords points="465,494 1166,491 1211,484 1211,444 465,451"/>
                <Baseline points="470,477 506,477 543,478 580,479 617,479 654,479 690,479 727,479 764,477 801,477 838,477 874,477 911,477 948,477 985,477 1022,477 1058,477 1095,476 1132,476 1169,476 1206,476"/>
                <TextEquiv>
                    <Unicode>vitam illi apud quos est consuetudo no confitendi</Unicode>
                </TextEquiv>
            </TextLine>
            <TextLine id="r1l11" custom="readingOrder {index:4;}">
                <Coords points="460,542 1153,545 1205,534 1205,487 460,498"/>
                <Baseline points="465,522 501,522 538,524 575,524 612,524 648,524 685,524 722,522 759,522 795,522 832,522 869,521 906,521 942,521 979,521 1016,521 1053,521 1089,521 1126,521 1163,521 1200,522"/>
                <TextEquiv>
                    <Unicode>quod non videtur dicendum. Praeterea probatio vltimae con-</Unicode>
                </TextEquiv>
            </TextLine>
            <TextLine id="r1l13" custom="readingOrder {index:5;}">
                <Coords points="454,576 1126,583 1205,576 1205,536 454,544"/>
                <Baseline points="459,567 496,567 533,566 570,566 607,566 644,566 681,566 718,566 755,566 792,567 829,567 866,567 903,567 940,567 977,567 1014,567 1051,567 1088,566 1125,566 1162,565 1200,564"/>
                <TextEquiv>
                    <Unicode>clusionis hanc conclusionem infert. ⁋ Quarta conclu-</Unicode>
                </TextEquiv>
            </TextLine>
            <TextLine id="r1l15" custom="readingOrder {index:6;}">
                <Coords points="456,619 1208,625 1208,580 1183,573 456,576"/>
                <Baseline points="461,611 498,611 535,612 572,612 609,612 646,612 683,612 720,611 757,611 794,611 832,611 869,611 906,611 943,609 980,609 1017,609 1054,609 1091,609 1128,609 1165,609 1203,609"/>
                <TextEquiv>
                    <Unicode>sio patet: quia ad hoc non habetur locus in lege Mo</Unicode>
                </TextEquiv>
            </TextLine>
            <TextLine id="r1l17" custom="readingOrder {index:7;}">
                <Coords points="457,666 1201,666 1201,624 1176,620 947,615 902,637 457,619"/>
                <Baseline points="462,657 498,657 535,656 572,656 608,656 645,656 682,656 718,654 755,654 792,654 829,654 865,654 902,653 939,653 975,653 1012,653 1049,653 1085,654 1122,654 1159,654 1196,654"/>
                <TextEquiv>
                    <Unicode>saica: ergo non est de illa lege. consequentia est nota</Unicode>
                </TextEquiv>
            </TextLine>
            <TextLine id="r1l19" custom="readingOrder {index:8;}">
                <Coords points="460,713 1117,720 1208,710 1208,666 460,669"/>
                <Baseline points="465,702 501,701 538,700 575,699 612,699 649,699 686,699 723,698 760,698 797,698 834,698 870,698 907,698 944,698 981,699 1018,699 1055,699 1092,699 1129,699 1166,699 1203,699"/>
                <TextEquiv>
                    <Unicode>saltem in primo gradu &amp; indubitato illius legis. &amp;</Unicode>
                </TextEquiv>
            </TextLine>
            <TextLine id="r1l21" custom="readingOrder {index:9;}">
                <Coords points="447,750 1201,757 1202,713 448,718"/>
                <Baseline points="452,744 489,743 526,743 563,743 600,743 638,743 675,743 712,743 749,743 786,743 824,743 861,743 898,743 935,743 972,743 1010,743 1047,743 1084,743 1121,744 1158,744 1196,744"/>
                <TextEquiv>
                    <Unicode>antecedens patet: quia ipso negato det aduersarius</Unicode>
                </TextEquiv>
            </TextLine>
            <TextLine id="r1l23" custom="readingOrder {index:10;}">
                <Coords points="459,794 1201,798 1188,753 459,751"/>
                <Baseline points="464,788 500,788 537,788 573,788 610,788 647,788 683,788 720,788 756,788 793,788 830,788 866,788 903,788 939,788 976,788 1013,788 1049,788 1086,788 1122,788 1159,789 1196,789"/>
                <TextEquiv>
                    <Unicode>locum in illa lege in quo hoc contineatur. Insuper Hi</Unicode>
                </TextEquiv>
            </TextLine>
            <TextLine id="r1l25" custom="readingOrder {index:11;}">
                <Coords points="454,849 1205,840 1205,806 1123,796 454,795"/>
                <Baseline points="459,834 496,833 533,832 570,831 607,831 644,831 681,831 718,831 755,831 792,831 829,833 866,833 903,833 940,833 977,834 1014,834 1051,834 1088,833 1125,833 1162,833 1200,831"/>
                <TextEquiv>
                    <Unicode>braei corticem illius legis seruantes nullo modo aur</Unicode>
                </TextEquiv>
            </TextLine>
            <TextLine id="r1l27" custom="readingOrder {index:12;}">
                <Coords points="457,882 775,901 811,882 1151,900 1208,883 1208,851 1145,841 457,847"/>
                <Baseline points="462,875 499,875 536,876 573,876 610,876 647,876 684,876 721,876 758,876 795,876 832,876 869,876 906,876 943,876 980,876 1017,876 1054,876 1091,876 1128,875 1165,875 1203,875"/>
                <TextEquiv>
                    <Unicode>culariter confitentur: ergo non est de illa lege in aliquo</Unicode>
                </TextEquiv>
            </TextLine>
            <TextLine id="r1l29" custom="readingOrder {index:13;}">
                <Coords points="459,939 1195,933 1204,887 459,894"/>
                <Baseline points="464,923 500,921 537,921 574,921 611,920 647,920 684,920 721,920 758,920 794,920 831,920 868,920 905,921 941,921 978,921 1015,921 1052,921 1088,921 1125,921 1162,920 1199,920"/>
                <TextEquiv>
                    <Unicode>gradu. licet autem ista cosequentia sit apparens: non tame</Unicode>
                </TextEquiv>
            </TextLine>
            <TextLine id="r1l30" custom="readingOrder {index:14;}">
                <Coords points="453,976 1208,986 1208,939 1085,927 453,938"/>
                <Baseline points="458,965 495,965 532,965 569,965 607,965 644,966 681,966 718,966 756,966 793,966 830,966 867,966 905,966 942,966 979,966 1016,966 1054,966 1091,965 1128,965 1165,965 1203,965"/>
                <TextEquiv>
                    <Unicode>est solida vtrobique, vt patet de Messiae aduentu quo</Unicode>
                </TextEquiv>
            </TextLine>
            <TextLine id="r1l32" custom="readingOrder {index:15;}">
                <Coords points="456,1025 1208,1015 1208,987 1072,973 776,973 719,994 652,972 456,977"/>
                <Baseline points="461,1007 498,1007 535,1008 572,1008 609,1010 646,1010 683,1010 720,1010 757,1010 794,1010 832,1010 869,1010 906,1010 943,1010 980,1008 1017,1008 1054,1008 1091,1008 1128,1008 1165,1008 1203,1010"/>
                <TextEquiv>
                    <Unicode>ex lege Mosaica deduci potest: licet illi proterue</Unicode>
                </TextEquiv>
            </TextLine>
            <TextLine id="r1l34" custom="readingOrder {index:16;}">
                <Coords points="450,1070 1190,1068 1202,1022 450,1027"/>
                <Baseline points="455,1052 492,1052 529,1052 566,1053 603,1053 640,1053 677,1053 714,1053 751,1053 788,1053 826,1053 863,1053 900,1053 937,1053 974,1053 1011,1053 1048,1053 1085,1053 1122,1052 1159,1052 1197,1052"/>
                <TextEquiv>
                    <Unicode>reluctentur. Et quia haec conclusio ab omnibus concedi</Unicode>
                </TextEquiv>
            </TextLine>
            <TextLine id="r1l36" custom="readingOrder {index:17;}">
                <Coords points="442,1103 1211,1115 1195,1064 442,1074"/>
                <Baseline points="447,1097 486,1097 526,1098 566,1098 606,1098 646,1098 686,1098 726,1098 766,1098 806,1098 846,1098 886,1098 926,1098 966,1097 1006,1097 1046,1097 1086,1097 1126,1097 1166,1097 1206,1097"/>
                <TextEquiv>
                    <Unicode>nec est magnae vtilitatis: idcirco alias probationes</Unicode>
                </TextEquiv>
            </TextLine>
            <TextLine id="r1l38" custom="readingOrder {index:18;}">
                <Coords points="459,1147 675,1165 818,1144 982,1172 1211,1149 1211,1118 1176,1110 459,1116"/>
                <Baseline points="464,1142 501,1142 538,1143 575,1143 612,1143 649,1143 686,1143 723,1143 760,1143 797,1143 835,1143 872,1142 909,1142 946,1142 983,1142 1020,1142 1057,1140 1094,1140 1131,1140 1168,1141 1206,1142"/>
                <TextEquiv>
                    <Unicode>non adduco. ⁋ Quinta conclusio: quamquam aliqua in eius</Unicode>
                </TextEquiv>
            </TextLine>
            <TextLine id="r1l40" custom="readingOrder {index:19;}">
                <Coords points="457,1204 1206,1194 1205,1159 1174,1152 982,1172 796,1148 456,1158"/>
                <Baseline points="461,1187 499,1187 538,1187 577,1187 616,1187 655,1187 694,1187 733,1187 772,1187 811,1187 849,1187 888,1187 927,1187 966,1187 1005,1187 1044,1185 1083,1185 1122,1185 1161,1185 1200,1185"/>
                <TextEquiv>
                    <Unicode>probationem in tertiae conclusionis probatione addu</Unicode>
                </TextEquiv>
            </TextLine>
            <TextLine id="r1l42" custom="readingOrder {index:20;}">
                <Coords points="456,1238 1214,1245 1199,1194 456,1203"/>
                <Baseline points="461,1230 498,1230 535,1230 573,1230 610,1232 648,1232 685,1232 722,1232 760,1232 797,1232 835,1232 872,1232 909,1232 947,1232 984,1232 1022,1231 1059,1230 1096,1230 1134,1229 1171,1229 1209,1227"/>
                <TextEquiv>
                    <Unicode>cta fuere: adhuc probatur per illud quod scribitur Iacobi. ii</Unicode>
                </TextEquiv>
            </TextLine>
            <TextLine id="r1l44" custom="readingOrder {index:21;}">
                <Coords points="460,1295 1211,1282 1211,1249 1177,1235 1047,1253 460,1239"/>
                <Baseline points="465,1274 502,1275 539,1275 576,1275 613,1275 650,1276 687,1277 724,1277 761,1277 798,1277 835,1275 872,1275 909,1275 946,1275 983,1275 1020,1275 1057,1275 1094,1275 1131,1274 1168,1274 1206,1274"/>
                <TextEquiv>
                    <Unicode>Confitemini alterutrum peccata vestra. qua aucto</Unicode>
                </TextEquiv>
            </TextLine>
            <TextLine id="r1l46" custom="readingOrder {index:22;}">
                <Coords points="450,1329 1125,1340 1205,1329 1205,1281 450,1294"/>
                <Baseline points="455,1319 492,1319 529,1319 566,1319 604,1319 641,1319 678,1319 715,1319 753,1319 790,1319 827,1319 864,1319 902,1319 939,1319 976,1319 1013,1319 1051,1319 1088,1319 1125,1319 1162,1319 1200,1319"/>
                <TextEquiv>
                    <Unicode>ritate praemissa sic argumentor. Omnia illa quae eodem</Unicode>
                </TextEquiv>
            </TextLine>
            <TextLine id="r1l48" custom="readingOrder {index:23;}">
                <Coords points="453,1368 1207,1372 1207,1335 1174,1321 1126,1340 453,1334"/>
                <Baseline points="458,1364 495,1364 532,1364 569,1364 606,1364 644,1365 681,1365 718,1365 755,1365 792,1365 830,1365 867,1365 904,1365 941,1365 978,1364 1016,1364 1053,1364 1090,1364 1127,1362 1164,1362 1202,1362"/>
                <TextEquiv>
                    <Unicode>contextu promulgantur, eandem vim obligandi ha</Unicode>
                </TextEquiv>
            </TextLine>
            <TextLine id="r1l50" custom="readingOrder {index:24;}">
                <Coords points="453,1428 1136,1423 1211,1417 1211,1371 453,1372"/>
                <Baseline points="458,1409 495,1409 532,1409 570,1409 607,1409 645,1410 682,1410 719,1410 757,1410 794,1410 832,1410 869,1409 906,1409 944,1409 981,1409 1019,1409 1056,1408 1093,1407 1131,1407 1168,1407 1206,1406"/>
                <TextEquiv>
                    <Unicode>bent. sed beatus lacobus illic extremam vnctionem</Unicode>
                </TextEquiv>
            </TextLine>
            <TextLine id="r1l52" custom="readingOrder {index:25;}">
                <Coords points="459,1466 1208,1471 1217,1415 459,1425"/>
                <Baseline points="464,1451 501,1452 538,1454 576,1454 613,1454 651,1454 688,1454 725,1454 763,1454 800,1454 838,1454 875,1452 912,1452 950,1452 987,1451 1025,1451 1062,1451 1099,1451 1137,1451 1174,1452 1212,1452"/>
                <TextEquiv>
                    <Unicode>praeceptiue promulgat: cui in capite praefato confes-</Unicode>
                </TextEquiv>
            </TextLine>
            <TextLine id="r1l54" custom="readingOrder {index:26;}">
                <Coords points="456,1515 1217,1512 1217,1470 1153,1460 456,1468"/>
                <Baseline points="461,1496 498,1497 536,1497 573,1497 611,1497 648,1497 686,1497 723,1497 761,1497 798,1497 836,1497 874,1497 911,1497 949,1496 986,1496 1024,1496 1061,1496 1099,1494 1136,1494 1174,1494 1212,1494"/>
                <TextEquiv>
                    <Unicode>sionem adiugit, sic inquiens. Infirmatur quis inter</Unicode>
                </TextEquiv>
            </TextLine>
            <TextLine id="r1l56" custom="readingOrder {index:27;}">
                <Coords points="454,1544 663,1563 1214,1551 1198,1502 454,1512"/>
                <Baseline points="459,1541 496,1541 534,1541 571,1542 609,1542 646,1542 684,1542 721,1542 759,1542 796,1542 834,1542 871,1542 909,1542 946,1542 984,1541 1021,1541 1059,1541 1096,1539 1134,1539 1171,1538 1209,1538"/>
                <TextEquiv>
                    <Unicode>vos: inducat presbyteros. &amp; postea subiugit. Con-</Unicode>
                </TextEquiv>
            </TextLine>
            <TextLine id="r1l58" custom="readingOrder {index:28;}">
                <Coords points="460,1595 1156,1603 1204,1597 1204,1548 460,1553"/>
                <Baseline points="465,1583 501,1584 538,1584 575,1586 611,1586 648,1586 685,1587 721,1587 758,1586 795,1586 832,1586 868,1586 905,1586 942,1584 978,1584 1015,1584 1052,1584 1088,1584 1125,1584 1162,1584 1199,1584"/>
                <TextEquiv>
                    <Unicode>fitemini alterutrum peccata vestra. Alii non refellum</Unicode>
                </TextEquiv>
            </TextLine>
            <TextLine id="r1l60" custom="readingOrder {index:29;}">
                <Coords points="459,1642 1213,1637 1213,1595 459,1592"/>
                <Baseline points="464,1629 501,1631 538,1631 575,1631 612,1631 650,1631 687,1631 724,1631 761,1631 798,1631 836,1630 873,1629 910,1629 947,1629 984,1629 1022,1629 1059,1628 1096,1628 1133,1628 1170,1628 1208,1629"/>
                <TextEquiv>
                    <Unicode>hanc auctoritatem quin propositum probet, per hoc quod</Unicode>
                </TextEquiv>
            </TextLine>
            <TextLine id="r1l62" custom="readingOrder {index:30;}">
                <Coords points="453,1681 1217,1688 1217,1643 1146,1634 453,1642"/>
                <Baseline points="458,1673 495,1673 533,1674 571,1674 608,1674 646,1674 684,1674 721,1674 759,1674 797,1674 835,1674 872,1674 910,1674 948,1673 985,1673 1023,1673 1061,1673 1098,1673 1136,1673 1174,1673 1212,1673"/>
                <TextEquiv>
                    <Unicode>subiungitur, Orate pro vobis inuicem. quia sic de</Unicode>
                </TextEquiv>
            </TextLine>
            <TextLine id="r1l64" custom="readingOrder {index:31;}">
                <Coords points="460,1731 1216,1734 1216,1691 1184,1682 460,1683"/>
                <Baseline points="465,1718 502,1718 539,1718 576,1719 614,1719 651,1719 688,1719 726,1719 763,1719 800,1718 838,1718 875,1718 912,1718 949,1716 987,1716 1024,1716 1061,1716 1099,1716 1136,1716 1173,1716 1211,1715"/>
                <TextEquiv>
                    <Unicode>bent confessor &amp; confitens saltem debito congruita</Unicode>
                </TextEquiv>
            </TextLine>
            <TextLine id="r1l66" custom="readingOrder {index:32;}">
                <Coords points="456,1772 1173,1779 1208,1770 1208,1727 456,1733"/>
                <Baseline points="461,1760 498,1761 535,1761 572,1763 609,1763 646,1763 683,1763 720,1763 757,1763 794,1763 832,1761 869,1761 906,1761 943,1761 980,1761 1017,1760 1054,1760 1091,1760 1128,1760 1165,1761 1203,1761"/>
                <TextEquiv>
                    <Unicode>tis: &amp; probi confessores sic dicunt confitentibus in re</Unicode>
                </TextEquiv>
            </TextLine>
            <TextLine id="r1l68" custom="readingOrder {index:33;}">
                <Coords points="451,1813 1217,1814 1217,1781 1073,1770 451,1781"/>
                <Baseline points="456,1806 493,1806 531,1806 569,1806 607,1806 645,1806 682,1806 720,1808 758,1808 796,1808 834,1806 871,1806 909,1806 947,1806 985,1806 1023,1806 1060,1805 1098,1805 1136,1805 1174,1805 1212,1803"/>
                <TextEquiv>
                    <Unicode>cessu. Oremus pro nobis inuicem. Insuper loan. xx.</Unicode>
                </TextEquiv>
            </TextLine>
            <TextLine id="r1l69" custom="readingOrder {index:34;}">
                <Coords points="453,1856 1221,1863 1220,1814 453,1817"/>
                <Baseline points="458,1850 495,1850 533,1851 571,1851 609,1851 647,1851 685,1851 722,1851 760,1851 798,1851 836,1851 874,1851 912,1850 950,1850 987,1850 1025,1848 1063,1848 1101,1848 1139,1848 1177,1848 1215,1848"/>
                <TextEquiv>
                    <Unicode>scribitur post Curisti passionem. Accipite spiritum</Unicode>
                </TextEquiv>
            </TextLine>
            <TextLine id="r1l71" custom="readingOrder {index:35;}">
                <Coords points="465,1901 1176,1913 1213,1900 1213,1868 464,1857"/>
                <Baseline points="470,1893 506,1895 543,1895 580,1895 617,1895 654,1895 691,1895 728,1895 765,1895 802,1895 839,1895 875,1893 912,1893 949,1893 986,1893 1023,1892 1060,1892 1097,1892 1134,1892 1171,1892 1208,1893"/>
                <TextEquiv>
                    <Unicode>sanctum: quorum remiseritis peccata remittuntur eis.</Unicode>
                </TextEquiv>
            </TextLine>
            <TextLine id="r1l73" custom="readingOrder {index:36;}">
                <Coords points="462,1957 1214,1958 1220,1908 461,1903"/>
                <Baseline points="467,1937 504,1937 541,1938 579,1938 616,1940 654,1940 691,1940 728,1940 766,1940 803,1940 841,1938 878,1938 915,1938 953,1938 990,1937 1028,1937 1065,1937 1102,1937 1140,1937 1177,1937 1215,1937"/>
                <TextEquiv>
                    <Unicode>&amp; hoc non potest fieri nisi alii eis peccata reserent</Unicode>
                </TextEquiv>
            </TextLine>
            <TextLine id="r1l75" custom="readingOrder {index:37;}">
                <Coords points="456,1992 1198,1990 1198,1956 1068,1943 456,1956"/>
                <Baseline points="461,1980 497,1980 534,1982 570,1982 607,1982 644,1982 680,1982 717,1982 753,1982 790,1982 827,1981 863,1980 900,1980 936,1980 973,1980 1010,1979 1046,1979 1083,1979 1119,1979 1156,1980 1193,1980"/>
                <TextEquiv>
                    <Unicode>ergo tenentur eis peccata detegere. Auctoritate</Unicode>
                </TextEquiv>
            </TextLine>
            <TextLine id="r1l77" custom="readingOrder {index:38;}">
                <Coords points="460,2041 1210,2031 1209,1992 1118,1984 460,2000"/>
                <Baseline points="465,2024 502,2024 539,2025 576,2025 613,2025 650,2025 687,2025 724,2025 761,2025 798,2025 835,2025 872,2024 909,2024 946,2024 983,2024 1020,2024 1057,2024 1094,2024 1131,2024 1168,2024 1205,2025"/>
                <TextEquiv>
                    <Unicode>autem introductae sunt legis gratiae. ergo confessio es</Unicode>
                </TextEquiv>
            </TextLine>
            <TextLine id="r1l79" custom="readingOrder {index:39;}">
                <Coords points="462,2083 1220,2086 1220,2041 1193,2035 462,2043"/>
                <Baseline points="467,2069 504,2070 541,2070 579,2070 616,2070 654,2070 691,2070 728,2070 766,2070 803,2069 841,2069 878,2069 915,2067 953,2067 990,2067 1028,2067 1065,2067 1102,2067 1140,2067 1177,2068 1215,2069"/>
                <TextEquiv>
                    <Unicode>de lege gratiae. Praeterea confessio est de aliquo iu</Unicode>
                </TextEquiv>
            </TextLine>
            <TextLine id="r1l81" custom="readingOrder {index:40;}">
                <Coords points="457,2123 1217,2129 1217,2088 1169,2080 457,2084"/>
                <Baseline points="462,2114 499,2114 537,2114 574,2114 612,2114 649,2114 687,2114 724,2112 762,2112 799,2112 837,2112 874,2111 912,2111 949,2111 987,2111 1024,2111 1062,2111 1099,2112 1137,2112 1174,2112 1212,2114"/>
                <TextEquiv>
                    <Unicode>re vt patet per primam conclusionem. &amp; non de iure</Unicode>
                </TextEquiv>
            </TextLine>
            <TextLine id="r1l83" custom="readingOrder {index:41;}">
                <Coords points="456,2177 1211,2177 1210,2122 1189,2119 456,2126"/>
                <Baseline points="461,2159 498,2159 535,2158 572,2157 610,2157 647,2156 684,2156 721,2156 759,2156 796,2155 833,2154 870,2154 908,2154 945,2154 982,2154 1019,2154 1057,2156 1094,2156 1131,2156 1168,2156 1206,2156"/>
                <TextEquiv>
                    <Unicode>naturae vel humano per secundam &amp; tertiam conclusio-</Unicode>
                </TextEquiv>
            </TextLine>
            <TextLine id="r1l85" custom="readingOrder {index:42;}">
                <Coords points="466,2209 1214,2220 1213,2177 1132,2165 465,2175"/>
                <Baseline points="471,2202 507,2202 544,2202 581,2201 618,2201 655,2201 692,2201 729,2201 766,2199 803,2199 840,2199 876,2199 913,2199 950,2199 987,2201 1024,2201 1061,2201 1098,2201 1135,2202 1172,2202 1209,2202"/>
                <TextEquiv>
                    <Unicode>nes: nec de iure diuino Mosaico per quartam. ergo</Unicode>
                </TextEquiv>
            </TextLine>
            <TextLine id="r1l87" custom="readingOrder {index:43;}">
                <Coords points="463,2262 1223,2264 1223,2216 463,2220"/>
                <Baseline points="468,2247 505,2247 543,2246 580,2246 618,2244 655,2244 693,2244 730,2244 768,2243 805,2243 843,2243 880,2243 918,2243 955,2243 993,2243 1030,2244 1068,2244 1105,2244 1143,2244 1180,2244 1218,2244"/>
                <TextEquiv>
                    <Unicode>est de lege gratiae. Vlterius arguitur ad idem. hoc sem</Unicode>
                </TextEquiv>
            </TextLine>
            <TextLine id="r1l89" custom="readingOrder {index:44;}">
                <Coords points="459,2308 1217,2299 1217,2264 1143,2255 459,2259"/>
                <Baseline points="464,2294 501,2292 538,2292 576,2291 613,2289 651,2289 688,2289 725,2288 763,2288 800,2288 838,2288 875,2288 912,2288 950,2288 987,2288 1025,2288 1062,2289 1099,2289 1137,2289 1174,2289 1212,2291"/>
                <TextEquiv>
                    <Unicode>per a principio nascentis ecclesiae ab omnibus ten</Unicode>
                </TextEquiv>
            </TextLine>
            <TextLine id="r1l91" custom="readingOrder {index:45;}">
                <Coords points="466,2343 1211,2346 1211,2307 1185,2296 466,2310"/>
                <Baseline points="471,2337 507,2336 544,2336 581,2336 618,2334 654,2334 691,2334 728,2334 765,2333 801,2333 838,2333 875,2333 912,2333 948,2333 985,2333 1022,2333 1059,2333 1095,2333 1132,2333 1169,2334 1206,2334"/>
                <TextEquiv>
                    <Unicode>tum est tamquam diuinum oraculum. ergo grande nefas</Unicode>
                </TextEquiv>
            </TextLine>
            <TextLine id="r1l93" custom="readingOrder {index:46;}">
                <Coords points="453,2395 1188,2392 1208,2350 453,2357"/>
                <Baseline points="458,2381 495,2381 532,2381 569,2381 607,2379 644,2379 681,2378 718,2378 756,2377 793,2376 830,2376 867,2376 905,2375 942,2375 979,2375 1016,2375 1054,2375 1091,2375 1128,2376 1165,2376 1203,2378"/>
                <TextEquiv>
                    <Unicode>est illud viro potissimum erudito ab institutioni</Unicode>
                </TextEquiv>
            </TextLine>
            <TextLine id="r1l95" custom="readingOrder {index:47;}">
                <Coords points="468,2444 660,2426 1187,2440 1204,2387 468,2394"/>
                <Baseline points="473,2426 509,2426 545,2426 581,2424 618,2424 654,2423 690,2423 727,2423 763,2421 799,2421 836,2421 872,2420 908,2420 944,2420 981,2420 1017,2420 1053,2420 1090,2420 1126,2421 1162,2421 1199,2423"/>
                <TextEquiv>
                    <Unicode>Christitollere. Vnde dicit Ambrosius in libro de</Unicode>
                </TextEquiv>
            </TextLine>
            <TextLine id="r1l97" custom="readingOrder {index:48;}">
                <Coords points="469,2491 1214,2482 1214,2433 469,2443"/>
                <Baseline points="474,2469 510,2469 547,2469 584,2469 621,2469 657,2468 694,2468 731,2468 768,2468 804,2466 841,2466 878,2466 915,2466 951,2466 988,2466 1025,2465 1062,2465 1098,2465 1135,2466 1172,2466 1209,2466"/>
                <TextEquiv>
                    <Unicode>paradiso. Non potest quisquam iustificari nisi peccatum</Unicode>
                </TextEquiv>
            </TextLine>
            <TextLine id="r1l99" custom="readingOrder {index:49;}">
                <Coords points="466,2518 1203,2528 1202,2488 1147,2472 1102,2490 947,2469 807,2493 715,2474 465,2490"/>
                <Baseline points="470,2511 506,2513 542,2514 579,2514 615,2514 651,2514 688,2514 724,2514 760,2513 797,2512 833,2511 869,2510 906,2510 942,2508 978,2508 1015,2508 1051,2508 1087,2508 1124,2510 1160,2511 1197,2513"/>
                <TextEquiv>
                    <Unicode>ante fuerit confessus. &amp; recitatur de poeni. disti. i c</Unicode>
                </TextEquiv>
            </TextLine>
            <TextLine id="r1l101" custom="readingOrder {index:50;}">
                <Coords points="466,2564 1130,2574 1202,2561 1202,2532 465,2518"/>
                <Baseline points="471,2555 507,2556 543,2556 579,2556 616,2556 652,2556 688,2556 725,2555 761,2555 797,2555 834,2555 870,2553 906,2553 942,2553 979,2553 1015,2553 1051,2553 1088,2553 1124,2553 1160,2555 1197,2555"/>
                <TextEquiv>
                    <Unicode>Non potest. Et in eodem loco dicit loannes Chri</Unicode>
                </TextEquiv>
            </TextLine>
            <TextLine id="r1l103" custom="readingOrder {index:51;}">
                <Coords points="459,2607 1172,2622 1205,2614 1205,2560 459,2574"/>
                <Baseline points="464,2598 500,2600 537,2600 574,2600 611,2600 648,2600 684,2600 721,2600 758,2600 795,2600 832,2600 868,2600 905,2598 942,2598 979,2598 1016,2598 1052,2598 1089,2598 1126,2598 1163,2598 1200,2598"/>
                <TextEquiv>
                    <Unicode>sostomus. Non potest quisquam gratiam vitae caelesti</Unicode>
                </TextEquiv>
            </TextLine>
            <TextLine id="r1l105" custom="readingOrder {index:52;}">
                <Coords points="465,2664 1199,2659 1208,2617 465,2620"/>
                <Baseline points="470,2645 506,2643 543,2643 579,2643 616,2643 653,2643 689,2643 726,2643 763,2643 799,2645 836,2645 873,2645 909,2645 946,2646 983,2646 1019,2646 1056,2646 1093,2645 1129,2645 1166,2645 1203,2643"/>
                <TextEquiv>
                    <Unicode>accipere nisi purgatus fuerit ab omni sorde pec</Unicode>
                </TextEquiv>
            </TextLine>
            <TextLine id="r1l107" custom="readingOrder {index:53;}">
                <Coords points="465,2699 1165,2709 1210,2696 1210,2656 465,2663"/>
                <Baseline points="470,2690 506,2690 543,2688 580,2688 617,2688 653,2688 690,2688 727,2688 764,2688 800,2688 837,2688 874,2688 911,2688 947,2688 984,2688 1021,2688 1058,2688 1094,2688 1131,2688 1168,2688 1205,2688"/>
                <TextEquiv>
                    <Unicode>cati per poenitentiae confessionem. Et Augustini in libro</Unicode>
                </TextEquiv>
            </TextLine>
            <TextLine id="r1l109" custom="readingOrder {index:54;}">
                <Coords points="462,2760 579,2762 626,2738 695,2762 1196,2760 1207,2695 462,2700"/>
                <Baseline points="467,2733 503,2733 540,2732 577,2732 614,2732 650,2732 687,2732 724,2732 761,2732 797,2732 834,2732 871,2732 908,2732 944,2733 981,2733 1018,2733 1055,2735 1091,2735 1128,2735 1165,2736 1202,2736"/>
                <TextEquiv>
                    <Unicode>de poeni. Agite poenitentiam qualis agitur in eccle</Unicode>
                </TextEquiv>
            </TextLine>
            <TextEquiv>
                <Unicode>sitione. sicut de sacerdotum caelibatu: vt distin
ctione. xxiiii. elucescet. ltem si esset de iure humi
no, essent deobligati a confessione hac per totam suam
vitam illi apud quos est consuetudo no confitendi
quod non videtur dicendum. Praeterea probatio vltimae con-
clusionis hanc conclusionem infert. ⁋ Quarta conclu-
sio patet: quia ad hoc non habetur locus in lege Mo
saica: ergo non est de illa lege. consequentia est nota
saltem in primo gradu &amp; indubitato illius legis. &amp;
antecedens patet: quia ipso negato det aduersarius
locum in illa lege in quo hoc contineatur. Insuper Hi
braei corticem illius legis seruantes nullo modo aur
culariter confitentur: ergo non est de illa lege in aliquo
gradu. licet autem ista cosequentia sit apparens: non tame
est solida vtrobique, vt patet de Messiae aduentu quo
ex lege Mosaica deduci potest: licet illi proterue
reluctentur. Et quia haec conclusio ab omnibus concedi
nec est magnae vtilitatis: idcirco alias probationes
non adduco. ⁋ Quinta conclusio: quamquam aliqua in eius
probationem in tertiae conclusionis probatione addu
cta fuere: adhuc probatur per illud quod scribitur Iacobi. ii
Confitemini alterutrum peccata vestra. qua aucto
ritate praemissa sic argumentor. Omnia illa quae eodem
contextu promulgantur, eandem vim obligandi ha
bent. sed beatus lacobus illic extremam vnctionem
praeceptiue promulgat: cui in capite praefato confes-
sionem adiugit, sic inquiens. Infirmatur quis inter
vos: inducat presbyteros. &amp; postea subiugit. Con-
fitemini alterutrum peccata vestra. Alii non refellum
hanc auctoritatem quin propositum probet, per hoc quod
subiungitur, Orate pro vobis inuicem. quia sic de
bent confessor &amp; confitens saltem debito congruita
tis: &amp; probi confessores sic dicunt confitentibus in re
cessu. Oremus pro nobis inuicem. Insuper loan. xx.
scribitur post Curisti passionem. Accipite spiritum
sanctum: quorum remiseritis peccata remittuntur eis.
&amp; hoc non potest fieri nisi alii eis peccata reserent
ergo tenentur eis peccata detegere. Auctoritate
autem introductae sunt legis gratiae. ergo confessio es
de lege gratiae. Praeterea confessio est de aliquo iu
re vt patet per primam conclusionem. &amp; non de iure
naturae vel humano per secundam &amp; tertiam conclusio-
nes: nec de iure diuino Mosaico per quartam. ergo
est de lege gratiae. Vlterius arguitur ad idem. hoc sem
per a principio nascentis ecclesiae ab omnibus ten
tum est tamquam diuinum oraculum. ergo grande nefas
est illud viro potissimum erudito ab institutioni
Christitollere. Vnde dicit Ambrosius in libro de
paradiso. Non potest quisquam iustificari nisi peccatum
ante fuerit confessus. &amp; recitatur de poeni. disti. i c
Non potest. Et in eodem loco dicit loannes Chri
sostomus. Non potest quisquam gratiam vitae caelesti
accipere nisi purgatus fuerit ab omni sorde pec
cati per poenitentiae confessionem. Et Augustini in libro
de poeni. Agite poenitentiam qualis agitur in eccle</Unicode>
            </TextEquiv>
        </TextRegion>
        <TextRegion orientation="0.0" id="TextRegion_1591484527893_695" custom="readingOrder {index:1;}">
            <Coords points="1260,236 2052,236 2052,2746 1260,2746"/>
            <TextLine id="r1l4" custom="readingOrder {index:0;}">
                <Coords points="1285,361 2050,357 2050,311 1808,326 1686,302 1423,328 1285,308"/>
                <Baseline points="1290,354 1327,354 1365,353 1403,353 1441,351 1478,351 1516,351 1554,351 1592,351 1629,350 1667,350 1705,350 1743,350 1780,350 1818,350 1856,350 1894,351 1931,351 1969,351 2007,351 2045,350"/>
                <TextEquiv>
                    <Unicode>sia, vt oret pro vobis ecclesia. &amp; quae sequuntur. &amp;</Unicode>
                </TextEquiv>
            </TextLine>
            <TextLine id="r1l6" custom="readingOrder {index:1;}">
                <Coords points="1294,407 1960,418 2044,405 2044,361 1294,371"/>
                <Baseline points="1299,399 1336,399 1373,398 1410,396 1447,396 1484,396 1521,396 1558,395 1595,395 1632,395 1669,395 1706,395 1743,395 1780,395 1817,396 1854,396 1891,396 1928,396 1965,396 2002,396 2039,395"/>
                <TextEquiv>
                    <Unicode>per hoc concludit claues datas in ecclesia dei. ldem</Unicode>
                </TextEquiv>
            </TextLine>
            <TextLine id="r1l8" custom="readingOrder {index:2;}">
                <Coords points="1288,456 2040,450 2051,406 1288,418"/>
                <Baseline points="1293,443 1330,442 1368,441 1405,441 1443,441 1481,441 1518,441 1556,441 1594,441 1631,441 1669,440 1707,440 1744,440 1782,440 1820,440 1857,440 1895,440 1933,440 1970,439 2008,438 2046,438"/>
                <TextEquiv>
                    <Unicode>quoque Augustini. vt habetur in. c. Quem poenitet. eadem</Unicode>
                </TextEquiv>
            </TextLine>
            <TextLine id="r1l10" custom="readingOrder {index:3;}">
                <Coords points="1281,495 2020,495 2035,448 1281,459"/>
                <Baseline points="1286,488 1323,486 1360,486 1397,486 1434,485 1472,485 1509,485 1546,483 1583,483 1620,483 1658,483 1695,483 1732,483 1769,483 1806,483 1844,483 1881,483 1918,485 1955,485 1992,485 2030,486"/>
                <TextEquiv>
                    <Unicode>distin. sic ait. Lazarum de monumento iam susci</Unicode>
                </TextEquiv>
            </TextLine>
            <TextLine id="r1l12" custom="readingOrder {index:4;}">
                <Coords points="1291,538 2044,544 2044,501 1949,490 1291,501"/>
                <Baseline points="1296,531 1333,530 1370,530 1407,530 1444,528 1481,528 1518,528 1556,528 1593,527 1630,527 1667,527 1704,527 1741,527 1778,527 1816,527 1853,527 1890,528 1927,528 1964,528 2001,528 2039,530"/>
                <TextEquiv>
                    <Unicode>tatum obtulit dominus discipulis soluendum: per</Unicode>
                </TextEquiv>
            </TextLine>
            <TextLine id="r1l14" custom="readingOrder {index:5;}">
                <Coords points="1285,592 2035,586 2025,540 1285,539"/>
                <Baseline points="1290,576 1327,576 1364,575 1401,574 1438,573 1475,573 1512,573 1549,573 1586,573 1623,572 1660,572 1697,572 1734,572 1771,572 1808,572 1845,573 1882,573 1919,573 1956,573 1993,573 2030,572"/>
                <TextEquiv>
                    <Unicode>hoc ostendens potestatem soluendi concessam sacer-</Unicode>
                </TextEquiv>
            </TextLine>
            <TextLine id="r1l16" custom="readingOrder {index:6;}">
                <Coords points="1291,628 2018,635 2032,587 1291,589"/>
                <Baseline points="1296,621 1332,620 1369,620 1405,618 1442,618 1478,618 1515,618 1551,618 1588,617 1624,617 1661,617 1698,617 1734,617 1771,617 1807,618 1844,618 1880,618 1917,618 1953,618 1990,617 2027,617"/>
                <TextEquiv>
                    <Unicode>dotibus. Ex istis sequitur quod inscite Apparatus</Unicode>
                </TextEquiv>
            </TextLine>
            <TextLine id="r1l18" custom="readingOrder {index:7;}">
                <Coords points="1285,686 2034,670 2033,635 1864,623 1716,643 1284,629"/>
                <Baseline points="1289,666 1327,665 1366,665 1405,663 1444,663 1483,663 1522,662 1561,662 1600,662 1639,662 1677,662 1716,662 1755,662 1794,662 1833,662 1872,662 1911,662 1950,662 1989,662 2028,662"/>
                <TextEquiv>
                    <Unicode>&amp; Panor. in hac parte loquutur: confessionem vo</Unicode>
                </TextEquiv>
            </TextLine>
            <TextLine id="r1l20" custom="readingOrder {index:8;}">
                <Coords points="1288,716 2019,721 2030,680 1288,682"/>
                <Baseline points="1293,708 1329,708 1366,708 1402,708 1439,708 1476,707 1512,707 1549,707 1585,707 1622,707 1659,707 1695,707 1732,707 1768,707 1805,707 1842,707 1878,707 1915,707 1951,707 1988,707 2025,707"/>
                <TextEquiv>
                    <Unicode>calem a solo iure humano asserentes, &amp; graecos</Unicode>
                </TextEquiv>
            </TextLine>
            <TextLine id="r1l22" custom="readingOrder {index:9;}">
                <Coords points="1288,767 2039,767 2048,713 1288,726"/>
                <Baseline points="1293,753 1330,753 1368,752 1405,752 1443,752 1480,752 1518,751 1555,750 1593,750 1630,750 1668,750 1705,750 1743,750 1780,749 1818,749 1855,749 1893,750 1930,750 1968,750 2005,750 2043,750"/>
                <TextEquiv>
                    <Unicode>excusantes. Secundo sequitur quod nullus mos non</Unicode>
                </TextEquiv>
            </TextLine>
            <TextLine id="r1l24" custom="readingOrder {index:10;}">
                <Coords points="1285,806 1955,820 2044,804 2044,769 1285,772"/>
                <Baseline points="1290,798 1327,798 1364,797 1402,797 1439,797 1477,795 1514,795 1552,795 1589,795 1627,794 1664,794 1701,794 1739,794 1776,794 1814,794 1851,794 1889,795 1926,795 1964,795 2001,797 2039,797"/>
                <TextEquiv>
                    <Unicode>confitendi potest indulgere homini vt num quam con</Unicode>
                </TextEquiv>
            </TextLine>
            <TextLine id="r1l26" custom="readingOrder {index:11;}">
                <Coords points="1288,851 2036,861 2028,803 1288,808"/>
                <Baseline points="1293,840 1329,840 1366,840 1403,840 1440,840 1477,840 1514,840 1551,840 1588,840 1625,840 1662,839 1698,839 1735,839 1772,839 1809,839 1846,839 1883,839 1920,840 1957,840 1994,840 2031,840"/>
                <TextEquiv>
                    <Unicode>fiteatur, quod probatur: quia contra ius diuinu num quam</Unicode>
                </TextEquiv>
            </TextLine>
            <TextLine id="r1l28" custom="readingOrder {index:12;}">
                <Coords points="1290,897 1377,907 1508,891 1572,913 1620,891 1700,902 1699,851 1650,863 1632,848 1431,863 1401,851 1342,865 1324,850 1289,853"/>
                <Baseline points="1295,887 1320,888 1345,888 1370,888 1395,887 1420,887 1445,887 1470,885 1495,885 1520,884 1545,884 1570,884 1595,883 1620,882 1645,884 1670,884 1695,885"/>
                <TextEquiv>
                    <Unicode>est consuetudo excusans.</Unicode>
                </TextEquiv>
            </TextLine>
            <TextLine id="r1l31" custom="readingOrder {index:13;}">
                <Coords points="1287,983 1887,971 1960,994 2048,978 2048,896 1973,937 1879,912 1823,936 1741,916 1287,929"/>
                <Baseline points="1292,971 1329,969 1367,969 1404,969 1442,968 1479,968 1517,968 1554,966 1592,966 1629,966 1667,966 1705,965 1742,965 1780,965 1817,965 1855,965 1892,965 1930,966 1967,966 2005,966 2043,968"/>
                <TextEquiv>
                    <Unicode>⁋ Contra secundam conclusionem arguitur</Unicode>
                </TextEquiv>
            </TextLine>
            <TextLine id="r1l33" custom="readingOrder {index:14;}">
                <Coords points="1288,1032 2036,1026 2036,983 1288,983"/>
                <Baseline points="1293,1020 1329,1020 1366,1019 1403,1019 1440,1018 1477,1017 1514,1017 1551,1017 1588,1017 1625,1017 1662,1017 1698,1017 1735,1017 1772,1017 1809,1017 1846,1017 1883,1017 1920,1017 1957,1017 1994,1017 2031,1017"/>
                <TextEquiv>
                    <Unicode>sic. Confessio est de iure naturae, quod probatur: quia</Unicode>
                </TextEquiv>
            </TextLine>
            <TextLine id="r1l35" custom="readingOrder {index:15;}">
                <Coords points="1291,1086 1540,1066 2027,1076 2033,1025 1291,1033"/>
                <Baseline points="1296,1065 1332,1064 1369,1064 1405,1064 1442,1062 1479,1062 1515,1062 1552,1061 1588,1061 1625,1061 1662,1061 1698,1061 1735,1059 1771,1059 1808,1059 1845,1061 1881,1061 1918,1061 1954,1062 1991,1062 2028,1064"/>
                <TextEquiv>
                    <Unicode>per eam Adam &amp; Cain reprehenduntur. vt patet Gen.</Unicode>
                </TextEquiv>
            </TextLine>
            <TextLine id="r1l37" custom="readingOrder {index:16;}">
                <Coords points="1281,1119 2005,1125 2032,1117 2032,1076 1281,1082"/>
                <Baseline points="1286,1109 1323,1109 1360,1107 1397,1107 1434,1106 1471,1106 1508,1106 1545,1104 1582,1104 1619,1104 1656,1104 1693,1104 1730,1104 1767,1104 1804,1104 1841,1104 1878,1104 1915,1104 1952,1106 1989,1106 2027,1107"/>
                <TextEquiv>
                    <Unicode>iii. &amp;. iiii. iunctis glossis. Illi enim erant prostatu legis</Unicode>
                </TextEquiv>
            </TextLine>
            <TextLine id="r1l39" custom="readingOrder {index:17;}">
                <Coords points="1278,1160 1993,1171 2038,1160 2038,1121 1278,1129"/>
                <Baseline points="1283,1154 1320,1154 1358,1152 1395,1152 1433,1151 1470,1151 1508,1149 1545,1149 1583,1149 1620,1149 1658,1148 1695,1148 1733,1148 1770,1148 1808,1148 1845,1148 1883,1149 1920,1149 1958,1149 1995,1151 2033,1151"/>
                <TextEquiv>
                    <Unicode>naturae. ⁋ Secundo arguitur ad idem. de iure naturae</Unicode>
                </TextEquiv>
            </TextLine>
            <TextLine id="r1l41" custom="readingOrder {index:18;}">
                <Coords points="1294,1204 1999,1208 2038,1204 2038,1162 1294,1164"/>
                <Baseline points="1299,1197 1335,1196 1372,1196 1409,1196 1445,1195 1482,1194 1519,1194 1555,1194 1592,1193 1629,1193 1666,1193 1702,1193 1739,1193 1776,1193 1812,1193 1849,1194 1886,1194 1922,1194 1959,1194 1996,1196 2033,1196"/>
                <TextEquiv>
                    <Unicode>est quod viro displiceat suum malum: ergo confessio est</Unicode>
                </TextEquiv>
            </TextLine>
            <TextLine id="r1l43" custom="readingOrder {index:19;}">
                <Coords points="1287,1257 2042,1253 2032,1204 1287,1207"/>
                <Baseline points="1292,1241 1329,1241 1366,1241 1403,1241 1441,1241 1478,1241 1515,1241 1552,1239 1590,1239 1627,1238 1664,1238 1701,1238 1739,1238 1776,1237 1813,1236 1850,1238 1888,1238 1925,1238 1962,1239 1999,1239 2037,1241"/>
                <TextEquiv>
                    <Unicode>de iure naturae. ⁋ Ad primum respondetur quod illa &amp; si-</Unicode>
                </TextEquiv>
            </TextLine>
            <TextLine id="r1l45" custom="readingOrder {index:20;}">
                <Coords points="1284,1298 2050,1293 2050,1260 2021,1249 1284,1256"/>
                <Baseline points="1289,1284 1326,1284 1364,1284 1402,1284 1440,1284 1478,1284 1515,1283 1553,1283 1591,1283 1629,1283 1667,1281 1704,1281 1742,1281 1780,1281 1818,1281 1856,1281 1893,1281 1931,1282 1969,1283 2007,1284 2045,1284"/>
                <TextEquiv>
                    <Unicode>milia non sunt ad propositum confessionis auricularis.</Unicode>
                </TextEquiv>
            </TextLine>
            <TextLine id="r1l47" custom="readingOrder {index:21;}">
                <Coords points="1282,1345 1787,1330 1987,1348 2042,1335 2042,1295 1282,1301"/>
                <Baseline points="1287,1331 1324,1331 1362,1329 1399,1329 1437,1329 1474,1328 1512,1328 1549,1328 1587,1327 1624,1326 1662,1326 1699,1326 1737,1326 1774,1326 1812,1326 1849,1326 1887,1326 1924,1327 1962,1328 1999,1328 2037,1329"/>
                <TextEquiv>
                    <Unicode>Adam enim &amp; Cain debebant confiteri sua pec-</Unicode>
                </TextEquiv>
            </TextLine>
            <TextLine id="r1l49" custom="readingOrder {index:22;}">
                <Coords points="1290,1383 2038,1383 2038,1350 1936,1335 1290,1345"/>
                <Baseline points="1295,1374 1331,1374 1368,1373 1405,1373 1442,1373 1479,1371 1516,1371 1553,1371 1590,1370 1627,1370 1664,1370 1700,1370 1737,1370 1774,1370 1811,1370 1848,1371 1885,1371 1922,1372 1959,1373 1996,1374 2033,1374"/>
                <TextEquiv>
                    <Unicode>cata deo interroganti qui scrutatur corda &amp; renes</Unicode>
                </TextEquiv>
            </TextLine>
            <TextLine id="r1l51" custom="readingOrder {index:23;}">
                <Coords points="1287,1428 2044,1430 2044,1391 2005,1382 1287,1389"/>
                <Baseline points="1292,1419 1329,1419 1366,1418 1404,1418 1441,1417 1478,1416 1516,1415 1553,1415 1590,1415 1628,1413 1665,1413 1702,1413 1740,1413 1777,1413 1814,1413 1852,1414 1889,1415 1926,1416 1964,1416 2001,1418 2039,1419"/>
                <TextEquiv>
                    <Unicode>&amp; non sub friuolarum excusationum velamine se prote</Unicode>
                </TextEquiv>
            </TextLine>
            <TextLine id="r1l53" custom="readingOrder {index:24;}">
                <Coords points="1282,1482 2046,1468 2045,1436 1795,1419 1281,1435"/>
                <Baseline points="1286,1466 1323,1464 1361,1464 1399,1463 1436,1463 1474,1461 1512,1461 1549,1460 1587,1460 1625,1460 1663,1458 1700,1458 1738,1458 1776,1458 1813,1458 1851,1458 1889,1458 1926,1459 1964,1460 2002,1461 2040,1461"/>
                <TextEquiv>
                    <Unicode>gere. ⁋ Secundum argumentum est de detestatione pec-</Unicode>
                </TextEquiv>
            </TextLine>
            <TextLine id="r1l55" custom="readingOrder {index:25;}">
                <Coords points="1287,1515 2025,1520 2044,1518 2043,1467 1286,1485"/>
                <Baseline points="1292,1506 1329,1506 1366,1506 1404,1506 1441,1506 1478,1505 1516,1505 1553,1505 1590,1504 1628,1503 1665,1503 1702,1503 1740,1503 1777,1503 1814,1503 1852,1503 1889,1503 1926,1505 1964,1505 2001,1506 2039,1506"/>
                <TextEquiv>
                    <Unicode>cati: hoc est de cotritione peccati post peccatum</Unicode>
                </TextEquiv>
            </TextLine>
            <TextLine id="r1l57" custom="readingOrder {index:26;}">
                <Coords points="1281,1572 2033,1558 2032,1518 1957,1511 1280,1530"/>
                <Baseline points="1286,1553 1323,1551 1360,1551 1397,1551 1434,1550 1471,1550 1508,1548 1545,1548 1582,1548 1619,1547 1657,1547 1694,1547 1731,1547 1768,1547 1805,1547 1842,1547 1879,1547 1916,1548 1953,1548 1990,1550 2028,1551"/>
                <TextEquiv>
                    <Unicode>commissum: quam dico de iure naturae. sed cor</Unicode>
                </TextEquiv>
            </TextLine>
            <TextLine id="r1l59" custom="readingOrder {index:27;}">
                <Coords points="1287,1606 1959,1596 1982,1615 2039,1604 2039,1561 1287,1565"/>
                <Baseline points="1292,1596 1329,1596 1366,1595 1403,1595 1440,1595 1477,1593 1514,1593 1551,1593 1588,1592 1625,1592 1663,1592 1700,1592 1737,1592 1774,1592 1811,1592 1848,1592 1885,1592 1922,1592 1959,1593 1996,1595 2034,1595"/>
                <TextEquiv>
                    <Unicode>tritio ante legem gratiae non tot praesupponebat quot</Unicode>
                </TextEquiv>
            </TextLine>
            <TextLine id="r1l61" custom="readingOrder {index:28;}">
                <Coords points="1294,1655 1996,1654 2039,1648 2039,1604 1294,1606"/>
                <Baseline points="1299,1641 1335,1641 1372,1640 1409,1640 1446,1638 1482,1638 1519,1638 1556,1637 1593,1637 1629,1637 1666,1635 1703,1635 1740,1635 1776,1635 1813,1635 1850,1635 1887,1635 1923,1637 1960,1637 1997,1638 2034,1640"/>
                <TextEquiv>
                    <Unicode>nunc. nam antequam aliquis nunc habeat veram contritionem:</Unicode>
                </TextEquiv>
            </TextLine>
            <TextLine id="r1l63" custom="readingOrder {index:29;}">
                <Coords points="1287,1693 1806,1687 1846,1713 1893,1688 2044,1696 2043,1657 2009,1647 1286,1654"/>
                <Baseline points="1292,1683 1329,1683 1366,1683 1404,1683 1441,1683 1478,1683 1516,1683 1553,1682 1590,1682 1628,1681 1665,1680 1702,1680 1740,1680 1777,1680 1814,1680 1852,1680 1889,1680 1926,1682 1964,1682 2001,1685 2039,1686"/>
                <TextEquiv>
                    <Unicode>requiritur confessio vocalis in voto: quod ante hanc</Unicode>
                </TextEquiv>
            </TextLine>
            <TextLine id="r1l65" custom="readingOrder {index:30;}">
                <Coords points="1281,1741 1332,1755 1480,1735 1518,1750 1544,1734 1591,1742 1608,1732 1637,1749 1681,1733 1680,1700 1658,1704 1636,1689 1437,1705 1280,1693"/>
                <Baseline points="1286,1727 1312,1728 1338,1730 1364,1730 1390,1730 1416,1730 1442,1730 1468,1730 1494,1728 1520,1728 1546,1727 1572,1725 1598,1725 1624,1725 1650,1725 1676,1724"/>
                <TextEquiv>
                    <Unicode>legem non requirebatur.</Unicode>
                </TextEquiv>
            </TextLine>
            <TextLine id="r1l67" custom="readingOrder {index:31;}">
                <Coords points="1287,1823 1528,1816 1551,1834 1694,1802 1862,1824 2048,1797 2047,1758 1932,1774 1863,1747 1287,1777"/>
                <Baseline points="1292,1811 1329,1809 1367,1806 1404,1805 1442,1805 1479,1803 1517,1802 1554,1802 1592,1802 1629,1800 1667,1800 1705,1800 1742,1800 1780,1799 1817,1799 1855,1799 1892,1797 1930,1797 1967,1796 2005,1795 2043,1793"/>
                <TextEquiv>
                    <Unicode>⁋ Contra quartam conclusionem ar- </Unicode>
                </TextEquiv>
            </TextLine>
            <TextLine id="r1l70" custom="readingOrder {index:32;}">
                <Coords points="1284,1875 2036,1862 2051,1818 1284,1825"/>
                <Baseline points="1289,1857 1326,1857 1364,1856 1402,1854 1440,1854 1478,1853 1516,1852 1553,1851 1591,1851 1629,1850 1667,1849 1705,1848 1743,1848 1781,1848 1818,1847 1856,1847 1894,1847 1932,1847 1970,1847 2008,1848 2046,1848"/>
                <TextEquiv>
                    <Unicode>guitur. Leuitici. xvi. scribitur quod Aaron debuit</Unicode>
                </TextEquiv>
            </TextLine>
            <TextLine id="r1l72" custom="readingOrder {index:33;}">
                <Coords points="1288,1911 2051,1898 2050,1860 1977,1854 1287,1874"/>
                <Baseline points="1293,1901 1330,1899 1368,1899 1405,1898 1443,1896 1481,1896 1518,1896 1556,1895 1594,1895 1631,1895 1669,1893 1707,1893 1744,1893 1782,1893 1820,1892 1857,1892 1895,1892 1933,1892 1970,1892 2008,1892 2046,1890"/>
                <TextEquiv>
                    <Unicode>confiteri peccata filiorum Israel. &amp; losue dixit</Unicode>
                </TextEquiv>
            </TextLine>
            <TextLine id="r1l74" custom="readingOrder {index:34;}">
                <Coords points="1288,1951 2045,1949 2045,1900 1288,1919"/>
                <Baseline points="1293,1944 1330,1944 1367,1944 1405,1943 1442,1943 1479,1943 1517,1941 1554,1941 1591,1940 1629,1939 1666,1938 1703,1937 1741,1937 1778,1937 1815,1935 1853,1935 1890,1935 1927,1935 1965,1937 2002,1937 2040,1938"/>
                <TextEquiv>
                    <Unicode>ad Achan. Fili mi da gloriam domino deo Israel-</Unicode>
                </TextEquiv>
            </TextLine>
            <TextLine id="r1l76" custom="readingOrder {index:35;}">
                <Coords points="1287,1997 2048,1997 2029,1944 1286,1950"/>
                <Baseline points="1292,1988 1329,1988 1367,1988 1404,1986 1442,1986 1479,1986 1517,1985 1554,1985 1592,1983 1629,1983 1667,1983 1705,1982 1742,1982 1780,1980 1817,1980 1855,1979 1892,1979 1930,1979 1967,1978 2005,1977 2043,1977"/>
                <TextEquiv>
                    <Unicode>&amp; confitere, atque indica mihi quid feceris: ne abs-</Unicode>
                </TextEquiv>
            </TextLine>
            <TextLine id="r1l78" custom="readingOrder {index:36;}">
                <Coords points="1295,2043 2025,2038 2039,1999 1294,1997"/>
                <Baseline points="1299,2031 1335,2031 1372,2031 1409,2031 1446,2031 1482,2030 1519,2030 1556,2030 1593,2028 1629,2028 1666,2027 1703,2027 1740,2026 1776,2025 1813,2025 1850,2024 1887,2024 1923,2023 1960,2022 1997,2022 2034,2022"/>
                <TextEquiv>
                    <Unicode>condas. losue. vii. ⁋ Respondeo. istae auctorita-</Unicode>
                </TextEquiv>
            </TextLine>
            <TextLine id="r1l80" custom="readingOrder {index:37;}">
                <Coords points="1294,2090 2040,2084 2054,2028 1293,2045"/>
                <Baseline points="1298,2075 1335,2076 1373,2076 1410,2076 1448,2075 1485,2075 1523,2075 1560,2073 1598,2073 1635,2072 1673,2072 1711,2070 1748,2069 1786,2069 1823,2069 1861,2067 1898,2067 1936,2067 1973,2067 2011,2067 2049,2067"/>
                <TextEquiv>
                    <Unicode>tes intelliguntur de confessione deo facienda vel</Unicode>
                </TextEquiv>
            </TextLine>
            <TextLine id="r1l82" custom="readingOrder {index:38;}">
                <Coords points="1293,2138 2043,2133 2042,2082 2020,2075 1293,2091"/>
                <Baseline points="1298,2120 1336,2120 1375,2120 1414,2120 1453,2120 1492,2118 1531,2118 1570,2117 1609,2116 1648,2115 1686,2114 1725,2114 1764,2112 1803,2112 1842,2111 1881,2111 1920,2111 1959,2111 1998,2111 2037,2112"/>
                <TextEquiv>
                    <Unicode>publica. Achan enim publice confessus est deli-</Unicode>
                </TextEquiv>
            </TextLine>
            <TextLine id="r1l84" custom="readingOrder {index:39;}">
                <Coords points="1293,2175 2032,2171 2042,2133 1293,2137"/>
                <Baseline points="1298,2165 1336,2165 1375,2165 1414,2164 1453,2163 1492,2163 1531,2162 1570,2162 1609,2160 1648,2160 1686,2159 1725,2159 1764,2157 1803,2157 1842,2157 1881,2156 1920,2156 1959,2156 1998,2156 2037,2157"/>
                <TextEquiv>
                    <Unicode>ctum suum de furto cum super eum nutu diuino</Unicode>
                </TextEquiv>
            </TextLine>
            <TextLine id="r1l86" custom="readingOrder {index:40;}">
                <Coords points="1288,2220 2045,2221 2044,2170 1988,2165 1288,2183"/>
                <Baseline points="1293,2208 1330,2208 1367,2208 1405,2207 1442,2207 1479,2207 1517,2207 1554,2205 1591,2205 1629,2205 1666,2204 1703,2204 1741,2203 1778,2202 1815,2202 1853,2202 1890,2201 1927,2201 1965,2201 2002,2201 2040,2201"/>
                <TextEquiv>
                    <Unicode>cecidit sors: &amp; dedit gloriam domino deo: sicut</Unicode>
                </TextEquiv>
            </TextLine>
            <TextLine id="r1l88" custom="readingOrder {index:41;}">
                <Coords points="1287,2269 2051,2251 2050,2220 1971,2208 1286,2228"/>
                <Baseline points="1292,2252 1329,2253 1367,2253 1405,2253 1442,2253 1480,2252 1518,2252 1555,2252 1593,2250 1631,2250 1669,2249 1706,2249 1744,2247 1782,2247 1819,2246 1857,2246 1895,2244 1932,2244 1970,2244 2008,2243 2046,2243"/>
                <TextEquiv>
                    <Unicode>praecepit losue. sic Esaiae. xliii. Narra si quid ha-</Unicode>
                </TextEquiv>
            </TextLine>
            <TextLine id="r1l90" custom="readingOrder {index:42;}">
                <Coords points="1288,2310 1946,2310 2051,2299 2050,2250 1287,2268"/>
                <Baseline points="1293,2298 1330,2298 1368,2298 1405,2297 1443,2297 1481,2297 1518,2295 1556,2295 1594,2295 1631,2294 1669,2294 1707,2292 1744,2292 1782,2291 1820,2291 1857,2291 1895,2289 1933,2289 1970,2289 2008,2289 2046,2289"/>
                <TextEquiv>
                    <Unicode>bes vt iustificeris. &amp; Prouerbio. xxviii. Qui abs</Unicode>
                </TextEquiv>
            </TextLine>
            <TextLine id="r1l92" custom="readingOrder {index:43;}">
                <Coords points="1288,2354 2048,2348 2047,2303 1988,2300 1570,2319 1360,2300 1288,2322"/>
                <Baseline points="1293,2342 1330,2342 1368,2342 1405,2342 1443,2340 1480,2340 1518,2340 1555,2339 1593,2339 1630,2337 1668,2337 1705,2337 1743,2336 1780,2336 1818,2334 1855,2334 1893,2333 1930,2333 1968,2333 2005,2333 2043,2333"/>
                <TextEquiv>
                    <Unicode>condit scelera sua / non dirigetur: qui autem con-</Unicode>
                </TextEquiv>
            </TextLine>
            <TextLine id="r1l94" custom="readingOrder {index:44;}">
                <Coords points="1297,2397 2051,2383 2050,2351 2012,2345 1296,2353"/>
                <Baseline points="1302,2388 1339,2388 1376,2387 1413,2387 1450,2386 1488,2385 1525,2385 1562,2384 1599,2382 1636,2382 1674,2381 1711,2381 1748,2379 1785,2379 1822,2378 1860,2378 1897,2378 1934,2378 1971,2378 2008,2379 2046,2379"/>
                <TextEquiv>
                    <Unicode>fessus fuerit, &amp; reliquerit ea, misericordiam con-</Unicode>
                </TextEquiv>
            </TextLine>
            <TextLine id="r1l96" custom="readingOrder {index:45;}">
                <Coords points="1296,2439 2014,2440 2046,2431 2045,2383 1295,2398"/>
                <Baseline points="1301,2432 1339,2432 1378,2430 1417,2430 1456,2429 1495,2429 1534,2428 1573,2427 1612,2427 1651,2426 1689,2426 1728,2424 1767,2424 1806,2424 1845,2423 1884,2423 1923,2421 1962,2421 2001,2420 2040,2420"/>
                <TextEquiv>
                    <Unicode>sequetur. Sic ergo intelligantur auctoritates legis</Unicode>
                </TextEquiv>
            </TextLine>
            <TextLine id="r1l98" custom="readingOrder {index:46;}">
                <Coords points="1295,2487 2046,2480 2045,2436 1961,2430 1467,2454 1294,2439"/>
                <Baseline points="1299,2475 1336,2475 1373,2475 1410,2475 1447,2474 1484,2474 1521,2474 1558,2472 1595,2472 1632,2471 1669,2471 1706,2469 1743,2469 1780,2468 1817,2468 1854,2466 1891,2466 1928,2466 1965,2466 2002,2466 2040,2466"/>
                <TextEquiv>
                    <Unicode>Mosaicae quod homo debebat in generali confiteri</Unicode>
                </TextEquiv>
            </TextLine>
            <TextLine id="r1l100" custom="readingOrder {index:47;}">
                <Coords points="1301,2530 2028,2525 2054,2520 2054,2480 1300,2487"/>
                <Baseline points="1305,2520 1342,2520 1379,2520 1416,2519 1453,2519 1491,2517 1528,2517 1565,2516 1602,2516 1639,2514 1677,2514 1714,2513 1751,2513 1788,2511 1825,2511 1863,2511 1900,2511 1937,2511 1974,2511 2011,2511 2049,2511"/>
                <TextEquiv>
                    <Unicode>culpam: vel coram aliis, vel mentaliter. &amp; hoc erat</Unicode>
                </TextEquiv>
            </TextLine>
            <TextLine id="r1l102" custom="readingOrder {index:48;}">
                <Coords points="1301,2576 2036,2571 2048,2518 1300,2536"/>
                <Baseline points="1305,2565 1341,2565 1378,2564 1415,2564 1452,2564 1489,2562 1526,2562 1563,2561 1600,2560 1637,2559 1674,2559 1710,2558 1747,2558 1784,2556 1821,2556 1858,2555 1895,2555 1932,2555 1969,2555 2006,2553 2043,2553"/>
                <TextEquiv>
                    <Unicode>confiteri pro tempore illius legis. sicut enim non</Unicode>
                </TextEquiv>
            </TextLine>
            <TextLine id="r1l104" custom="readingOrder {index:49;}">
                <Coords points="1294,2616 2057,2613 2056,2576 2000,2562 1294,2583"/>
                <Baseline points="1299,2607 1336,2607 1374,2607 1411,2609 1449,2607 1487,2607 1524,2607 1562,2607 1600,2606 1637,2605 1675,2604 1713,2603 1750,2603 1788,2602 1826,2601 1863,2601 1901,2601 1939,2601 1976,2601 2014,2603 2052,2604"/>
                <TextEquiv>
                    <Unicode>eodem modo se habet contritio pro hac lege &amp; pro illa,</Unicode>
                </TextEquiv>
            </TextLine>
            <TextLine id="r1l106" custom="readingOrder {index:50;}">
                <Coords points="1291,2661 1354,2671 1388,2660 1464,2660 1490,2674 1574,2660 1573,2622 1558,2629 1532,2614 1475,2614 1431,2630 1355,2618 1331,2627 1313,2614 1290,2616"/>
                <Baseline points="1296,2651 1323,2654 1350,2654 1377,2655 1405,2654 1432,2654 1459,2652 1487,2652 1514,2651 1541,2651 1569,2652"/>
                <TextEquiv>
                    <Unicode>sic nec confessio.</Unicode>
                </TextEquiv>
            </TextLine>
            <TextLine id="r1l108" custom="readingOrder {index:51;}">
                <Coords points="1284,2761 1576,2761 1642,2733 2044,2756 2044,2678 1928,2695 1880,2661 1722,2664 1676,2697 1621,2675 1463,2698 1388,2671 1284,2693"/>
                <Baseline points="1289,2733 1326,2732 1364,2732 1401,2730 1439,2730 1476,2729 1514,2729 1551,2729 1589,2727 1626,2727 1664,2727 1701,2727 1739,2726 1776,2726 1814,2726 1851,2726 1889,2726 1926,2724 1964,2724 2001,2724 2039,2724"/>
                <TextEquiv>
                    <Unicode>⁋ Contra quintam conclusionem arguitur</Unicode>
                </TextEquiv>
            </TextLine>
            <TextEquiv>
                <Unicode>sia, vt oret pro vobis ecclesia. &amp; quae sequuntur. &amp;
per hoc concludit claues datas in ecclesia dei. ldem
quoque Augustini. vt habetur in. c. Quem poenitet. eadem
distin. sic ait. Lazarum de monumento iam susci
tatum obtulit dominus discipulis soluendum: per
hoc ostendens potestatem soluendi concessam sacer-
dotibus. Ex istis sequitur quod inscite Apparatus
&amp; Panor. in hac parte loquutur: confessionem vo
calem a solo iure humano asserentes, &amp; graecos
excusantes. Secundo sequitur quod nullus mos non
confitendi potest indulgere homini vt num quam con
fiteatur, quod probatur: quia contra ius diuinu num quam
est consuetudo excusans.
⁋ Contra secundam conclusionem arguitur
sic. Confessio est de iure naturae, quod probatur: quia
per eam Adam &amp; Cain reprehenduntur. vt patet Gen.
iii. &amp;. iiii. iunctis glossis. Illi enim erant prostatu legis
naturae. ⁋ Secundo arguitur ad idem. de iure naturae
est quod viro displiceat suum malum: ergo confessio est
de iure naturae. ⁋ Ad primum respondetur quod illa &amp; si-
milia non sunt ad propositum confessionis auricularis.
Adam enim &amp; Cain debebant confiteri sua pec-
cata deo interroganti qui scrutatur corda &amp; renes
&amp; non sub friuolarum excusationum velamine se prote
gere. ⁋ Secundum argumentum est de detestatione pec-
cati: hoc est de cotritione peccati post peccatum
commissum: quam dico de iure naturae. sed cor
tritio ante legem gratiae non tot praesupponebat quot
nunc. nam antequam aliquis nunc habeat veram contritionem:
requiritur confessio vocalis in voto: quod ante hanc
legem non requirebatur.
⁋ Contra quartam conclusionem ar- 
guitur. Leuitici. xvi. scribitur quod Aaron debuit
confiteri peccata filiorum Israel. &amp; losue dixit
ad Achan. Fili mi da gloriam domino deo Israel-
&amp; confitere, atque indica mihi quid feceris: ne abs-
condas. losue. vii. ⁋ Respondeo. istae auctorita-
tes intelliguntur de confessione deo facienda vel
publica. Achan enim publice confessus est deli-
ctum suum de furto cum super eum nutu diuino
cecidit sors: &amp; dedit gloriam domino deo: sicut
praecepit losue. sic Esaiae. xliii. Narra si quid ha-
bes vt iustificeris. &amp; Prouerbio. xxviii. Qui abs
condit scelera sua / non dirigetur: qui autem con-
fessus fuerit, &amp; reliquerit ea, misericordiam con-
sequetur. Sic ergo intelligantur auctoritates legis
Mosaicae quod homo debebat in generali confiteri
culpam: vel coram aliis, vel mentaliter. &amp; hoc erat
confiteri pro tempore illius legis. sicut enim non
eodem modo se habet contritio pro hac lege &amp; pro illa,
sic nec confessio.
⁋ Contra quintam conclusionem arguitur</Unicode>
            </TextEquiv>
        </TextRegion>
    </Page>
</PcGts>
