2384 3312
383 283 1129 357 sic. Si confessio vocalis esset de iure diuino: obl
378 351 1144 405 garet omnes. consequens est falsum, quia non obligat
379 383 1132 446 infideles. Doctores enim omnes dicunt quod si infidelis
383 427 1142 489 adultus convertatur ad fidem: non tenetur confiteri pec-
387 476 1132 528 cata ante baptismum commissa. & de hoc distin. iiii
386 520 1144 575 loquuti sumus. Capio igitur vnum Mahumetanum
381 567 1142 615 adultum qui plura peccata fecit, & convertatur ad fidem,
378 622 1138 664 & recipiat baptismum: postea moriatur ante aliquod
383 655 1147 707 mortale commissum. Tunc sic. iste non tenetur confiteri
378 701 1135 760 peccata mortalia sua post baptismum commissa: quia
379 747 1135 799 nulla sunt ex supposito: nec peccata ante bapti
385 786 1134 839 smum commissa vt dicunt communiter doctores. ergo
388 831 1144 880 vel confessio non est de iure diuino: vel ius diuinum
384 877 1138 931 legis gratiae non obligat omnes ad ipsum suscipiendum in
389 917 1136 977 omnibus suis praeceptis. Secundum no est dicendum: quia si
385 969 1151 1018 vnum praeceptum legis gratiae non obliget omnes: eadem ra-
385 1006 1154 1060 tione nullum praeceptum positiuum diuinum obligabit
379 1052 1132 1110 omnes. ergo primum est dicendum. ⁋ Respondetur. huis
378 1093 1145 1157 argumento sufficienter responsum est loco inter ar-
384 1138 1143 1199 guendum recitato. hoc solum restat addere: quod sufficit
390 1187 1153 1243 in peri culo probab ili mortis ex institutione Christi
380 1228 1144 1291 peccata confiteri. quapropter moriens non confitens
384 1269 1156 1325 in tota vita sua, peccat peccato omissionis: con-
381 1319 749 1385 fessionem omittendo.
378 1364 1147 1451 ⁋ Secundo arguitur. Matthaei. xi. dicit
384 1442 1148 1492 Christus. lugum meum suaue est & onus meum leue.
384 1489 1145 1541 sed confessio vt dicebatur inter arguendum, est diffi
384 1533 1151 1588 cilis. ergo non est ex institutione Christi. ⁋ Respon
391 1579 1145 1632 deo. aliquae auctoritates legem Curisti insinuant fa
387 1621 1156 1675 cilem: aliquae vero difficilem. vt Quam angusta porta &
393 1667 1147 1722 arcta via est, quae ducit ad vitam: & pauci sunt qui inue
384 1718 1141 1769 niunt eam. Matthaei. vii. Amantibus autem deum & prudi
394 1761 1148 1816 tibus, ipsa est facilis: vt exponit Augustinus Ioan. v.
390 1798 1145 1851 super illo verbo. Mandata eius grauia no sunt. Etian
393 1847 1150 1904 ipsa sicut est relicta a Christo, est lege Mosaica fa
393 1890 1157 1942 cilior: iudicio beati Petri Actuum. xv. dicentis.
390 1936 1150 1989 Quid tentatis imponere iugum super ceruicem discipulo
390 1977 1147 2028 rum quod nec nos nec patres notri portare potuimus?
388 2022 1159 2073 Imprudentibus tamen ipsa est difficilis: difficultate in
394 2066 1144 2127 quam non proueniente ex parte legis. Vel sic. Principium
394 2111 1142 2163 legis gratiae, quia ad virtutem dirigit, est arctum. oppo
387 2152 1145 2207 sito aut modo est de perditionis via: vt in litera Pytha
395 2198 1148 2258 gorae notari solet. sed cum quis in lege gratiae parum-
405 2245 1147 2297 per studiose versatus fuerit: eam facilem inueniet.
397 2287 1141 2341 lstud tamen reputo vnum difficillimum in lege gratiae: &
390 2331 1151 2381 in hoc cum conterraneo in fine tertii sentio. Et addo
389 2373 1150 2436 quod est praeceptum optimum & generi humano maxime
384 2427 1160 2480 propitium, & retractiuum multum a peccatis. Homines enim
387 2462 1157 2514 in secreto / solo de o cognoscente peccare non eru-
394 2509 1146 2563 bescunt. sed causa quaedam occasionalis non peccandi in
391 2558 1150 2603 verecundia qua homo afficitur in confessione: & ille
402 2597 1153 2648 actus non est malus. nam licet Hector vt dicitur. iii.
389 2642 1157 2693 Ethicorum, non fecerit actum fortitudinis, nolendo aufu
383 2686 1156 2760 gere a bello ne dedecus incurreret: tamen fecit actum
1236 282 1976 358 virtutis. Secundo est causa restitutionum. plerique
1221 340 1984 388 enim putant multos contractus iniquos / licitos, & re-
1221 387 1980 440 stitutioni se non obnoxios: qui contrarium in confessio
1224 430 1984 477 ne deprehendunt. & etiam notitiam peccatorum quae ante con
1224 476 1979 523 fessionem licita putabant, illic assequuntur. homo etiam
1221 518 1981 568 fragilitatem propriam cognoscit per peccatorum repetitio
1230 564 1981 610 nem: ac per hoc ad humilitatem mouetur. ergo haec confes
1223 609 1988 662 sio vocalis est hominum multitudini admodum vti
1222 650 1978 699 lis, & forum secretissimum. quare prudenti non est diffi
1218 697 1984 754 cilis, ob secretum seruandum & vtilitatem inde prouenien
1225 740 1991 786 tem, nec decuit in lege Mosaica hanc legem perfectam
1228 787 1989 839 instituere: quia vt ad Hebraeos. xi. dicitur. Nihil
1215 824 1655 881 ad perfectum adducit lex.
1224 879 1990 970 ⁋ Tertio arouitur. aliqui sunt muti
1227 960 1991 1015 qui non possunt facere confessionem vocalem: vt sunt
1227 1006 1985 1053 omnes nati surdi qui nullum idioma loquuntur, &
1227 1049 1991 1095 multi non surdi elingues. ldem patet de detentis in
1230 1095 1984 1144 carcere apud Mahumetanos tota vita. modo ad
1230 1139 1988 1184 impossibile nemo obligatur. ⁋ Quarto arguitur.
1234 1177 1981 1229 Petrus non confessus est. sic enim scribit Ambrosius
1225 1229 1994 1273 super Lucam. Peccatum Petri lego: confessionem autem eius
1236 1266 1990 1319 non lego. ⁋ Ad tertium respodetur quod praeceptum Christi
1227 1316 1988 1373 est rationabile: & non obligat ad impossibile quen-
1224 1364 1990 1413 piam. Qui enim potest scripto sua peccata patefacere
1233 1408 1987 1457 & non verbo: non tenetur sua peccata occulta confiteri
1225 1446 1993 1495 saltem in absentia sacerdotis: quia istud forum debet esse
1230 1491 1991 1541 secretissimum: & scriptum de se inter absentes est pu
1230 1538 1993 1587 blicum: & potest vergere in infamiam peccatoris: cuius
1227 1584 1990 1628 oppositum deus percipit, puta seruare famam via lici
1227 1627 1994 1677 ta. & illud est de iure naturae: quod ius in cordibus no
1225 1669 1991 1728 stris scripsit deus. modo quando sunt duae leges quam vi-
1231 1711 1984 1768 dentur oppositae: lex minor maiori cedit, & per regem
1230 1760 1985 1803 maiorem exponenda est: sic vt inter illas leges non
1230 1802 1991 1849 sit pugna. Sed si confessor fuerit praesens: & confitens
1234 1849 1987 1891 sciat scribere & non possit loqui, debet chartam tra-
1227 1891 1997 1947 dere sacerdoti: & lectam minutatim lacerare. vel pro
1236 1936 1994 1982 securitate in propria manu tenere / dum sacerdos legit.
1236 1980 1990 2033 Si vero per nutus sciat confiteri & non per verba: vt si
1225 2023 1985 2070 religiosus fiat elinguis qui nutu suam mentem expli-
1228 2068 1988 2116 cet: tenetur per nutus confiteri. In omnibus enim istis seruatl
1231 2114 1991 2164 ratio legis: & detectio peccati in foro secretissimo,
1236 2156 1978 2215 hoc est soli sacerdoti. Ex istis patet quod non debet per
1233 2201 1986 2253 interpretem confiteri: quia forum non esset secretissi-
1233 2247 1988 2293 mun. Secundo sequitur quod confessio vocatur voca
1236 2289 1991 2337 lis non quod quaelibet fiat in voce: quandam enim nutu, quaedam
1240 2333 1985 2387 scripto fit: vt iam diximus, sed quia vox inter il-
1234 2378 1991 2426 la quae representant conceptum mentis nostrae, obtinet pri-
1224 2424 1986 2471 matum. vt dicit Augu. primo de doctrina christia
1230 2465 1991 2516 na. Confessio enim in absoluto modo loquendi vo-
1230 2516 1991 2564 catur vocalis, sicut Arist. primo Peri hermenias
1230 2557 1995 2613 dicit: nomen est vox. simiter de verbo & oratione loquitur
1231 2598 1982 2655 Et tamen nomen mentale est nomen verissimum. Si vero
1225 2645 1985 2696 more angelico nos intelligeremus: confessio mentalis
1233 2689 1981 2741 sufficeret. ⁋ Sed contra istud de foro secretissimo
