2350 3307
489 289 1247 352 do quis est aliquo peccato illaqueatus: proponat
490 350 1232 395 firmiter vel voueat si tale peccatum fecerit, se fa
486 396 1226 446 cturum opus poenitentiale in illius emendationem. vtpo
481 435 1229 491 te quod ieiunabit intra tres dies postea: vel talem sum
486 485 1232 536 madabit in eleemosynam: vel confitebitur intra duos
496 525 1226 582 vel tres dies. l enim peccatum non sit materia voti quo
490 580 1229 618 ad perpetrare: tamen ipsum sic detestari est voti ma-
492 612 1237 665 teria. Voueat ergo vnum istorum vel multa. sed po-
487 657 1238 704 tissimum confessionem: & signanter prudenti sacer-
477 702 1238 749 doti faciendam: qui sibi optimum dabit confitenti con-
483 748 1231 796 silium. Et sequitur in textu (suscipiens reuerenter ad
490 787 1219 839 ninus in pascha eucharistiae sacramentum). Ex quo
475 836 1226 891 sequitur quod homo non tenetur confiteri in pascha: quod
474 878 1231 931 patet: si quis in fronte quadragesimae confiteatur
481 922 1238 968 & non mortaliter peccet tota quadragesima: & su
474 967 1225 1020 mateucharistiam in pascha: hoc est in die louis
471 1009 1231 1058 hebdomadae sanctae, in vigilia paschae: in pascha
490 1052 1226 1110 vel octauis eius. ⁋ Ecce quomodo confessio est
465 1096 1240 1143 facienda semel in anno ei qui peccauit mortaliter: &
468 1145 1225 1189 non aliter. & sufficit confiteri quoncumque tempore an
468 1192 1229 1237 ni. sed si post illam confessionem quis in pecccatum
474 1231 1241 1283 mortale labatur: tenetur confiteri vt digne suscipiat
475 1272 1229 1322 sacramentum eucharistiae in pascha ad sensum da-
478 1320 1232 1364 tum. Et animaduerte quod homo potest pro rationabi
472 1361 1225 1410 li causa desistere a sumptione sacramenti eucha-
477 1410 1232 1456 ristiae in pascha: etiam capiendo pascha prout nos
466 1449 1216 1499 limitauimus. sed hoc erit de consilio proprii sacerdo
468 1495 1226 1544 tis: forte plebani / vel ordinarii superioris. vtpote
465 1538 1234 1594 si sit excommunicatus: & non possit absolui. vel ha-
478 1582 1229 1632 beat rancorem contra alique vicinum quem deponere
472 1626 1232 1684 non potest: quia non vult ex sua malitia. Sed si
472 1673 1220 1716 non suscipit eucharistiam octauis paschae lapsis, non
477 1715 1222 1769 lo dicere quod non teneatur amplius illo anno sacramentum
472 1756 1222 1805 eucharistiae sumere. immo tenetur quam primum potest commo
474 1803 1224 1848 de festis paschalibus lapsis, se ad hoc sacramentum
471 1848 1231 1903 sumendum disponere. alioquin non est deobligatus
483 1891 1060 1945 a confessione facienda semel in anno-
471 1944 1231 2037 ⁋ Sed hic dubitatur: quia superius
470 2015 1228 2074 dictum est quod regulariter homo non tenetur nisi se
466 2068 1228 2113 mel in anno confiteri: quare dicitur regulariter. Re
467 2110 1232 2157 spondetur: quia stat quod alias homo ad vocalem con-
472 2152 1225 2211 fessionem teneatur etiam laicus de quo loquor, in ali
468 2202 1217 2255 quibus casibus. vtpote quando quis vult susciperi
468 2245 1232 2298 eucharistiam: & forte ita est in ordine & matrimo-
463 2295 1226 2339 nio, vt communiter obseruatur. nisi quis non possit ha
462 2328 1234 2385 bere copiam sacerdotis, vel sacerdotis inidonei
465 2374 1216 2429 solum: & celebrare expediat vel communicare. Si
468 2427 1223 2475 cundus casus est ratione periculi: vt in magna aegri
477 2464 1228 2516 tudine: vel vt generalius dicam, in periculo vitae.
483 2505 1216 2560 vt bellum iustum ingressurus: vel itineri pericu
486 2553 1225 2601 loso per terram vel per mare se accingens: in quo
480 2601 1225 2651 plerunque homines perire solent: vel in amentiam
487 2644 1227 2697 verosimiliter casurus. Tertius casus ratione du-
483 2679 1232 2758 bii: quando homo probabiliter iudicat quod amplius
1312 291 2090 369 illo anno non occurret sibi copia confessoris va
1317 355 2092 402 lentis nexus sui peccati dissoluere, vel a casibus
1318 402 2075 460 reseruatis: vel ab excommunicatione: & iam habet ta
1315 445 2078 500 lem praesentem. Quartus casus est ratione consci
1315 494 2082 551 entiae: vt quando habet conscientiam quod tenetur statim
1320 536 2096 592 post peccatum commissum confiteri: tunc si contraue-
1309 581 2092 624 niat suae conscientiae, peccat. Ipse enim iudicat si non
1308 625 2095 676 confiteatur in hac hora se mortaliter peccare: & con--
1312 662 2083 712 formare se suae conscientiae in hoc casu non est
1308 711 2068 768 malum: cum non sit contra aliquod praeceptum. Quin
1312 756 2084 813 tus casus. si existimet se non posse commendare
1305 800 2072 849 memoriae omnia peccata sua: sed timeat se incur
1306 843 2077 891 surum peccatum omissionis mortale si non confiteatur
1315 890 2077 938 pluries: tunc de per accidens videtur teneri pluri
1309 936 2084 992 es in anno confiteri vt se ab huiusmodi transgres
1301 972 2074 1032 sione praeseruet. Si vero in charta vel aliter pos-
1308 1017 2062 1067 sit sua peccata memoriae commendare: non opoi
1302 1063 2081 1121 tet. Sextus casus. si homo voueat quod pluries in an
1302 1113 2083 1168 no confitebitur si peccet mortaliter. ⁋ In hac quae
1308 1151 2078 1208 stione capitulum Omnis. de poeniten. & remiss-
1315 1202 2072 1253 vtcunque succincte exposuimus, dicentes nullum
1306 1244 2071 1290 esse obnoxium sola venialia confiteri, siue mor-
1303 1287 2072 1334 talibus iungantur / siue non. Diximus etiam quod morta
1308 1325 2069 1380 le est prius detestandum quam homo obligetur ipsum con
1303 1371 2080 1424 fiteri: et (vt opinor) homo tenetur detestari suum
1299 1421 2066 1478 mortale commissum quando ei (saltem primo-
1305 1464 2066 1519 occurrit perfecta notitia illius. secus est de confes
1309 1503 2069 1557 sione vocali: vt superius diximus. Et quia circa
1300 1554 2073 1604 materiam praefati capitis nonnullae dubitatio-
1302 1595 2074 1657 nes occurrunt: aequum censui eas in medium pro-
1304 1632 1397 1692 ferre.
1303 1719 2080 1802 ⁋ Distinctionis Decimaeseptimae
1517 1793 1888 1886 Quaestio Tertia.
1613 1908 2070 1985 Ertio igitur pro ma
1621 1964 2069 2027 iori intelligentia dictorum
1620 2012 2050 2070 quaeritur. an quilibet adulti
1626 2054 2066 2115 teneatur confiteri omnia sua
1590 2079 2065 2157 quam peccata proprio sacerdoti.
1608 2143 2065 2208 Et sit conclusio affirmatiua
1612 2190 2065 2245 praecedentis quaestionis ex
1311 2243 2060 2292 c. Omnis. Contra quam conclusionem aliquibus
1303 2280 2057 2335 rationibus instabimus. Prima ratio quae ex parte peccato:
1296 2332 2053 2376 rum oblitorum sumitur / est talis. Sortes commi
1306 2367 2065 2423 sit centum peccata mortalia in isto anno: quorum
1311 2423 2066 2467 viginti sua memoria exciderunt post omnem pec
1309 2465 2062 2512 catorum explorationem. Haec ergo quia suae men
1303 2497 2063 2546 ti non occurrunt: non tenetur ea confiteri: alio-
1305 2543 2054 2600 quin ad impossibile obligaretur. ⁋ Respondetur
1297 2591 2066 2639 homo prius quae confessorem adit debet de pecca-
1300 2630 2060 2682 tis a se post vltimam confessionem commissis
1303 2674 2065 2750 magnam facere indaginem: vt omnia suae menti
