2284 3296
480 279 1246 343 cessiue peccata audiendo & satisfactionem succes
489 337 1252 390 siue iniungendo. de reconciliatione ecclesiae etiam
483 376 1246 434 patet in pluribus excommunicationibus irretito:
485 418 1243 475 qui ab vna potest primo absolui: & postea ab aliis
483 464 1245 519 de senten. exemommuni. ca. Cum pro causa. vt am
486 516 1244 566 plius distinctione sequenti notum euadet. igitur
498 550 1250 609 ⁋ Ex quo patet quod aliqua est partitio peccatorum
488 595 1240 644 rationabilis vt in argumento praecedenti diximus
492 640 1254 695 & iam super hoc duos tetigimus casus. Secundo
489 683 1250 745 patet quod curatus virtute clauis diminuit partem poe-
487 733 1256 782 nae debitae nouem peccatis mortalibus: & superior
488 771 1258 829 partem poenae debitae a. peccato reseruato: & sic est
484 814 1256 872 tanta poena deleta ab his duabus clauibus: ac si su-
484 866 1250 916 perior audiuisset istum ab initio: & eum ab omni
486 910 1258 959 bus absoluisset. Sed dicis: ex illo sequitur quod ho-
490 953 1256 1008 mo tenetur idem peccatum bis confiteri. Distin-
489 1002 1247 1049 guo: vel quando quis illi confitetur peccatum qu
487 1040 1249 1098 non potest ab illo absoluere: & sic conceditur. ali
495 1085 685 1151 ter negatur.
489 1137 1249 1212 ⁋ Contra instud arguitur. licet duc
490 1207 1250 1255 copulatiue possint eundem baptizare: & eandem
489 1251 1255 1308 hostiam consecrare: tamen oportet vnum esse mi
496 1304 1256 1349 nistrum sufficientem totius effectus sacramenta
489 1343 1261 1396 lis sine reliquo. ergo in confessione vnus debet es
499 1382 1259 1438 se minister sufficiens respectu effectus poeniten-
505 1428 1253 1485 tialis, scilicet diminutionis totius poenae vi clauis
499 1480 1256 1531 quemadmodum si duorum vterque baptizet: vterqui
502 1519 1259 1574 est causa ministerialis characteris baptismalis. er-
504 1563 1249 1618 go sacerdos non potens absoluere a casu reseru
505 1614 1268 1662 to erit causa ministerialis sufficiens totius effectus:
498 1649 1270 1707 vel nihil facit ministerialiter ad effectum poeniten-
508 1696 1259 1746 tiae: sed solus superior potens absoluere a casu ri
495 1752 1261 1795 seruato, quod dicere non potes. quia superior non po
504 1786 1261 1837 test hoc facere omnibus peccatis sibi non detectis
511 1830 1271 1878 quemadmodum non potest absoluere ante vllum
513 1871 1258 1924 peccatum auditum in confessione. Forte dicis. vn
503 1913 1268 1967 sacerdos consecrat corpus Curisti sub speciebus
504 1965 1265 2013 panis: & alter sacerdos consecrat corpus Christi
507 2007 1262 2063 sub speciebus vini. & sic sacramentum Euchari
508 2052 1264 2106 stiae diuiditur. simile erit hic. Hoc non valet. quia
510 2093 1274 2144 illic sunt duo sacramenta: a seinuicem non depen
504 2143 1268 2190 dentia: sicut est de variis ordinibus. licet enim sacer
517 2180 1272 2240 dos non debeat consecrare sub vna specie quin
513 2232 1275 2281 sub altera consecret: potest tamen de facto conse
507 2274 1270 2322 crare sub vna non consecrando sub alia. ⁋ Respo
516 2313 1267 2360 detur, non est idem in sacramento poenitentiae & in sacra
513 2362 1255 2413 mentis assignatis. in variis enim sacramentis vario mi
517 2411 1271 2465 procedendum est: tam in ministris quam in forma. nam in bapti
517 2451 1271 2503 smoi confirmatione / Eucharistia / & ordine requiritur vni
514 2493 1276 2539 tas ministri: non autem in matrimonio. & idem vi
514 2537 1265 2590 detur in extrema vnctione: quando vt videmus, s
514 2591 1269 2640 quis est statim moriturus: in variis partibus inun
514 2632 1271 2682 gitur a variis sacerdotibus. sic in proposito curatus
514 2667 1281 2743 absoluit ab omnibus peccatis sui fori: & diminuit
1323 278 2101 336 ministerialiter vi clauis partem poenae peccatis sui
1324 318 2095 370 fori debitae. sic facit superior de peccato sui foris
1327 368 2092 420 ita vt sit diminutio tantae poenae ac si omnia pec
1321 409 2090 466 cata essent confessa soli vni ab omnibus absolue
1321 462 2102 511 re potenti, nec maior gratia virtute operis opera
1323 497 2095 559 ti infunditur. Contra hoc arguit quidam grauis
1336 541 2095 594 theologus neotericus. Sacerdos non potest absol
1342 587 2087 640 uere quempiam ex industria tacentem de aliqu
1332 635 2090 679 bus mortalibus: & alia confitentem: vel ante cor
1332 676 2096 727 fessionem integram: ergo nec in casu nostro. Re
1332 721 2095 779 spondetur. in argumento non est magnus color. Ioan
1335 765 2099 812 nes Gerson putat non esse necessarium confiteri
1332 819 2095 874 peccatum reseruatum inferiori: & dicit se non au
1335 857 2101 903 dere damnare sic facientem. sed nos viam commu
1329 896 2087 946 nem tenemus quod peccata sint singula inferiori con
1332 941 2093 991 fitenda: licet dictum cancellarii non careat proba
1331 985 2101 1036 bilitate. ⁋ Sed Durandus in hac distinctione dicit
1332 1030 2108 1081 hunc modum includere aliqua inconuenientia. Pri
1342 1077 2102 1132 mum: quod ille qui est confessus omnia peccata sua in
1335 1116 2102 1166 feriori puta curato suo, teneretur omnia peccata ite
1339 1160 2101 1211 rum confiteri superiori: puta episcopo vel eius poe
1330 1207 2093 1262 nitentiario: quod est magnum inconueniens. quia quam
1329 1250 2095 1309 uis rite confessus possit si velit iterum confiteri: quoi
1339 1294 2111 1359 tamen ad hoc obligetur: non videtur rationabile.
1343 1340 2100 1394 Respondetur negando quod includit aliqua inconve
1335 1391 2105 1437 nientia: & nego primum esse inconueniens, quan
1341 1431 2098 1486 do quis est confessus illi primo qui non potest ab
1338 1473 2102 1521 omnibus absoluere. & hoc tenendo sicut loannes
1353 1523 2096 1568 Gerson existimat, quod poenitens debet esse parat
1345 1561 2102 1617 confiteri omnia peccata sua superiori si ea audire
1351 1606 2102 1658 voluerit. Hic tamen ego iudico magis probabile
1338 1658 2101 1699 quam dictum cancellarii. quod non teneatur omnia con
1344 1690 2101 1743 fiteri superiori: sed sufficit reseruatum vel reserua
1353 1743 2105 1786 ta ei confiteri, nec talem auderem dicere esse in sta
1338 1788 2104 1841 tu damnationis. Non habeo autem pro inconue
1344 1838 2105 1885 nienti quod homo teneatur idem peccatum bis con
1353 1873 2111 1936 fiteri de per accidens quando primo est confessus
1345 1916 2108 1968 illi qui non potest absoluere: quia ad hoc tenetur
1339 1961 2107 2014 secundum communem viam. Sed contra hoc ai
1345 2005 2114 2063 guit Cancellarius per theoricam doctoris subtilis.
1351 2052 2102 2096 tunc duo possent contra vnum testimonium fe
1344 2096 2102 2151 re: licet male agerent. & forte crimen erit plectendum
1352 2138 2105 2191 vltimo supplicio in foro exteriori. Si haec Thec
1345 2184 2102 2234 rica intelligatur vniuersaliter nego eam: cuius fa
1341 2230 2110 2285 sitas manifesta est in religiosis: in quibus expres
1351 2271 2114 2317 se dicit cancellarius non esse inconueniens quod bis
1350 2316 2105 2369 idem peccatum confiteantur. & nego quod testimo
1347 2369 2105 2413 nium confessorum contra confitentem vllo mo
1353 2405 2113 2459 do acceptabitur in foro exteriori quamuis essent mil
1350 2446 2116 2497 le. Ad secundum argumentum Durandi quod est:
1357 2493 2115 2550 frustra fit confessio illi a quo non speratur absolu
1360 2538 2117 2584 tio. si intelligas de totali absolutione: hoc nego: &
1350 2582 2107 2633 quamuis non esset absolutio vllo modo vt in confes
1353 2631 2115 2683 sione facta laico: adhuc confessio potest esse vtilis
1357 2670 2110 2741 ob peccatorum verecundiam & eorum contritio
