2319 3304
249 309 1001 371 relictis / acquiesceremus: & cum regula Lesbia flecti
246 364 1012 407 remur. Ex quo sequitur quod doctores tenentes po-
255 406 1004 459 sitiones oppositas ante pontificum determinatio-
244 452 1009 499 nes: non male egerunt, in materia topica probabiliter
255 499 1004 551 vtrinque loquentes. vt Bernardus in glossa ordina
240 545 1003 599 ria in cap. Omnis vtriusque sexus. tenens quod requi-
243 585 997 631 ritur permissus proprii sacerdotis: & multi alii tam
246 630 1001 677 in hac materia quam in alia. ⁋ Sed iuribus humanis
241 675 1001 727 relictis veniendo ad illa quae videntur mihi in lu-
246 718 997 762 mine naturali impraesentiarum dicenda / positiuo iure
237 761 998 819 neglecto: non est inutile quod eruditi & probi religiosi
241 802 988 856 admittantur ad audiendas confessiones in tota eccle
246 847 992 905 sia categorematice. ratio est: quia plerique sunt cura
237 896 1003 944 ti ineruditi & malae famae: qui raro laborant habere
243 939 998 999 subditos probos & virtute praeditos. Nam impro
246 982 1004 1032 bo gaudet improbus: ne in praesentia probi, fama
247 1028 997 1091 suam magis denigretur. ⁋ Secunda propositio: multi
241 1069 1000 1118 sunt eruditi religiosi mendicantes qui exercent ali-
244 1113 1004 1179 quos actus potiores actibus curatorum: vt qui con-
240 1164 1001 1216 cionando / populum verbo & exemplo illuminant.
237 1205 992 1261 nec est indecens quod isti a populo nutriantur: hoc enim
243 1253 992 1301 est de iure naturae: vt patet primae ad Corinth. ix. &
237 1300 989 1352 in malorum curatorum poenam & dedecus vt magis
238 1336 997 1386 sordescant. Opposita ei iuxta se posita clarius elu-
231 1383 985 1443 cescunt. ⁋ Alia propositio. si fiat bona diligentia i
229 1422 998 1479 episcopos de fratrum admissione / non potest esse que-
235 1474 1000 1522 rimonia de eorum sufficientia. nam diligentissime fuit
229 1516 988 1575 hoc a summis pontificibus adiectu. si episcopus
225 1554 1000 1619 sibi praesentatos examinaret vel vicarius eius. facile
231 1606 997 1665 autem religiosorum conditio scientia & mores ab epso
240 1651 994 1704 deprehendentur. nihil enim occurrit quo a recto & syr
235 1694 1004 1738 cero de eis iudicio distrahatur: sicut in caeca collatio-
235 1738 992 1790 ne beneficiorum: quia saepe prece / sanguine / & serui
237 1786 1001 1835 tio permotus: populi vtilitate neglecta dat curas
228 1825 995 1886 ineptis & male merentibus. sed ad hoc quodammo
237 1875 989 1917 do allicitur cum sua tamen graui culpa. hic autem in re
232 1912 992 1969 ligiosis admittendis nulla est quaestio de beneficio
231 1964 997 2019 dando: sed de sola salute plebis procuranda. ⁋ Alia
226 2003 998 2067 propositio. vbi essent inutiles religiosi episcopo prae
235 2049 989 2099 sentati, non deberet eos admittere. vel si inutiles re
224 2088 994 2151 perti fuerit a curato successu temporis: & possit hoc
228 2145 995 2192 probare: debet eos reiicere: sicut putatus bonus me
224 2192 998 2244 dicus a principio, comperto contrario est remouendus.
232 2227 994 2282 ⁋ Alia propositio, no expedit dare religiosos auxi
231 2270 998 2332 liatores curatis in tota ecclesia syncategoremati-
228 2313 989 2368 ce probatur. nam aliqui sunt curati ita religiosi in vi-
225 2368 988 2420 ta vt vocati religiosi: guardianis & prioribus lon-
230 2411 992 2461 ge eruditiores: quibus non expedit dare cooperatores.
234 2454 995 2501 contingit etiam quod diligens curatus habeat paruum
232 2494 983 2543 gregem circa quem in propria vigilat: vel si opi
231 2543 984 2598 egeat / nouit quis sit sibi vtilis. scio probos religio
222 2582 994 2631 sos erubescere in praesentia eiusmodi pastoris se
225 2627 979 2675 ingerere sine eius facultate: nisi frontem perfricuerint
223 2665 995 2729 Declaro istud per analogiam de medico corporali:
232 2713 992 2777 qui in tota vrbe categorematice est vtilis: sed non
1087 303 1841 377 syncategorematice, vtpote domui illi vel vico in
1086 369 1841 429 qua vel quo est medicus multo exercitatior: secun-
1077 413 1847 465 dum verbum Christi. Non est opus medico bene va
1077 459 1846 504 lentibus. ⁋ Vltima propositio. bonus curatus bo
1077 499 1846 552 nos religiosos quos nouit debet ad se in suum auxi
1080 543 1841 606 lium vocare neglectis his paruis fortunae munuscu
1075 590 1841 644 lis: gregis sibi commissi quaerendo salute. & contra
1072 632 1843 684 si curatum seditiosum & dyscolum religiosus vi
1077 679 1847 731 deat cum quo non possit fructum seu aedificationem
1084 722 1835 773 facere in populo, a loco illo ad alium secedat: vel
1077 762 1629 831 in cellulam vnde exiit sese recipiat.
1113 821 1803 929 ⁋ Distinctionis Decimaeseptimae
1273 894 1667 982 Quaestio Octaua.
1386 966 1834 1040 Ctauo circa hanc deci
1383 1018 1835 1091 manseptimam distinctionem quae
1410 1073 1843 1125 ritur. An furiosi & temulenti
1395 1117 1842 1180 lad hoc praeceptum ecclesiasticum
1395 1163 1841 1224 de confessione & ad similia
1392 1208 1845 1261 praecepta obligentur, nec hoc
1389 1252 1840 1314 est ab hac materia alienum: vt
1395 1295 1844 1351 terminos quaestionis conside
1071 1343 1837 1390 ranti clarum est. Nam & Ricardus Middiltonus hanci
1070 1387 1841 1441 quaestionem in hac materia: licet parum de ea loquatur
1065 1438 1844 1490 proponit. Et quia vt primo de anima dicitur. Rectum
1071 1484 1834 1522 est iudex sui obliqui: propterea si describatur so-
1066 1520 1837 1574 brietas ebrietati opposita: ebrietas notior euadet.
1075 1562 1838 1620 ⁋ Sobrietas temperantiae cardinalis virtutis species
1068 1608 1835 1669 est circa potum: quando scilicet quis non contraue-
1068 1651 1845 1709 nit rationi in bibendo: vtpote cum potus non est in
1061 1701 1837 1753 animae vel corporis iactura: & potissimum animae. si
1072 1745 1838 1791 tamen cui condescendendum sit: vltra facultatem su-
1069 1788 1829 1835 mentis non bibatur: nec potus sit bibenti vetitus
1068 1828 1836 1885 per votum vel aliam legem: vt videre est de Na-
1065 1885 1835 1937 zareis Numeri. vi. & de Rechabitis Hieremiae
1071 1923 1832 1971 xxxv. & de Aaronitis Leuitici. i. Nam pro tempore
1069 1964 1825 2029 illius legis stantibus duobus primis: quantuncunque
1062 2008 1834 2064 parum bibendo non fuisset actus sobnetatis. Fo-
1072 2056 1834 2116 dem modo si nunc esset aliqua lex potum vini pro
1068 2097 1832 2158 hibens: bibendo esset ebrietas moralis in super-
1072 2143 1831 2200 abundando. Notanter (moralis) quia licet sic phi
1071 2187 1832 2229 losophus loqui debeat / cum homo cancellos so-
1065 2226 1839 2287 brietatis transcendit: tamen vulgariter non sic ca
1068 2275 1835 2337 pimus. sed morali philosophiae acceptio vocabu-
1068 2319 1835 2372 u applaudit. Ebrius autem iuxta nominis inter-
1061 2363 1827 2419 pretationem dici putatur, ab ex quod est extra, &
1068 2407 1829 2465 bria / mensura: quasi extra mensuram sobrietatis.
1059 2453 1825 2505 sicut sobrietas secundum mensuram. vulgus ta-
1059 2498 1819 2549 men ebrium vocat eum qui est omnis rationis
1056 2542 1816 2597 expers a potu. & potissimum de hac acceptione
1062 2587 1825 2634 in titulo quaestionis inquirimus. ⁋ Ex isto patet:
1056 2630 1819 2682 quod non est eadem adaequata latitudo sobrietatis omni-
1065 2673 1825 2722 bus hominibus eiusdem aetatis: sicut non est eadem
1063 2718 1827 2788 latitudo cibi: vt patet de platone & ludi magistro.
