2350 3318
213 294 982 350 tes actum malum / ad quem impellit habitus, si non mi
213 339 985 397 nus peccat quae non habituatus: saltem peccabit aequali-
216 385 987 437 ter: vel si alter non peccat: nec ipse. Concedendum tamen
222 426 977 482 arbitror quod contraueniens habitui malo / acquisito
220 473 974 533 tempore non imputabilitatis, plus meretur quam non ma-
228 517 983 574 le habituatus. ⁋ Sed contra hanc conclusionem arguitur
225 559 974 615 argumentis quibus quidam oppositum astruit. & pon-
229 606 973 659 dus argumentorum eius in hoc consistit. talis scit istan
225 649 982 708 esse meretricem & esse non suam: nec ignorat aliquid
226 703 973 750 eorum quod sufficit ad reddendum actum culpabilem.
222 738 982 793 Secundo sic. assuetus adire lupanar quolibet die, nunc
213 788 983 836 inebriatus peccat: quia nullus propter ignorantiam excu
214 826 986 881 satur a peccato quod alioquin esset facturus si non
220 876 989 929 esset inebriatus. nam alioquin peccasset: igitur nunc
222 915 985 980 peccat. ⁋ Ad primum respondetur quod assumptum est
219 971 989 1016 dubium: quia supponimus istum omnis rationis exper-
212 1012 986 1057 tem. locu enim accedere vetitum non concludit eum habe-
228 1053 992 1102 re rationem, plusquam brutum cubile ex habitu petens.
220 1097 986 1154 immo hoc argumentum concludenret: quod si occideret
228 1136 988 1193 hominem sine culpa praeuia, peccaret. Ad secundum
225 1185 983 1238 respondetur quod illa propositio est neganda in qua
220 1227 998 1283 iacet pondus argumenti. nullus propter ignorantiam
219 1267 992 1324 excusatur a peccato quod alioquin esset facturus. velte
226 1320 994 1369 dico quod nullus peccat vel meretur in hoc quod potest facere
219 1358 985 1416 sed in hoc quod facit. ⁋ Secundam conclusionem probo sic.
214 1408 994 1460 modicam rationem habens minus peccat quam habens magnam.
225 1452 987 1500 secundum illud Lucae. xii. Ille seruus quam cognouit vo-
220 1496 988 1548 luntatem domini sui: & non fecit secundum volun-
235 1543 995 1599 tatem eius, vapulabit multis. Qui autem non cogno
225 1579 984 1634 uit: & fecit digna / plagis vapulabit paucis. & ad-
232 1625 986 1682 huc habens minorem rationem minus peccat: ergo nullam
238 1672 994 1726 rationem habens non peccat. probo consequentiam
234 1719 991 1772 quia alioquin dabis vnum peccatum in infinitum
237 1758 994 1817 paruum: & ita nec erit veniale nec mortale: & ad
226 1809 998 1862 nullam poenam imputabile: vel dabis quod vnus
237 1858 992 1905 aliquid rationis habens aequaliter peccabit cum eo
224 1892 982 1950 qui nullam rationem habet caeteris paribus. sed ista
239 1937 985 1990 disiunctiua quae est consequens, pro vtraque sui par-
237 1984 985 2034 te est neganda. ergo & antecedens. Et probatur
238 2031 995 2083 consequentia: dato quod ille furiosus occidendo pec
238 2070 995 2127 cet: (semper intelligo de peccato imputabili) si-
228 2114 1000 2169 gnetur malitia sui pecatia. & sit mortale: si venia
240 2162 986 2217 le / aequaliter arguam. a. erit vt vnum. homo pru-
232 2206 989 2259 dens vt Vlysses occidens talem hominem peccat
246 2246 985 2299 vt quatuor. homo talis, vt Aiax Thelamonius
243 2298 991 2346 occidens talem hominem peccat vt tria: descendendo
237 2344 985 2388 ad hominem qui adhuc minus peccat: & sic sini
244 2382 985 2432 statu. Huius rationis neruum lucidius sic dedu
235 2431 989 2476 co. In prima parte proportionali horae creet deus
247 2469 997 2525 vlyssem: in secunda Aiacem in subduplo minus
232 2513 992 2570 prudentem: in tertia Achillem: & sic per omnes par-
237 2566 1001 2614 tes proportionales vnius horae: in infinitum parum
234 2610 994 2656 aliquis istorum est prudens, & si omnes vellent
238 2644 992 2694 vnum interimere: semper minus rationis habens
234 2695 1000 2758 minus peccabit. sed furiosus minus rationis ha-
1057 285 1825 341 bet quam aliquis istorum, improprie minus: ergo ipse
1063 335 1811 386 non peccat: vel dabitur aliquis istorum qui ita pa-
1053 381 1817 433 rum peccat vt ille furiosus. Discursus in speciali
1063 423 1826 476 in materia sua videtur bonus: quamuis in aliis mate-
1071 472 1814 517 riis possit dari obex, vt de partibus peccati morta
1063 512 1823 561 lis in ordine ad veniale comparatis: quarum quaeli-
1072 553 1817 607 bet est peior veniali. & de qualibet parte albedi-
1066 604 1814 657 nis perfectiore hac nigredine: & tamen propterea
1065 648 1825 698 tota non est infinite perfecta. Illic enim est compa
1066 694 1832 738 ratio eorum quae sunt diuersarum rationum: non
1069 731 1835 785 autem hic. Secundo arguitur ad idem per Clemen
1063 782 1826 828 tinam Si furiosus. de homicidio volunta. vel ca-
1071 822 1829 871 sua. vbi Clemens Quintus inquit. Si furiosus
1069 866 1826 912 aut infans seu dormiens hominem mutilet vel
1066 908 1832 964 occidat: nullam irregularitatem incurrit. Vbi si
1071 955 1820 1011 quis culpabiliter occidit: irregularitatem incur-
1062 1006 1825 1049 rit: immo interdum sine peccato. hoc patet. fitt. de
1062 1042 1819 1096 iniuriis. Illud canonizata. Et recitat Gratianus. xv.
1077 1086 1828 1146 . i. cap. Illud. inquiens in versiculo Sane. omni-
1069 1134 1823 1188 non in principio capitis. Sane sunt quidam qui fa
1062 1175 1819 1233 cere non possunt: vt puta furiosus et impubes quoi
1065 1220 1822 1272 doli capax non est. nanque hi pati iniuriam solent
1071 1277 1826 1316 non facere. Cum enim iniuria ex affectu facien-
1063 1305 1838 1369 tis consistat: consequens erit dicere hos / siue pul-
1062 1353 1826 1409 sent / siue conuitium dicant: iniuriam fecisse non
1079 1402 1828 1455 videri. Et Augustinus in libro quaestionum vete-
1069 1445 1826 1495 ris & noui testamenti. & habetur in cap. Aliquos.
1065 1491 1832 1547 eiusdem causae & quaestionis, inquit. Aliquos sci-
1068 1533 1844 1591 mus subito dementes factos / ferro / fuste / lapidibus :i
1072 1580 1835 1631 morsibus multis nocuisse: quosdam etiam occi-
1074 1622 1829 1669 disse: captos autem industria & iudiciis oblatos mi-
1074 1663 1834 1723 nime reos factos: eo quod non voluntate sed impellen-
1065 1716 1841 1756 te vimescio qua / haec gesserint nescientes. Quomo-
1065 1756 1835 1800 do enim reus constituitur, qui nescit quid feceritu
1065 1799 1840 1847 Hoc idem tenet Ambrosius in Hexamero in tra
1074 1846 1829 1897 ctatu primi diei. Et quia haec conclusio non ita fi-
1071 1890 1828 1936 xe negatur vt quarta: probationes adductae sufficiant.
1074 1936 1840 1985 si aliquae probationes quartam inferant: istam etiam
1081 1984 1839 2035 opinione mea concludent. ⁋ Tertia conclusio pro-
1075 2022 1841 2072 batur sic. nullum peccatum mortale deletur nisi
1077 2071 1829 2122 per displicentiam illius, vel aliquem actum meri-
1072 2115 1829 2169 torium. Vnde Augustinus de fide ad Petrum. &
1071 2159 1843 2204 citat Gratianus de consecra. distinc. i. Firmissime
1074 2202 1832 2247 tene & nullatenus dubites, exceptis illis qui pro
1078 2251 1838 2296 nomine Curisti sanguine suo baptizantur, nul-
1066 2285 1841 2344 lum hominem accepturum vitam eternam, qui
1081 2329 1838 2387 non hic a malis fuerit per poenitentiam fidemque
1069 2386 1835 2432 conversus. Furiosus autem tempore furiae hoc ha-
1077 2420 1826 2468 bere non potest, quemadmodum nec demeritum.
1070 2464 1834 2512 ibi. n. illud Ecclesiastes. xi. verum habet. Si cecide-
1077 2511 1827 2556 rit lignum ad austrum aut ad aquilonem / in quocumque lo
1074 2556 1841 2610 co ceciderit / ibi erit. ⁋ Quarta conclusio ex secuda
1073 2599 1835 2648 sequitur. Et primo sic probatur. plene furiosus tempo-
1071 2646 1826 2695 re furiae non peccat ex secunda conclusione: er-
1066 2687 1838 2765 go nec ebrius. Martinus concedit antecedens: et
