2340 3340
508 281 1283 345 negat consequentiam. & causa est (inquit) quia fu-
510 335 1273 382 ria est multo grauior poena quam ebrietas, & acerbita
510 382 1270 430 te, & duratione: & minus rationis habet ebrius. Hoc
506 421 1277 471 non valet. primo poena non est voluntarie sumpta.
508 466 1279 522 secundo frequenter contingit quod aliquis paruo tem-
525 506 1273 562 pore maneat demens, vel habeat lucida interualla-
515 550 1280 604 Etiam non est verisimile quod furia sit atrocior poena
514 601 1283 660 quam ebrietas: cum aliquos furiosos longaeuos videa
516 644 1270 694 mus: & intemperantia potus continuata etiam citra
510 691 1279 737 ebrietatem notabiliter vitam abbreuiet. Ebrietatis
514 734 1285 784 molestiam ac insolentiam notat luuena. saty. vi. dicens
517 774 1289 822 Cum bibitur concha: cum iam vertigine tectum Ambu
510 818 1282 873 lat: & geminis exurgit mensa lucernis. Quod de
523 861 1276 909 minoritate rationis dicit: nihil est. nam de pure ebrio
511 906 1283 956 hoc est nihil rationis habente / loquimur. ratio enim finita
520 955 1286 1001 sensim potu est auferibilis. quia omne finitum per ablatio-
512 991 1291 1050 nem finiti tandem consumitur. i. Physicorum. Si enim aliquid
516 1039 1291 1092 rationis habeat sortes vocatus ebrius: de illo non
519 1081 1283 1136 vertitur quaestio. ⁋ Secundo arguitur ad idem.
522 1131 1293 1180 Pono tres ebrios ex tribus culpis praecedentibus
528 1171 1295 1219 Titium ex veniali: Sempronium ex mortali: & sor-
516 1213 1285 1261 tem ex mortali maiori. qui occidant tres homines
528 1268 1286 1320 aequales: ita vt caeteris paribus si essent extra ebrieta-
522 1310 1285 1352 tem, aequaliter peccarent. vel omnes tres in ebrieta
515 1346 1288 1406 te peccant aequaliter occidendo: & hoc est irratio-
522 1396 1289 1445 nabile: quia culpae ex quibus ebrietates emanarunt
525 1435 1298 1489 erant inaequales: ergo inaequaliter peccant. tenet con-
523 1481 1289 1535 sequentia: quia non aliter secundum aduersarios
531 1525 1288 1575 ebrius sine culpa occidens non peccat: & cum culpai
527 1572 1295 1630 peccat. ergo in minore culpa ebrius minus peccat.
523 1620 1295 1670 quod si concedas: tunc Titius solum peccat veniali-
520 1668 1301 1717 ter occidendo hominem: quod aduersarius debet repu
532 1710 1291 1762 tare inconveniens. Etiam non valet dicere quod ebrius ve
522 1748 1291 1807 nialiter occidens hominem, venialiter solum peccet
526 1796 1295 1850 quod probo arguendo ad hominem: quia sub poena
525 1836 1295 1893 peccati mortalis obligatur non occidere: & non est de-
522 1878 1298 1933 obligatus per suam culpam per te: ergo mortaliter pec-
535 1927 1295 1979 cat. ⁋ Tertio arguitur. nullum est peccatum nisi voli
522 1969 1294 2020 tum. illud homicidium non est volitum. igitur. distin
537 2013 1298 2067 guis minorem: vel formaliter: & sic negas: interprta-
534 2055 1288 2112 tiue vel antecedenter concedis. velle autem aliquid inter
528 2109 1291 2161 pretatiue est velle aliquid ad quod sequitur aliud. vt
534 2149 1294 2200 ebrius vult formaliter vinum bibere, ad quod sequi
529 2192 1297 2247 tur homicidium: propterea est homicida imputabi-
535 2235 1291 2285 liter. Contra illud arguitur probando quod velle illud
534 2277 1286 2328 interpretatiuum non sufficiat ad culpam: quia illo
541 2322 1295 2377 dato sequitur quod occidens in ebrietate sine culpa
537 2376 1300 2427 peccat: quia vult aliquid ad quod sequitur occisio:
545 2411 1289 2460 puta bibere vinum quod ipse nescit inebriare: quemad-
540 2457 1295 2510 dum None qui primus inebriatus est. Ad hoc ar-
534 2501 1288 2553 gumentum forte dices, oportere dicere in volitione
531 2546 1295 2601 interpretatiua: quia vult aliquid sinistre ad quod
531 2591 1289 2648 sequitur aliud. Contra hoc arguo. posito quod aliquis
543 2639 1298 2692 velit bibere plusquam ratio dictat, & percipiat aliena-
542 2678 1301 2739 tionem mentis accedentem: poeniteat de facto: &
1366 283 2128 342 postea occidat: sequeretur talem peccare: quod non
1362 328 2132 385 est dicendum. Forte iterum negas consequentiam
1353 378 2131 424 & bene: quia intelligis vbi illud peccatum non est dete-
1357 416 2131 471 statum. ⁋ Sed quia illud argumentum non vide-
1354 463 2126 520 tur tibi ponderandum: Quarto arguitur. sequere
1354 506 2129 554 tur quod si duo emittant duas sagittas extra muros
1362 549 2120 601 ex aequali negligentia: & vnus occidat: & alter non,
1366 606 2126 650 occidens plus peccaret quam alter. quod non est di-
1359 641 2129 694 cendum. ergo volitio interpretatiua non sufficit ad
1368 684 2131 732 peccatum. volo quod sortes occidat: Plato vero non. pa
1369 726 2132 780 et. sortes vult occisionem interpretatiue: & non pla-
1359 776 2126 830 to: quia vult aliquid perperam ad quod sequitur mors
1360 815 2134 869 & propterea plus peccabit. Quod si forte concedas:
1372 859 2138 911 Contra: toto tempore quo sagitte volitant / aequaliter
1368 906 2131 961 peccant: & tunc propter impositionem vmbonis
1368 960 2123 1006 quem Cicero facit ad resistendum sagittae plato-
1352 994 2122 1049 nis: & quia nullus resistit sagittae sortis: sortes plus
1362 1042 2124 1093 peccabit quam plato, quod inconvenit. ⁋ Quito sic. Sor
1359 1091 2122 1138 tes eliciens actum in instanti / in tempore in quo
1360 1126 2126 1177 de necessitate ipsum continuat: non peccat nouo
1377 1170 2141 1233 peccato: ergo neque ebrius occidens. semper sup-
1374 1211 2134 1278 pono ebrium ex culpa. probo consequentiam: quia
1374 1266 2141 1316 vnum non est magis voluntarium quam aliud: primum enim est
1374 1305 2129 1362 volitum interpretatiue si hoc sufficiat ad peccatum
1371 1349 2138 1404 quia vult aliud: puta in instanti ad quod sequitur com
1360 1401 2144 1447 tinuatio. Huius argumenti nullam solutionem vi-
1365 1436 2138 1490 deo neque fractionem: nisi dicendo quod vnum est natura
1362 1479 2131 1532 lius alio: quia ebrius potest ire naturaliter cubitum:
1374 1525 2134 1576 eliciens autem in instanti non potest ab actu desiste-
1368 1571 2134 1618 re: & sic non est idem de duobus actibus variis &
1359 1617 2137 1666 eodem. Contra. esto possit ire cubitum: tamen obla
1366 1658 2138 1708 ta occasione pugnandi nescit discedere plusquam bru-
1374 1703 2144 1765 tum. suppono eum omnis rationis expertem: alio-
1375 1749 2132 1802 quin no est ad propositum: si enim aliquid rationis
1363 1795 2138 1841 habeat, secundum rationis magnitudinem impu-
1365 1840 2141 1887 tabitur peccatum ⁋ Sexto arguitur. capio sortem
1368 1883 2135 1930 & platonem qui vadunt ad bibendum: habeant
1374 1927 2140 1971 has volitiones: eamus ad bibendum vel inebrian
1374 1970 2134 2018 dum, siue sequatur adulterium siue mors. & sic abeant.
1377 2019 2138 2072 Sortem in lectum Cicero ponat: & Plato vagando
1377 2067 2134 2114 occidat hominem: sequitur iam quod plato plus pecca
1372 2106 2129 2152 ret quam sortes: quod non videtur: nam actus interiores
1369 2147 2132 2197 semper erant aequales, & actui interiori actus exterior
1378 2192 2138 2242 nihil malitiae superaddit secundum aduersarios.
1374 2237 2143 2283 Et confirmatur haec ratio. si duo non temulenti ex
1381 2280 2135 2329 aequali negligentia proiiciant lapides extra domum:
1371 2322 2141 2370 licet vnus occidat & non alter / aequaliter peccant. er
1380 2367 2134 2428 go si duo temulenti sic proiiciant / aequaliter pecca
1372 2412 2141 2460 bunt. ⁋ Septimo arguitur. Sortes incurrens fu-
1371 2457 2129 2512 tiam vel temulentiam ex actu meritorio quicquid
1380 2505 2138 2553 agat non meretur: ergo eodem modo nec demerebitur.
1368 2546 2141 2592 Sed dices. plura requiruntur ad bonum quam ad malum.
1384 2593 2141 2644 ⁋ Propterea octauo arguitur. Nullus peccator vni
1369 2639 2135 2691 co peccato efficitur peccator duobus peccatis per
1363 2687 2137 2747 aliquid mere naturale quod non est in potestate sua:
