2348 3329
285 297 1022 382 Sortes incurrens ebrietatem ex culpa sua antequam
289 375 1021 429 occidat est solum peccator vno peccato: ergo
273 412 1031 470 si post homicidium in temulentia commissum
276 457 1033 521 peccet nouo peccato: efficietur peccator duplici
285 493 1031 567 peccato per aliquid mere naturale non situm in sua
280 547 1031 599 facultate. Quidam hanc maiorem capit ad pro
280 592 1037 649 bandum pollutionem nocturnam ex culpa proue
278 636 1027 685 nientem non esse imputabilem. Sed dico argumeni
270 677 1036 742 tum aequaliter vtrumque probare: licet possit dari quod
277 726 1028 775 dam discrimen prima fronte: quia vnus dat ope
270 769 1022 833 ram rei licitae scilicet somno: alter illicitae scilice
267 813 1028 866 homicidio. Contra hoc arguitur. ergo si quis pol-
264 856 1030 921 luatur in somno qui dormiuit tempore quo tene
273 905 1034 953 batur non dormire, talis pollutio erit imputabilis
277 949 1034 998 & simiter quod non surrexerit ad matutinas nec fecerit
270 990 1027 1043 alia quae tenebatur in vigilia facere: quod non est con
273 1042 1031 1094 cedendum. In super brutum occidens hominem non
274 1081 1034 1135 dat operam rei illicitae: ergo nec iste onmi ratione pri-
277 1120 1040 1176 uatus dat operam rei illicitae, quod enim est vni licitum
274 1167 1028 1220 est alteri illicitum. ltem ebrius transiens recto iti-
270 1208 1037 1263 nere ad forum: occidens primum occurrentem dat
271 1255 1037 1317 operam rei licitae, scilicet eundo ad forum: sicut
270 1301 1031 1354 disponens se ad capiendum somnum licite. Si di-
270 1345 1028 1404 cas, occidendo hominem dat operam rei illicitae:
271 1387 1030 1441 eodem modo erit de pollutione. Et si arguens ha-
271 1433 1043 1497 beat venam argumentum dirigendi: discrimen dare
270 1475 1021 1536 non poteris. ⁋ Nono arguitur. ex opposito sequ
270 1522 1036 1588 tur quod motus primo primus nobis imputaretur ad cur
280 1576 1025 1626 pam, contra omnes. patet: quia nobis ex culpa nostra pro
270 1621 1027 1675 uenit / scilicet ex originali in quo concepti sumus / & ex
297 1658 1040 1708 riginalis iustitiae defectu. & in Adam post pri-
270 1709 1028 1761 mun peccatum commissum motus primo primus fuisset
270 1741 1027 1805 imputabilis. ⁋ Decimo. ponatur sortes qui tenels
271 1788 1033 1842 diligere deum vel facere aliquod opus praecepti
264 1832 1031 1876 in a. hora sciliet duodecima: inebrietur hora decima:
274 1874 1028 1925 iai non peccat hora duodecima: ergo conclusio
277 1927 1028 1976 nostra vera. Antecedens patet: quia si dicas illam
270 1964 1027 2021 impotentiam ex culpa eius prouenire / & sic non
270 2016 1043 2071 excusare: sequitur quod actus malus in instanti elici-
264 2057 1036 2111 tus in quolibet instanti vel tempore naturalis com-
265 2102 1040 2161 tinuationis imputabitur ad culpam nouam. ⁋ Vn
270 2144 1036 2196 decimo. ponendo duos ebrios: vnum ex culpa
264 2194 1031 2248 mortali: alterum ex veniali, & tempore ebrietatis
273 2240 1031 2292 committat vterque vnum peccatum quod tempore
271 2279 1030 2341 rationis esset veniale duntaxat: quaeritur in qua
273 2326 1036 2378 proportione tempore ebrietatis haec peccata se
271 2369 1026 2426 habebunt inter se. ⁋ Duodecimo. Origenes pres
267 2407 1030 2456 byter Homilia quinta super Genesim exponens
267 2447 1031 2508 ebrietatem & incestum Loth Genesis. xix. dicit
273 2498 1027 2548 Loth partim deliquisse, partim excusari: quia filia
274 2541 1029 2594 rum concubitui non consensit: sed deceptus erat:
276 2587 1022 2645 quia nimis vino indulserat, non solum semel, si
267 2630 1027 2675 iterum. Vult dicere quod prima ebrietas non fuit ei
274 2673 1021 2724 imputabilis: quia ex ignorantia inuincibili procedens
274 2723 1029 2781 nec incestus: sed debebat cauere a secunda temulem
1107 297 1867 388 tia & cautius agere: cum nocte praeterita se circum,
1116 366 1880 418 uentum videbat. Origenem Augustinus insequitur
1114 412 1873 464 xxii contra Faustum. Et in variis locis a Gratia
1108 457 1867 506 no ad hoc allegatur: vt. xv. qui. i. Inebriauerunt. ori-
1113 508 1878 560 ginem autem inuenies. xxii. contra Faustum capite. xliiii.
1108 550 1868 594 Ex his rationibus & auctoritatibus patet conclu-
1105 595 1868 646 sionem propositam quae est praecipua huius quaestio
1107 642 1867 698 nis, non offendere ptias aures. ⁋ Quinta & vltima
1114 684 1874 740 conclusio de foeditate ebrietatis manifesta est. ex
1104 725 1873 788 ea enim multa damna sequuntur. Vnde Horatius ad Tor
1111 778 1874 831 quatum epistola. v. Quid non ebrietas designatus
1105 822 1883 874 operta recludit. Spres iubet esse ratas: ad praelia tru-
1105 860 1880 917 dit inermen. Experimur passim quomodo operta recludit
1104 899 1883 965 propterea Aristoteles in de secretis secretorum con
1105 956 1882 1007 suluit Alexandro / reddere nobiles temulentos vt
1110 999 1865 1052 eorum secreta caperet. Ad praelia trudit inermen-
1097 1037 1877 1098 hoc est inconsideratum & bello inidoneum: etsi
1101 1080 1876 1135 alioquin esset idoneus. Hac interueniente filium Tho
1104 1126 1864 1182 myris, & Scythas genus in superabile bello Cyrus
1114 1170 1874 1226 Persarum rex interemit. Polyphemu gigante te-
1110 1222 1879 1267 mulentum Vlysses delusit, oculoque orbauit. & caput
1104 1255 1885 1314 Hlolofernis temulenti bona ludith abstulit. Haec
1104 1298 1882 1350 in necem Clyti Alexandro charissimiregem impu-
1116 1345 1883 1399 lit. Propterea scite prouerbiorum. xxxi. a sapiente scri
1113 1388 1877 1449 ptum est. Noli regibus dare vinum: quia nullum se-
1117 1434 1868 1493 cretum est vbi regnat ebrietas. Haec item hominos
1113 1479 1882 1538 ad iudicium reddit ineptos. Hinc Ecclesiastici. xix.
1110 1522 1876 1582 scribitur. Vinum & mulieres apostatare faciunt sa-
1109 1565 1877 1629 pientes. Praeterea castitati est perniciosissima. pro-
1110 1623 1878 1674 uerbiorum. xx. Luxuriosa res vinum: & tumultuosa
1116 1656 1870 1715 ebrietas. Et luuenalis satyra. vi. Quid enim Venus
1107 1703 1888 1757 ebria curat:? Inguinis & capitis quae sunt discrimina
1107 1745 1879 1807 nescit. Et Ouidius in arte. Vina parant animos, redduntque
1113 1804 1884 1852 coloribus aptos. Quocirca puerorum curam hombens eos
1113 1837 1887 1897 a vino cohibere debs. & quanto magis in eis debs
1112 1878 1874 1943 splendere castitas: tanto magis sunt arcendi a vi-
1113 1923 1880 1983 no. Propterea praeclarae mulieres & nobiles in ocio
1099 1973 1882 2020 alitae sunt a vino arcendae: cum equis regis potu
1110 2007 1885 2076 rae: & ad hoc ab ineunte aetate assuefaciendae. quibus
1104 2067 1882 2112 postea cum adoleuerint aquae potus non noce-
1110 2106 1877 2152 bit. argumentum est in agricolarum filiabus assue-
1113 2147 1885 2194 tis bibere aquam. Vlterius diligens castitatem in
1098 2186 1883 2250 seipso: debet a vino abstinere: & loquor de illo vel
1110 2235 1885 2279 illa in quo vel in qua est periculum castitatis per-
1104 2279 1885 2335 dendae. Hinc Ecclesiastes. ii. scribitur. Cogitaui in
1117 2332 1880 2382 corde meo abstrahere a vino carnem meam. Et
1106 2368 1870 2416 hoc castis in poenitentiam prudens confessor in
1111 2415 1876 2469 iungere debet. Tritum nanque est Terentianum il-
1101 2457 1876 2513 lud. Sine Cerere & Baccho friget Venus. Ecce li-
1098 2500 1886 2560 tem & bellum, difficultatem veri discernendi: ca-
1101 2544 1882 2602 stitatis perdendae discrimen, poculorum & ebrie-
1101 2589 1873 2648 tatis comites: a qua tanquam a Cerbero longe fu
1107 2644 1864 2693 giendum est: in qua est tanta garrulitas & ver-
1113 2686 1867 2737 porum prodigalitas, vt plerosque cum resipiscunt
1095 2734 1883 2784 dictorum maxime pudeat. cum maximo enim
