2315 3313
468 286 1228 339 probro de homine dicimus: est vinolentus: magis taber
454 324 1223 384 nam quam templum diligit. Hinc Achilles Homericus pro
471 371 1229 421 Briseide rapta accensus ira & indignabundus co-
459 420 1219 477 tra Agamenonem probrosius nihil obiiciendum inuenit
465 455 871 532 quam vt temulentum eum vocareti
471 528 1213 590 ⁋ Contra secundam & quartam conclu
466 583 1219 636 siones simul instabo: quia earum est eadem difficul-
462 633 1220 686 tas. Ex eis sequitur quod aliquis viator est impeccabilis per
460 673 1219 728 naturam. consequens coniter reprobatur in secundo senten
460 714 1220 773 tiarum. Anices probatur de demente / & de ebrio tempore quo
463 765 1226 810 est talis. ⁋ Respondetur negando sequalam: quia dictiones
453 802 1226 854 terminantes in bilis aptitudinem importat. Licet enim
468 852 1220 904 Crassus nunquam riserit: erat tamen risibilis. sic licet isti
459 893 1220 943 non possint curari ab Aesculapio nec a medico-
464 939 1226 991 rum quouis: peccabiles tamen sunt. Doctores etiam loquem
462 984 1223 1033 tes in secundo intelligunt de vtentibus ratione. & in
459 1028 1222 1074 cidenter dico forte defendi posse oppositum. Si
465 1071 1219 1121 cut enim fides infusa solum inclinat in actum cri
469 1117 1225 1174 dendi verum, & ad opposita successiue: sic potest:
477 1165 1231 1220 dari creatura suapte natura conformans se volun
466 1206 1226 1259 tati diuinae praeceptiuae. ⁋ Secundo arguitur. sequen
478 1263 1223 1308 retur ex vtraque conclusione quod quis importaret lu-
477 1293 1220 1345 crum ex sua culpa: scilicet quod non peccabit / & po
466 1339 1235 1399 tissimum si detestetur excessiuum potum antequam
472 1382 1234 1433 incurrat temulentiam: quia illa successiue post po
477 1430 1238 1477 tum aduenit. Virtus enim vini requirit determina-
464 1476 1241 1538 tum tempus antequam totam rationem subtrahere
471 1514 1237 1577 possit. ⁋ Respondetur negando quod habeat lucrum
475 1573 1238 1618 ratione culpae: immo punietur pro illa. de per ac-
472 1611 1231 1662 cidens tamen aliquibus malis potest conducere
477 1650 1231 1711 vtpote si post confessionem / vnico peccato in fu-
477 1700 1241 1745 ria incidant: qui forte si fuissent capaces rationis
472 1737 1232 1788 in pluribus mortalibus decessissent. sed peccatum
478 1784 1241 1829 non est causa propinqua eius quod est non peccare
472 1828 1237 1884 sed inopia rationis. secundum alios autem peccatum
477 1880 1240 1926 excusat a tanto: magis proprie minoritas rationis
482 1922 1235 1974 a culpa quae incurritur. sicut si quis in fronte qua
478 1959 1241 2012 dragesimae ex culpa sua morbum grauem incurrat: a
480 2005 1235 2067 totius quadragesimae ieiunio absoluitur. sic in propo
477 2047 1234 2107 sito. ⁋ Tertio arguitur. faciens aliquid mali tempore fu
484 2098 1247 2151 riae: si redeat ad rationem debet poenitere. vt pa-
483 2135 1238 2199 tet ex poenitentiali Theodori. & recitatur. xv. quia
483 2179 1238 2238 i. cap. Si quis. vbi dicitur. Si quis insaniens alique
477 2231 1247 2283 occiderit: si ad sanam mentem peruenerit: leuior ei
480 2275 1243 2328 poenitentia imponenda est. ⁋ Respondeturne-
483 2314 1249 2372 gando quod teneatur poenitere, capiendo poeniten
487 2361 1250 2409 tiam vt hactenus in quarto cepimus, saltem ra-
477 2404 1240 2460 tione actus perpetrati in furia: licet bene anteces
483 2445 1253 2495 dentis ad illam si non fuerit detestatus ante tota
486 2492 1247 2541 lem rationem deperditam. Istis tamen imponitur
492 2533 1240 2595 poenitentia ad cautelam vt caueant a similibus
487 2581 1241 2635 causis perdendae rationis: vt dicitur. l. distinctione
483 2626 1246 2675 cap. Presbyteros. &. xxxiiii. q. ii. In lectum. Inhu-
484 2669 1250 2717 manum etiam esset si non displiceret viro quod talis casus
1296 263 2066 330 sibi contigerit. quemadmodum displicet mihi
1300 319 2063 374 si socius meus cadendo, casu frangit tibiam. ⁋ Quar-
1303 364 2057 423 to arguitur. secundum Aristorelem tertio Ethi-
1297 413 2065 463 corum. ebrio debetur duplex poena. ⁋ Responde
1303 463 2056 506 tur. Aristoteles illic recitat sententiam aliorum.
1306 499 2062 552 & est sententia cuiusdam legissatoris: scilicet Pit
1303 544 2065 599 taci Mithylenei, vt patet secundo Politi. qui vi-
1299 587 2060 649 dens Mithyleneos multum indulgere vino, cuius
1299 630 2060 688 ea insula est feracissima, illud voluit abolere per
1305 681 2069 734 grauissimas poenas. Quemadmodum Roma-
1306 718 2057 781 nus pontifex prohibet potum ad haustus aequi
1299 763 2057 816 les. de vita & honestate clericorum. Acrapula. i. S
1305 806 2069 853 Vnde. vbi sic inquit. Vnde illum abusum penitus decer
1308 854 2059 908 nimus abolendum quo in quibusdam partibus
1300 903 2057 953 ad potus aequales suo modo se obligant potate
1306 944 2066 998 res: & ille iudicio talium plus laudatur qui plures
1296 987 2056 1042 inebriat & calices foecundiores exhaurit. Non pro
1306 1025 2081 1075 hibet ponti fex istud quia semper est peccatum. nam
1314 1075 2075 1129 siquis amicum gratiose ad potum inuitet: adhuc
1317 1119 2069 1167 post illam legem non est peccatum. Intentio enim
1317 1162 2066 1214 legis & non verba obligant. Turpe tamen esset
1314 1214 2071 1263 graui viro aliquem ad potum aequalem inuitare
1306 1246 2075 1304 nisi inuitandus esset talis qui potu egeret: & non posset
1311 1292 2078 1350 honestiori via ad potu induci. Sic dico in allega-
1308 1335 2072 1390 to ex Aristotele: quod ex duplicitate poenae non ar-
1317 1381 2078 1444 guitur duplicitas culpae. Secundo dico quod verisi-
1312 1436 2084 1485 militer in temulentia contingunt nocumenta pro-
1305 1478 2071 1524 ximis: ratione quorum aggrauatur culpa excessiui
1320 1516 2076 1571 potus. & sic virtualiter peccatum est multo peius
1314 1559 2080 1612 licet non adeo malum forte in subdecuplo & am-
1317 1609 2078 1663 plius, ac si multa flagitia committeret in ratione
1320 1649 2078 1702 vbi similia quo ad substantiam actus in ebrieta-
1321 1699 2077 1747 te committit. Tertio dico secundum theoricam in
1317 1740 2081 1792 qui. secunda prologi datam. quando duo docti vi-
1317 1778 2081 1831 ri apparenter hincinde contradicunt: possumus
1317 1826 2077 1874 hunc vel illum imitari. sed Origeni presbytero &
1321 1878 2080 1920 Augustino in hac materia non est minor fides
1314 1917 2080 1971 habeda quam Aristoteli: quamuis essent etiam aequales ratio-
1317 1970 2078 2015 nes. nam si forte plura in logica & naturali philo-
1313 2004 2078 2052 sophia (put reor) cognouerit Aristoteles: aequi-
1317 2059 2081 2103 ualentiam in aliis scibilibus ad faciendam aequa
1317 2092 2081 2138 litatem vterque istorum opponet. Haec dico pro-
1317 2142 2071 2197 pter Martinum / contra quem pro magna parte
1329 2181 2072 2236 nuaestionem tractamus / qui alibi in eodem libro
1324 2224 2071 2275 dicit se plus Aristoteli credere quam multis ex nostris
1323 2269 2075 2329 quorum vnus sumpsit ab alio. Certe si ad dexte
1329 2312 2078 2374 ritatem ingenii Origenis / Hieronymi / & Augu-
1324 2361 2083 2413 stini respicias: & quae multiscii in vario genere sci-
1318 2407 2069 2458 entiae fuerint: apud me indubitatum est (siue ver
1332 2448 2078 2506 re siue erronee / deus nouit) quemlibet horum ei
1332 2494 2071 2547 aequandum esse. de gentili tamen philosopho rei
1320 2537 2077 2595 publicae nedum humanae, sed & fideli / vtili: opti
1332 2580 2074 2635 me censeo: cuius dicta fidei non contraria magno cum
1326 2621 2077 2671 honore suscipio. Contra hanc tamen conclusio
1330 2670 2084 2730 nem non est: sed pro ea: vt eius auctoritatem exponem
