2342 3322
269 346 1030 422 tes diximus. ⁋ Quinto arguitur per illud ex libel
267 408 1037 466 lo Poeniteas cito. Vnde Loth incestus peior fuit
269 450 1037 518 ebrietate. Respondetur. falsum est quid dicit. Sed dices
278 495 1033 557 Origenes sic loquens inquit. Dicunt hominem plene
276 535 1047 608 ebrium mulierem cognoscere non posse. Et hoc
261 581 1027 647 habet Aristoteles in tertia particula problematum. xi.
273 625 1043 701 problemate. & particula. iiii problemate. v. Respondetur. si
276 675 1024 732 non erat plene ebrius, nihil ad conclusionem. Secundo
275 712 1033 792 quaeritur quomodo Aristoteles sciebat illud. si credidit aliis
267 768 1024 820 recitan: ibus vt habuit multa in de animalibus & pro
278 816 1035 869 blematis: quaeritur de primo dicente. Dicis: cogno-
276 849 1040 915 uit experientia in vxore sua quando erat ebrius. Ter-
274 890 1037 958 tio dicitur quod dictum Aristotelis est plerumque verum:
276 935 1048 999 non tamen semper. Quarto dico quod Loth nescie-
275 981 1039 1047 bat die sequente se dormiuisse cum aliqua filiarum
274 1023 1050 1091 suarum. nam in litera Geneseos dicitur. Ingressa est
273 1071 1039 1138 maior, dormiuitque cum patre: at ille non sensit nec
284 1123 1051 1191 uando accubuit filia nec quando surrexit. sensit autem tantum
276 1161 1049 1227 valet quantum intellexit. Memoriam enim ebrietas ob-
270 1198 1048 1274 tundebat. & licet in actu quo concubuit cum filia vir
281 1248 1045 1327 gine: eam senserit sensu interiore: forte non intel-
275 1292 1050 1362 lexit. Sicut naturaliter secundum aliquos intellectus in
275 1335 1046 1402 somno non exit in suas operationes ob sensus exte
273 1381 1045 1448 riores ligatos: forte sic est in ebrietate. Potuerat etiam
272 1424 1048 1497 obliuisci quod vxor sua erat mortua, & hatre iudicium in
288 1471 1041 1535 perfectum de propria vxore. sicut recitat Lucanus. v.
275 1509 1039 1580 Pharsaliae de Cornelia in lecto / semisomni ob ab
281 1556 1049 1625 sentiam Popeii: putante eum esse penertem. vbi sic poeta di-
281 1598 1055 1668 cit. Somno quam saepe grauata Deceptis manibus va
275 1643 1046 1721 cuum complexa cubile est: Atque oblita fugae quaesi-
291 1691 1048 1756 uit nocte maritum. Sic de secunda filia dicas. &
281 1737 1050 1803 super isto non debent Hebraei admirari dicentes im
294 1777 1048 1843 possibile virum virginem cognoscere non sentien
285 1821 1046 1901 do: qui propterea partem literae reliquunt. vt habet glossa
288 1871 1044 1932 marginalis Hieronymi. Appingunt (inquit) desuper
285 1912 1049 1992 Hebraei obelo quaesi supersuum: quasi incredibile sit: quia
285 1957 1051 2032 rerum natura non capiat coire quempiam nesciente.
291 2000 1057 2069 vbi sentire capitur pro intelligere. ⁋ Sexto arguitur
290 2047 1055 2123 ponendo quod platonis ratio successiue auferatur per:
293 2090 1055 2155 vnam horam sic vt in instanti terminante horam pri
289 2136 1051 2203 mo nihil rationis habeat: cui sit praeceptum diligere deum
290 2181 1041 2253 ante instans terminatiuum illius horae: vel aliud op
290 2218 1062 2299 quod subito impleri potest: ex quarta conclusione sequitur
306 2275 1057 2340 quod aliquis infinite parum peccat. consequens est inconveniens.
296 2318 1056 2391 Consequentia patet: quia non est dabilis ratio in
296 2364 1054 2434 qua omittit: & tamen ante finem horae omittit ex casu.
299 2399 1068 2474 ⁋ Respondetur secundum varias imaginationes
302 2444 1059 2526 quarum vna est quod datur minimum naturale rationis
302 2488 1061 2567 quod subito producitur & euanescit: & illa non potest suc
300 2535 1065 2609 cessiue tolli. Secundo dicitur & melius: quod is nullo pa
294 2586 1061 2642 cto omittit, secundum vnam solutionem proba
306 2623 1061 2693 bilem datam in. xvi. distinct. huius: quod primo homo
300 2668 1064 2736 omittit non eliciens actum subito prodncibilem
293 2710 1067 2784 in instanti terminante totum tempus. Secundum
312 2754 1070 2840 aliam autem solutionem potest non improba-
1106 343 1874 403 biliter dici quod homo solum venialiter peccat ob ra
1105 392 1870 450 tionis paruitatem circa materiam prohibitam sub
1109 437 1495 505 poena peccati mortalis.
1115 487 1866 581 ⁋ Dubitatur: quae res sit ebrietas: &
1107 554 1870 622 quando sit venialis, quando mortalis. Et an assue
1114 606 1877 665 factio faciat de veriali mortale. ⁋ Respondeo ad pri
1107 650 1871 709 mun. Anima hominis potest dici ebrietas: ita vt terminus
1106 694 1880 755 ebrietas pro anima supponat non absolute / sed conno
1113 744 1886 798 tatiue, conotando quod ratio eius tota sit ablata per
1108 784 1889 843 excessiuum potum: potum inquam excessiuum in quali
1113 824 1885 884 tate vel quantitate. Potes enim dare maximum vinum
1121 868 1891 938 quod non potest inebriare: & illo vino accepto per quod
1113 912 1883 972 cumque appositum maius, homo inebriabitur: & ha-
1111 954 1893 1021 bens illud maximum vinum quod non sufficit inebria
1115 1002 1883 1063 re: parum peccabit. etiam non in convenienter potest da-
1115 1044 1895 1106 ri minimum quod sufficit inebriare. sed tales ne
1121 1089 1893 1148 xus iunioribus theologis relinquens missos facio
1121 1143 1877 1200 ⁋ Ad secundam dubitationem dicitur. quando ebrie
1122 1180 1883 1243 tas est in notabilem iacturam corporis vel animae scien
1116 1224 1889 1284 ter vel ex ignorantia vincibili: ipsa est mortalis:
1121 1268 1888 1327 si vero afferat iacturam non notabilem: est solum
1133 1312 1898 1373 venialis. Si quis autem temulentiam ex ignorantia in
1127 1356 1890 1416 uincibili incurrat / vel ad prouocandum vomitum
1122 1404 1892 1460 scienter vel pro aliqua rationabili causa quae eue-
1125 1443 1893 1510 nire potest, non est peccatum: sed proprie loquendo
1127 1491 1903 1549 est actus sobrietatis: quia a dictamine prudentiali
1136 1533 1898 1594 vel errore inuincibiliregulatus: & per consequens
1124 1583 1894 1645 actus moraliter bonus & meritorius in habente gra
1121 1625 1901 1688 tiam: licet interdum laxato vocabulo ab aliquibus
1121 1663 1898 1729 dicatur esse peccatum. sed proprie loquendo non
1134 1716 1902 1771 est. ⁋ Quo ad vltimam partem dubitationis di
1122 1760 1894 1816 citur quod si primus actus generatiuus habitus sit
1140 1802 1897 1864 venialis: reliqui omnes si nihil aliud obstet / sunt venia
1137 1848 1898 1903 les. potest tamen contingere quod scientia in actibus posteriori
1134 1889 1901 1950 bus actum aggrauet vt sit mortalis: quod ostendo exem
1133 1936 1894 2004 plo. Cum volo bibere hoc vinum Creticum quod
1130 1980 1892 2043 dicitur mihi esse Parisiense a fide digno / non pecco / lica
1139 2017 1891 2086 temulentiam incurram. deinde potest esse tam parua scientia
1127 2070 1900 2137 quod similis actus erit venialis: & demum crescente sci
1131 2122 1897 2172 entia similis actus eiusdem speclei specialissimae
1133 2162 1896 2222 entitatiue erit mortalis. ⁋ Summatim colligen-
1146 2207 1900 2268 do quae in hac quaestione diximus cum obiter oc-
1136 2247 1898 2304 currentibus: dico quod insanus & temulentus quic-
1145 2285 1907 2363 quid faciat vel omnittat tempore carentiae rationis, non
1151 2333 1905 2400 peccat. & per consequens no obligatur ad confessionem
1140 2379 1906 2450 protunc: siue insaniam: aut temulentiam ex cul-
1145 2432 1893 2494 pa incurrerit siue non. Et breuiter nullus peccat pro
1139 2463 1903 2535 tempore illo quo omni ratione spoliatur. Et ex isto sequitur
1146 2511 1900 2587 quod dormiens non peccat commissiue vel omissi
1149 2556 1913 2617 ue per turpes cogitationes vel pollutionem / vel non sur
1155 2599 1908 2671 gendo ad matutinas si sit religiosus dormiens pro
1147 2642 1909 2707 tempore quo aliitenentur adire templum. Et eodem mo
1145 2688 1918 2754 sequitur quod scholastici non omittunt / dormientes
1146 2740 1594 2812 tempore lectionis matutinae.
