2350 3332
267 351 1016 416 talis, nec valet argumentum, non sacerdos dat facul-
264 414 1027 461 tem sacerdoti audiendi confessiones: sed nemo dat
262 453 1022 506 quod non habet: ergo habet facultatem propinquam audi
261 498 1024 551 endi confessiones. hoc inquam non valet, quia iurisdi
271 538 1019 588 ctionem habet: & illam communicat sacerdoti iutisdictionem non
254 581 1019 628 habenti: quid est sufficiens quo ad sacerdotium. ⁋ Prae
268 625 1010 679 terea aliquam peccatorum partitionem esse rationabilem diximus
268 668 1016 727 vtpote quando occurrit homini memoria mortalis pec-
256 715 1022 775 cati post confessionem factam cum indagine suffi
262 759 1013 812 ciente praehabita: item in reseruatione casuum: & ter-
259 803 1028 856 tio si est verisimile quod ad confessionem peccati dabitur
264 848 1015 905 propinqua occasio peccandi sacerdoti, tunc enim
261 895 1018 946 quando potest haberi alius sacerdos, illud peccatum scandali
267 940 1027 991 generatiuum non debet ei detegere: etiam si esset mor-
264 985 1025 1032 ti vicinus. Nam sicut confiteri vocaliter est diuinum
270 1023 1024 1083 praeceptum: sic est & proximum non scandalizare / praeceptum
264 1067 1025 1130 vt recte dicit Altisiodorus, ante istud praeceptu de con
268 1112 1021 1159 fessione, quod in omni lege obligat. Et non solum est hoc ve
267 1158 1028 1213 rum in circunstantiis mortalibus: sed etiam in peccato
267 1201 1024 1253 quod ex suo genere mortale est. Vbi adduximus de
262 1253 1022 1296 muliere habente vnum peccatum carnis, dicit. Altisiodo
255 1292 1037 1343 rus quod genus peccati propter deformitatem & simili-
261 1337 1027 1385 tudinem diaboli quam importat: horrorem potius incu
261 1382 1027 1426 tit, & in fugam peccati quantum est de se inducit, quae prouocet
268 1428 1034 1475 ad peccatum. Circumstantia vero non habent illa similitu-
267 1467 1030 1520 dinem: nec incutit illum horrorem. Modus ergo faci
273 1514 1037 1563 endi vel circumstantia quae non est ipsum genus peccati: non est
268 1561 1043 1610 confitenda vt dicit: quando scit sacerdos esse fragilis. Et
273 1597 1034 1657 haec mulier confitendo genus non scandalizat sa-
273 1648 1028 1694 cerdotem: quia non praestat ei occasionem ruinae facto
283 1689 1037 1743 vel dicto minus recto, sed scandalizat se. mulier
267 1734 1039 1781 enim non dicit neque facit nisi bonum. Vnde locum
268 1775 1040 1833 habet ibi illud euangelii. An oculus tuus nequam
270 1821 1031 1877 est: quia ego bonus sum: Matthaei. xx. Sed dico quod
276 1861 1049 1922 genus peccati non incutit maiorem horrorem sacer-
282 1909 1037 1959 doti quam circumstantia: immo potest allicere sacerdotem
273 1956 1046 2006 ad peccandum non secus ac circumstantia peccati. Pro-
279 1998 1048 2055 pterea mulier in isto casu non debet peccatum confite-
279 2040 1040 2092 ri: sed expectare idoneum confessorem. Intelligo
270 2087 1045 2132 si sit vero simile quod scandalizabitur sacerdos. nam si mu-
279 2130 1048 2177 lieri de hoc non constiterit: vel sit ei minus proba-
273 2173 1048 2225 bile: tenetur peccatum confiteri siue scandalizetur / siue non
276 2220 1048 2277 Ratio. quia tunc ipsa non habet aliquid per quod absol
280 2266 1043 2321 uatur seu deobligetur a praecepto de confessione facienda
277 2306 1048 2361 illi sacerdoti. Ex quo solui potest quaestio: an mulier a
275 2352 1049 2404 curato cognita debeat illi cofiteri. ⁋ Diximus prae
282 2394 1048 2450 terea: quotiens homo teneatur confiteri. quibus addo quod to
282 2438 1045 2490 tiens tenetur superior eius eum audire in confessione vel ei
274 2493 1051 2542 alium assignare. & non pluries. Prior pars probatur: quia
276 2527 1042 2573 interdum curatus tenetur audite suum subditum. & si non quando
285 2574 1045 2626 subditus tenetur confiteri: num quam tenetur audite eum: & si
292 2617 1044 2665 semel in anno tenetur audire subiectum quando subiectus
294 2661 1054 2710 tenetur confiteri: semper ad hoc tenebitur quando alter est obli
297 2706 1057 2761 gatus confiteri: etiam si peste laboret. sed si in cam
279 2752 1060 2815 pis fuerit: potest stare in aliquanta distantia ab ipso
1099 353 1844 406 laborante & aere infecto. Si autem laborans sitin domo
1095 408 1849 458 egredi nequiens: capiat sacerdos antidotum / acetum
1099 459 1847 506 vel huiusmodi: & domum ingressus accedat ignem: alios
1106 497 1856 553 domo eijciendo. Non enim solum agitur de positiuo praece-
1105 541 1856 582 pto confessionis laborantis: sed etiam forte eget con-
1093 581 1847 636 silio: quod si non habeat damnabitur defectu restitutio
1092 629 1861 676 nis vel huiusmodi. vel solus relictus desperabit.
1101 673 1859 720 Si enim pro salute animae ouis suae non laboret cura-
1108 719 1853 767 tus: est mercenarius & non verus pastor: animam suam
1105 755 1865 816 non ponens pro ouibus suis: sicut saluator noster
1089 805 1865 862 fecit. Secunda pars patet: quia dato opposito curatus obliga
1098 847 1852 897 bitur ad impossibile a multitudine subditorum. Praeterea
1099 894 1855 939 nullo iure ad hoc tenetur. Forte dicis cum quibusdam
1095 937 1870 988 alium casum addentibus quando curatus tenetur au-
1107 981 1861 1029 dire subditum: vtpote quando subditus non potest
1098 1027 1865 1081 esse immunis a peccato nisi confiteatur. lam hoc in
1102 1068 1859 1115 cluditur in priore casu, quia talis subditus tunc te-
1098 1117 1858 1167 netur confiteri: ergo nihil addit iste. ⁋ Diximus
1104 1157 1870 1213 praeterea confessionem ficti esse iterandam. Nec
1102 1200 1862 1248 excommunicatus potest absolui a peccatis absolutione
1101 1247 1874 1299 sacramentali cum non sit capax eius: sed per contriti-
1101 1303 1870 1345 onem potest se ab omni culpa exuere. Similiter
1104 1333 1861 1380 quando est peccatorum partitio extra casus quos
1101 1378 1867 1433 signauimus rationabiles: quos omnes posuisse
1105 1431 1875 1485 putamus. ldem dico quando non est facta indago
1113 1469 1868 1524 praeuia sufficiens de peccatis ante confessionem.
1104 1512 1888 1569 sed vbi homo fecit indaginem peccatorum quam iu-
1108 1561 1880 1612 dicat rationabilem: non faciat conscientiam con
1101 1607 1877 1654 fidens in domino: & iudicet se fecisse sufficientem:
1114 1646 1877 1695 luxta notata in nona distinctione huius. Vltra ista
1116 1690 1873 1736 siue poenitentia / data sit obliuioni siue non: homo non
1114 1735 1874 1787 tenetur peccata iterare. Praeterea loquutus sum de
1113 1783 1882 1825 reseruatione casuum conformiter ad illa quae in
1111 1820 1882 1879 xiiii. distinctione huius diximus de contritione, quomodo
1113 1869 1876 1920 ipsa sola culpam tollit. Secundum mentem autem doctoris
1114 1910 1880 1960 subtilis tenentis quod per sacramentum poenitentiae cum at
1108 1957 1877 2007 tritione tollitur culpa: non est ita facile respondere. nam confi-
1119 1995 1885 2055 tendo inferiori scilicet plebano nouem de eius foro: &
1117 2041 1886 2093 decimum reseruatum quod non est de eius foro, videtur
1114 2089 1874 2142 attritio cum sacramento illic nihil facere: cum vnum non
1113 2136 1885 2187 sit de eius fotro. Si dicas. tollit totam culpam. Contra. si
1128 2180 1885 2229 omnes actus eius fuissent reseruati superiori: nihil abs-
1126 2220 1889 2283 tulisset de culpa. Respondetur. potest ipse consequenter
1129 2263 1892 2315 dicere quod culpa tollitur cum attritione & sacrameto: si
1129 2304 1889 2363 sint aliquae culpae de foro inferioris confessoris. ⁋ Ex
1125 2354 1886 2402 omnibus his patet: quis confiteri teneatur / & cui: & quando
1119 2396 1880 2453 & de quibus: & quod ecclesia obligat sub poena peccati
1120 2444 1879 2499 occulta peccata detegere. Nullo modo enim placet aliorum
1122 2484 1882 2535 assertio quod ecclesia non possit obligare ad actus
1126 2531 1880 2593 interiores, nec multiplicanda sunt verba cum aliis
1122 2574 1886 2620 dicentibus, hoc verum esse directe: tenendo ean-
1125 2620 1883 2674 dem sententiam. Et ex consequente sequitur nihil esse
1125 2667 1889 2718 quod Durandus dicit in. xii. quaest. dist. xv. quarti quod actus
1138 2714 1898 2768 exterior impediens attentionem celebrandi est ma-
1134 2750 1523 2817 ius peccatum quam interor.
