2286 3318
479 336 1182 410 ⁋ Distinctionis Decimaeoctauae
675 426 1009 512 Quaestio Prima.
919 530 1192 612 Agister in de
913 591 1190 645 cimaoctaua distin
912 638 1186 699 ctione & sequente
916 682 1184 742 tractat de clauibus.
912 725 1180 791 & conformiter ad
914 775 1180 831 ea quae prosequii
915 814 1181 875 aliquot quaestiones in
919 859 1177 922 nac distinctione propo
906 904 1183 966 nam. Primo quaeredo
906 948 1190 1013 cum Magistro in
913 991 1182 1054 capitulo quirto hu
913 1037 1182 1098 ius distinctionis:
520 1070 1183 1140 sacerdos virtute sacramenti poenitentiae aliquid
426 1125 1183 1175 tollat de culpa. & quia in quartadecima distinctioe
424 1170 1178 1229 super hoc loquutus sum: paucis quaestionem expediam
433 1218 1178 1273 Secundo inquiram: quid possit clauis ecclesiae in excom
426 1269 1177 1316 catione. circa quam materiam triplicem propone
432 1302 1183 1355 re intendo quaestionem. Accedendo ad primam:
421 1356 1181 1405 propositus est talis titulus quaestionis. An sacer
423 1397 1181 1448 dos euangelicus virtute sacramenti poenitentiae tol
426 1434 1172 1493 lat aliquid de culpa. ⁋ Circa hanc quaestionem va
418 1480 1184 1528 riae sunt opiniones. vna est Hugonis de sancto
432 1523 1180 1583 Victore libro secundo de sacramentis: parte. xiiii.
426 1572 1180 1626 cap. viii. tenentis quod per contritionem obduratio seu
420 1615 1187 1668 excaecatio mentis, collata gratia tollitur: sed rea-
418 1658 1187 1714 tus aeternae damnationis sine confessione non de-
415 1700 1181 1758 letur. & per consequens concedit quod aliquis est re
417 1745 1171 1799 conciliatus deo per gratiam: & nihilominus est fi
423 1793 1186 1852 lius irae & aeternae perditionis: & ita est dignus vi-
414 1832 1183 1894 ta eterna: quam tamen per impedimentum debiti non potest si
423 1882 1187 1934 ne confessione effectualiter consequi, quemadmo-
417 1925 1190 1976 dum & sancti patres deo gratissimi nullum ha-
423 1972 1183 2025 bentes peccatum purgandum: caelestia regna an
418 2016 1180 2070 te precii exsolutionem ingredi non poterant. Haec
409 2054 1178 2112 opinio est multum irrationabilis: cuius refutatio
414 2099 1171 2158 facilis erit cuilibet intelligenti eam relinquendam
414 2146 1174 2205 Nullus enim est in gratia, quin si in ea decedat, tan-
411 2188 1181 2241 dem habebit gloriam. ⁋ Alia est opinio quae te-
411 2236 1171 2293 net quod attritio cum sacramento tollit culpam. hanc
426 2278 1171 2334 opinionem late recitauimus in. xiiii. distinctione
411 2327 1172 2378 & eam reprobauimus. ⁋ Tertia est opinio cuius
420 2367 1184 2430 dam valentis theologi viuentis: qui in suo quar-
415 2411 1175 2465 to tenet quod requiritur intensissimus actus volun-
409 2467 1169 2517 tatis: & hoc idem tenet in suis Quodlibetis quaestio
418 2503 1172 2548 ne quinta in tertio articulo: ponens hanc conclu-
418 2544 1181 2596 sionem. mortale peccatum non remittitur adulto
417 2589 1167 2648 sine magno dolore intellectiui appetitus puta vo
424 2629 1173 2696 luntatis. Et respondendo ad quoddam argumen
421 2676 1184 2726 tum domini quodlibetarii, quod est hoc. intensio seu au
424 2715 1179 2798 gmentum est circumstantia actus non trahens in aliam
1269 334 2030 394 specien, vt manifestum est: nulla autem circumstantia
1275 388 2030 441 quae speciem non mutat, potest actus conditionem
1267 431 2030 490 in infinitum meliorem vel deteriorem facere. ergo
1263 476 2024 522 si displicentia magna promeretur peccati deletionem
1263 520 2032 577 & gratiam: idem erit de quantumlibet parua displicen-
1260 564 2029 612 tia: & ita quaelibs videtur reponere ad statum gratiae. Ad
1260 607 2029 670 hoc inquam argumentum respondendo, in sentem
1273 649 2030 699 tia dicit quod licet actus paruus & magnus sint eius
1266 693 2026 756 dem speciei tam in genere naturae quam in genere mo
1260 744 2021 800 ris: tamen hoc non sufficit: cum vnus sit de praece-
1270 785 2031 837 pto, scilicet magnus: & non alter, scilicet minor. Sed
1264 835 2015 881 contra hoc arguitur sic. vel requiritur intensissimus actu
1272 879 2026 937 voluntatis peccati detestatiuus ad quem aliquis ho-
1263 920 2030 971 mo potest pertingere: & si sic: rudis qui non potest habe
1275 962 2021 1010 illum intensissimum actum, non est in statu salutis.
1271 1013 2036 1065 vel requiritur intensissimus actus quem iste potest ha
1267 1045 2027 1104 bere: vel hoc est in optima dipositione ei possibi
1270 1092 2018 1141 li: vel in optima dispositione pronunc. Si primum
1267 1137 2029 1184 sequitur ferme idem quod prius. Si secundum, quaertitur
1264 1187 2033 1233 quare hoc dicis, & quid te mouet: cum color auctori-
1260 1227 2030 1280 tatum in apparentiori materia hoc non conclu-
1273 1269 2023 1321 dat: vt superius diximus. Si dicas, requiritur actus
1262 1317 2026 1366 intensus, sed sufficit aliquis intensus gradualis ci-
1269 1361 2031 1414 tra summum: non potes illius assertionis dare rationem
1258 1399 2016 1459 Praeterea arguitur ad idem. sicut contra modum do-
1261 1451 2021 1503 ctoris subtilis argumentatus sum. Quilibet con-
1256 1492 2023 1547 sensus deliberatus in materiam prohibitam sufficit
1267 1540 2034 1600 ad peccandum: ergo quilibet dissensus quantuncumque re
1267 1582 2029 1628 missus bene circumstantionatus sufficit ad resurgendum.
1267 1622 2033 1672 ltem quaelibet dilectio dei rite circumstantionata
1258 1666 2024 1725 quantuncumque remissa sufficit ad impletionem praecepti: le prae
1273 1716 2026 1760 tipiatur quod debeamus diligere deum ex toto corde &
1261 1759 2020 1803 tota mente. ⁋ Alius est modus dicendi doctoris
1261 1799 2026 1851 subtilis quem in. xiiii. dist. recitauimus, & refellimus.
1267 1852 2024 1907 contra quem doctor iste in quarto in materia de poe
1258 1895 2032 1939 nitentia sic dicit. Doctor subtilis qui omnium mi-
1264 1937 2030 1994 tissime in hac materia loquutus est (vtinam tam
1266 1984 2008 2039 vere quam pie. xiiii. distinctione quarti, quaestione. ii
1258 2026 2027 2069 art. ii. admittit poenitentiam attritionem per omnia de
1251 2064 2020 2112 bite circumstantionatam tempore praecedere ipsam culpae re-
1251 2107 2032 2173 missionem tamquam meritum cogrui. addit, propter quod deus
1252 2154 2017 2214 in aliquo instanti termino temporis quantu deus ad hoc prae
1264 2195 2012 2258 fixerit, gratiam infundit. Sed certe sine fundamento
1257 2243 2012 2292 & absque ratione est quod solus temporis tractus seu mora
1254 2285 2014 2340 hoc efficeret vel mereretur quod deus suam gratiam infun-
1256 2330 2024 2383 dat: quoniam ex tempore nihil bonitatis actui accrescit.
1260 2376 2029 2424 Sed dico conterranei opinionem non esse mitissi-
1248 2422 2005 2477 man inter opiniones hic currentes. Et arguo tanqem
1258 2463 2009 2518 examinator: quod istius doctoris opinio est mitior: &
1248 2505 2018 2555 hoc sic. Non requiritur nisi dolor intensissimus vo
1251 2554 2006 2600 luntatis ad expiationem peccati: per dolorem au
1253 2598 2006 2653 tem debet intelligere actum peccati detestatiuum
1248 2640 2017 2694 sed actus voluntatis facillime est in potestate vo-
1248 2683 2016 2744 luntatis: nec requiritur continuatio illius actus per
1255 2735 2030 2804 tempus, secundum eum. Praeterea dico quod non
