2338 3322
280 349 1034 407 ximam poenam. Excommunicatio enim est maxima
267 395 1021 462 poena ecclesiae. Vnde dicitur mucro episcopi. xvi.
280 437 1031 502 ui. ii. Visis. xxiiii. qui. iii. Corripiantur. Praeterea praela-
268 488 1028 538 tus ecclesiasticus qui est medicus spiritualis: debet
276 528 1028 587 procedere more medici corporalis. sed imperitus
274 575 1028 629 esset ille medicus: qui cum per diaetam & cirupum,
274 615 1024 670 lentam tertianam febriculam posset curare: daret me
276 664 1027 714 dicinas vehementes patientis alteratiuas in naturae
279 702 1025 772 grauamen. sic imperitus foret medicus spiritualis
267 749 1032 801 si pro alio crimine quam pro contumacia excommunicaret.
274 796 1030 847 Et perinde ac si quis muscas a fronte calui in aesta
273 834 1033 896 te simulans abigere frangeret ei frontem: sic facit
274 884 1034 944 praelatus quantum in se est inferendo per excommunica-
266 926 1030 988 tionem damna quae excommunicato cotingere solent:
286 976 1028 1024 pro musca spirituali abigenda. Praeterea Christus
282 1020 1021 1069 fummo sacerdoti Petro instante passione dix it
276 1056 1025 1115 Conuerte gladium tuum in vaginam. quod moraliter ex
267 1102 1033 1166 poni potest de excommunicatione: quae est gladius spiri
276 1144 1039 1203 tualis. Omnis enim qui gladio percutit, gladio per:
270 1192 1036 1250 ibit. hoc est qui temere excommunicat, delin quit.
280 1231 1030 1288 In super crebra excommunicatio se / subditis contepti-
266 1278 1031 1333 bilem reddit: nam secundum sapientem, Qui nimis emum
266 1319 1043 1384 git elicit sanguinem. Alia pars quod scilicet pro contu-
276 1364 1042 1422 macia mortali excommunicatio sit inferenda, Pro-
280 1417 1043 1469 batur sic. Dyscoli & incorrigibilis maxillas opor
268 1459 1039 1515 tet fraeno constringere: quia clauum clauo retundere
274 1498 1039 1553 oportet: vt tandem edometur & rationi obtemperet.
279 1543 1041 1598 sicut scholasticus dulci monitione non emendatus,
291 1585 1046 1642 verberibus est afficiendus: & si inemendatus per-
276 1632 1030 1687 seueret: eius poena erit aliis in metum peccandi
278 1676 1033 1735 sicut enim membrum tabificum & veneficum reliquorum
280 1721 1040 1776 membrorum infectiuum in corpore vero peritus chi
283 1775 1042 1824 rurgus tollit, ne pars syncera trahatur: sic in cor-
285 1813 1043 1859 pore mystico chirurgus spiritualis facere debe-
279 1855 1030 1910 bit: ne reliquum gregem inficiat: quia vnica praua
294 1897 1041 1952 pecus inficit omne pecus. xxiiii. q. iii. Resecandae
282 1951 1037 1993 sunt carnes putridae: & scabiosa ouis a caulis re-
272 1985 1046 2050 pellenda: ne tota domus, massa, corpus, & pecora
272 2030 1040 2087 ardeant, corrumpantur, putrescant, intereant.
279 2073 1046 2132 Arrius in Alexandria vna scintilla fuit: sed quo
286 2117 1046 2172 niam non statim oppressus est: totum orbem eius
277 2165 1045 2215 flamma populata est. Quamuis autem id sit ma-
283 2205 1051 2259 lum huic personae, vtile tamen est toti multitudini:
282 2254 1048 2307 cuius iste est pars. ⁋ Tertia conclusio patet: quia
280 2303 1042 2356 contraueniens statuto praeceptorio ecclesiae peccat.
286 2344 1042 2403 Insuper peccat eneruans aut tollens gladium spirima
280 2382 1049 2436 lem & vltimum mucronem ecclesiae de medio: con
286 2431 1040 2488 temnens excommunicationem est huiusmodi. igitur
291 2479 1046 2531 In super alloquens excommunicatum peccat. & maior
292 2519 1046 2578 est causa in ipsomet excommunicato. igitur. Et si
280 2566 1055 2614 non fieret hic relatio aequipantiae: parum prodesset si
286 2610 1058 2660 alius prohiberetur loqui cu excommunicato: & non econ
291 2651 1052 2700 uerso: sed ipse tibi loqueretur tota die. & sic esset ir-
285 2695 1043 2747 risio excommunicationis. ⁋ Ex istis patet quod male
295 2739 1058 2805 agunt excommunicantes pro leui causa, vt pro solu-
1108 334 1859 404 tione pecuniaria vbi aegre homo potest satisfacere.
1106 398 1865 450 ⁋ Secundo patet quod male faciunt citantes perem-
1119 437 1858 489 torie vnico contextu tripliciter virum honestum:
1101 482 1850 537 de cuius fuga nequaquam est timendum. Interdum enim
1108 530 1860 585 hoc faciunt ad petitionem partis & pro leuibus causis
1113 571 1853 627 Trina autem monitio debet praecedere. di. xxii. Si quis
1108 620 1855 662 episcopus. Nec debet ferri cum impetu: sed cum del
1104 660 1867 711 beratione & causae cognitione. xi. q. iii. Si episco-
1114 704 1876 762 pus. & cap. Seruetur. ⁋ Tertio patet quod nullus est
1104 745 1870 795 excommunicandus ab ecclesia maiori excommuni-
1110 791 1861 842 catione nisi qui seipsum prius minore excommu-
1113 832 1862 886 nicatione excommunicauerit: hoc est, nisi mortali-
1101 875 1873 927 ter peccauerit: & sic contumax sibi ipsi damnum in-
1117 922 1870 974 fert & non ecclesia: sed eum damnificatum auctoritati
1114 967 1862 1024 ue ostendit. ⁋ Quarto sequitur. Si quis sit obligatus
1108 1007 1862 1064 sub poena solum ad satisfaciendum pro debito in a-
1104 1052 1877 1103 termino: & superueniat casus quod soluere nequeat:
1114 1098 1871 1148 is coram deo non debet excomunicari: siue excom
1113 1143 1873 1191 municatio figatur in valuis ecclesiae sancti Petri
1114 1192 1874 1235 Romae, siue alibi. Et si ab hominibus excommuni-
1108 1229 1873 1282 catus reputetur: hoc non nocet ei ad vitam aeternam
1114 1283 1874 1336 nec ecclesia talem priuare intendit suffragiis suis. &
1114 1323 1874 1377 ita semper quando ecclesia fallitur iudicando aliquem
1101 1365 1883 1417 contumacem, quando non est. ⁋ Quinto sequitur
1113 1415 1877 1469 quod ecclesia in excommunicatione non infligit poe-
1111 1448 1874 1512 nam excommunicationis, vltimate sistendo in poena
1116 1499 1871 1548 illa: sed pro bono animae: vt scilicet contumacem
1117 1543 1880 1603 reducat ad viam salutis. sicut demonstratot ad im
1128 1588 1889 1632 possibile, manifestum impossibile ab occulto euel
1126 1628 1883 1675 lit, vt ex euulsione consequentis manifesti imposi
1117 1673 1880 1733 sibilis, occultum quod in antecedente latuit detegat. si
1113 1712 1886 1774 cut deus superbum in scelera exprobrabilia sinit in-
1116 1761 1889 1812 cidere, quatenus sua fragilitate cognita humilie-
1107 1810 1874 1852 tur. & Apostolus primae ad Corinth. v. ludicaui
1114 1846 1891 1902 eum qui sic operatus est (yxorem scilicet patris sui pol-
1113 1893 1891 1968 luendo / tradere sathanae in interitu carnis: vt spi
1120 1937 1661 2010 ritus saluus sit in die domini. i. iudicii.
1150 2008 1886 2090 ⁋ Contra praedicta arguitur. crebro ho
1117 2067 1876 2135 mo est excommunicatus sine contumacia, vt patet
1123 2121 1885 2177 si quis percutiat clericum. xvii. q. iiii. Si quis sua-
1119 2165 1880 2212 dente diabolo manus violentas iniecerit in cleri-
1122 2206 1888 2253 cum. talis enim est excommunicatus: & tamen non est con
1123 2250 1873 2308 tumax. ⁋ Praeterea. stat percutientem clericum non
1130 2298 1891 2351 peccare mortaliter qui tamen erit excommunicatus: er
1125 2336 1885 2402 go citra mortale quis est excommunicandus.
1122 2383 1874 2442 ⁋ Respondetur quod haec contumacia potissimum
1122 2426 1867 2478 requiritur in excomunicatione ab homine lata
1120 2473 1880 2529 nec proprie requiritur contumacia ad hoc, vt quis ex-
1125 2513 1883 2565 communicetur a iure vel canone: licet laxato voca
1122 2559 1873 2611 bulo quis possit dici contumax, quia canonum
1126 2601 1877 2668 violator. ⁋ Ad aliud argumentum dicitur quod nullus
1132 2652 1874 2702 percutiens clericum est excommunicatus, nisi clericum
1126 2704 1892 2748 verberet vel in carcerem detrudat: vel ei nocumen
1122 2737 1895 2803 tum in quo mortaliter peccet inferat etiam in effectu
