2318 3320
228 378 974 461 sancti gratia assumpserit, remittitur concupiscentia in ori
229 447 974 510 ginali & aestus libidinis, quod bene importatur per aquam
226 500 980 544 quid est frigida in summo: cuius natura est in locum ita
228 541 974 596 altum excurrere vt erat origo a qua scatebat. sic
229 576 979 630 baptismus de caelo veniens hominem ad caelum du-
219 627 982 687 cit, dummodo nihil aliud obstet. Non requiritur autem
232 671 974 730 quod aqua benedicatur pro baptismo. Christus enim
229 716 983 764 tactu suae carnis in lordane sufficienter aquam san
219 761 987 816 ctificauit: secundum illud Sedulii: Lymphasque bea-
219 807 956 853 uit Gurgitis: & propriis sacrauit flumina membris.
223 849 968 951 ⁋ Contra istam definitionem arguitur: pro
220 928 971 983 bando quod baptismus non sit aqua. Quia beatus Au
226 979 967 1032 gust. homilia. viii. super loannem: & recitatur. i. quaest. i
223 1012 979 1066 Detrahe. Detrahe (inquit) verbum ab aqua: quid erit
226 1060 976 1109 nisi aqua? Accedit verbum ad elementum: & fit sacra-
210 1111 967 1159 mentum. ergo aqua sola non est baptismus: sed ver
229 1149 974 1209 ba & aqua. ⁋ Et confirmatur: quia tunc asinus sa-
214 1200 969 1250 cramentum posset bibere: consequens est falsum &
220 1237 975 1294 ridiculosum. Doctor subtilis vocat illam dubitatio
220 1281 974 1337 nem Bernardi asininam: sed deberet esse Gandulphi.
211 1324 974 1392 Et quod sequatur: arguitur sic expositorie: hanc aqua asi-
220 1371 974 1429 nus potest bibere: haec aqua est vel potest esse sacramen
210 1416 968 1470 tum baptismi: ergo sacramentum baptismi asinus
229 1466 971 1518 potest bibere. ⁋ Respondetur concedendo auctori-
222 1510 970 1560 tatem beati Augustinus sed per eam non infirmantur
210 1549 977 1610 dicta. Primo: quando daretur illd copulatum: quid ad bpa-
214 1596 957 1656 rum contra nos. Secundo dicitur quod beatus Augu. vul
216 1632 970 1701 dicere: quod aqua non semper est sacramentum baptismi.
214 1675 967 1734 lstam constructionem transitiuam loco vnius intransiti-
216 1725 962 1791 uae intelligas: sed tempore illo quo aliquis non rege
217 1768 958 1823 neratus immergitur ab alio verba debita proferente
211 1814 968 1865 intentionem debitam habente: deficiente enim verbo aqua
213 1853 962 1916 non amplius est sacramentum. hoc est. ille terminus
213 1898 975 1963 baptismus supponit pro aqua: omnia ista connotando.
211 1951 970 2001 modo deficiente connotato termini positiui deficit
210 1994 970 2057 cius suppositio. in obliquo autem illa connotat: quem-
214 2035 975 2095 admodum ipsemet beatus Augu. xix. de ciui. dei. ca.
216 2081 960 2136 lii. dicit: quod Eques non solum hominem dicit sed
211 2125 967 2182 etiam equum: hoc est habitudinem ad equum: & tamen ille
204 2162 959 2232 terminus eques pro solo homine supponit conno
206 2214 961 2269 tando quod taliter ad equum se habeat. sic de hoc termi
216 2259 947 2327 no pedes: & innumeris id genus. Tertio dico quoi
207 2300 955 2360 illa propositio sic exponitur. detrahe verbum. i. filiu:
209 2340 962 2415 & tunc non est aqua baptismus: sed nuda aqua. aliqui
205 2389 965 2450 autem baptizabant in nomine patris & spiritus sancti.
213 2432 961 2495 Quarto exponitur: detrahe verbum hoc est formam.
212 2475 952 2536 baptismus enim est in aqua intransitiue. vel esse in
207 2529 956 2587 capitur secunde intentionaliter. ⁋ Ad confirmatio-
201 2564 962 2625 nem. doctor subtilis vocat illam quaestionem asi-
201 2606 952 2663 ninam: & bene secundum sua principia: qui ponit bapti
203 2653 953 2710 smum esse relationem rationis. Propterea magis admi-
194 2707 962 2758 ror opinionem nominalium: & huius Gabrielis in hac
198 2744 950 2813 distinctione dicentis quod est lotio, non audet dicere quod
210 2784 949 2862 sit aqua: quia tunc esset res permanens: quod reputat in
1057 396 1808 475 conueniens. Sed dico quod baptismus est res perma-
1059 470 1818 543 nens: quamquam baptismus non diu permanet baptismus.
1057 526 1817 607 ⁋ Sed pro confirmatione pono proposi
1051 584 1814 651 tiones. Prima est. Sacramentum baptismi asinus po
1059 628 1808 694 test bibere. Hanc conclusionem efficaciter probat
1061 668 1814 732 yllogismus expositorius adductus. ⁋ Secunda
1063 721 1818 777 ppositio. data prima, & quod brunellus aquam illam
1057 766 1808 821 bibat: non oportet quod bibat sacramentum vel ba-
1069 809 1811 863 tismum. hoc patet: quia ante verba & intentionem
1059 845 1811 908 & caetera requisita: & etiam post, non est sacramen-
1050 894 1817 958 tum aut baptismus. ⁋ Tertia propositio est ponenda
1046 941 1807 993 ab apparatu decreti: quod illa aqua est sacramentum
1050 978 1798 1035 praecise per vnum instans. puer enim non est baptizatus
1057 1035 1811 1091 quousque omnia verba haec desinant esse. Ego ba
1053 1079 1807 1134 ptizo te in nomine patris &c. quae desinunt per primum
1051 1119 1805 1180 instans non esse: in illo enim instanti puer est bapti-
1054 1158 1815 1209 zatus primo: & gratia infunditur in illo instanti: quem
1054 1209 1815 1259 admodum in instanti terminante verba in consecra
1053 1246 1808 1306 tione eucharistiae primo incipit esse corpus Chri-
1056 1287 1809 1349 sti. ⁋ Forte dicis: tunc si aqua non tangit in illo instam
1044 1339 1806 1394 ti eum qui debet baptizari: videtur quod non sit bapti
1051 1380 1810 1437 zatus: quod videtur durum. ⁋ Respodet vna opinio
1048 1421 1807 1486 quam recitat Apparatus: quam etiam tenetr. i. qui. i. in ca.
1053 1471 1807 1536 Detrahe, concedendo illatum. Nemo est baptiza
1039 1515 1812 1570 tus nisi quem aqua tangit in illo instanti. patet. quia
1044 1557 1807 1612 in illo solo est baptismus. Sed istud est praeter ratio-
1051 1605 1808 1666 nem: in illo enim instanti nihil verborum est: cum sit pri-
1048 1648 1808 1702 mum instans non esse eorum: ergo tunc aqua non est ba-
1050 1696 1802 1745 ptismus. Si dicas, tunc est primo baptizatus: eodem
1038 1742 1794 1790 modo debes dicere post illud instans quod aqua est ba
1042 1781 1802 1833 ptismus cum ille sit baptizatus. ltem ridiculum
1045 1830 1808 1880 esset dicere quod deus obligaret ad talem modum
1045 1874 1794 1936 abluendi per aquam in illo instanti. Sed tunc est qua
1038 1911 1787 1978 stio: quo tempore sit baptismus. Forte dicis: in quo
1042 1956 1795 2019 libet tempore prolationis verborum. Contra. ergo quan
1042 1996 1792 2068 do quis dicit baptizo: & puerum abluit: tunc bapti-
1035 2043 1797 2111 smus est. ergo in prolatione primi termini puer est
1036 2087 1796 2150 baptizatus. ltem ponatur quod alii termini non proferan
1039 2134 1783 2189 tur: videtur quod puer est baptizatus: cum ei baptismus
1039 2178 1792 2236 applicetur. Potest dici quod in prolatione primi termini, a
1044 2225 1786 2283 qua non est baptismus: nisi reliqui termini proferantur.
1026 2265 1785 2334 & si non proferantur: nego quod tunc aqua est baptismus
1042 2309 1787 2376 proprie. in prolatione autem primi termini formae dubito
1033 2363 1787 2414 an aqua sit baptismus: quia hoc dependet ex vna de
1038 2399 1783 2456 futuro: quod reliqui termini proferantur cum caeteris requi-
1032 2441 1792 2501 sitis. ⁋ Ad argumentum conceditur quod alicui applicatur
1041 2491 1786 2544 aqua qui non est baptizatus. quia oportet habere con-
1035 2536 1781 2602 pletam formam cum caeteris requisitis. vel dicatur quod aqua
1026 2586 1791 2636 non est baptismus nisi quando forma sufficiens est com
1038 2631 1793 2689 pleta: quae est in instanti: & quod sit illud / patebit in solu
1032 2675 1790 2734 tione vnius argumenti. Sed in hoc nego Apparatum
1032 2712 1789 2764 quod sit necessarium ad quempiam baptizandum quod ei appli-
1025 2752 1783 2823 cetur baptismus in illo instanti: sed sufficit quod appli-
1032 2800 1791 2876 cetur pro quocumque tempore prolationis cuiuscumque verbi.
