2353 3322
295 263 1046 338 bendus est: ergo fugiendus in diuinis: nisi pro bapti-
289 323 1036 383 smo qui in casu paruulo esset necessarius. puta qui
292 368 1049 418 statim esset moriturus, & nemo occurrit ad eum
294 408 1042 465 baptizandum nisi excommunicatus. sed fidelium & in
289 461 1045 510 fidelium idololatrarum nulla potest esse communio in
297 503 1049 553 diuinis. ii. ad Corith. vi. Quae autem conventio Christi
294 552 1048 602 ad Belialu?s aut quae pars fideli cum infideli? Qui autem
303 600 1048 645 consensus temploicum idolis? Infideles enim indigne
289 637 1043 692 tractant diuina, & contra deum. quia Matthaei. xii. scri
290 677 1039 741 bitur. Qui non est mecum contra me est. ergo cum
306 720 1046 780 igant contra legem diuinam: & eis excommunicati coo-
307 768 1049 826 perentur: hi de iure diuino sunt euitandi. In super sus
288 807 1052 870 cipiens Eucharistiam ab haeretico letalem habet effe-
288 854 1056 910 ctum: hoc est peccat cum ipso in sacramento Euchari
292 901 1048 956 stiae sumendo. vt dicitur. xxiiii. q. i. c. Subdiaconus.
289 941 1052 999 in fine. versiculo. Alia vero sacramenta, vt sacri
294 986 1048 1042 corporis & sanguinis domini excommunicationis vel
292 1029 1052 1089 recociliationis si ab haeretico vel catholico non sa-
291 1074 1049 1132 cerdote ministrentur: vel nullum vel letalem habebunt
292 1118 1048 1179 effectum. Secus est de baptismo, vt Augustinus di
298 1162 1043 1215 cit in libro de vnico baptismo. lstud idem continei
295 1206 1043 1264 eadem causa & quaestione. ca. Si quis. & in vltimo capulo
294 1259 1051 1310 eiusdem. qui. & causae, laudatur Armigildus rex a be
282 1295 1041 1352 ato Gregorio quinoluit Eucharistiam ab Arriand
286 1340 1049 1397 episcopo accipere: non obstante quod sciret se indigna
290 1390 1057 1440 tionem paternam incursurum: ob quam in infirmitate a
298 1432 1055 1481 patre iussus est occidi. Praeterea metus non excu-
294 1486 1048 1527 sat participantem in diuinis cum excommunicato maio
296 1518 1049 1574 re excommunicatione a mortali. vt patet in cap. Sa
295 1562 1052 1620 cris. de his quae vi met. ve cau. fi. vbi Romanus pon
291 1607 1057 1666 tifex dicit quod metus non excludit prorsus culpam
292 1649 1054 1709 sed attenuat: rationem assignans: quia pro nullo me-
294 1696 1048 1748 tu debet quis peccatum mortale incurrere. igitur illa de
296 1737 1045 1791 cretalis praesupponit quod communicans excommunicato
297 1786 1055 1845 peccet mortaliter: quod communiter exponitur de com
288 1828 1045 1881 municante in diuinis. Sed si esset lex humana, non
301 1871 1057 1931 ligaret in necessitate, quod patet. xi. q. iii. cap. Quonidam.
285 1910 1051 1976 ex Gregorio septimo casus excipiente in quibus
295 1965 1060 2014 cum excommunicato colloquens non peccat: inter quos
301 2005 1061 2066 de timore & necessitate loquitur. Et si propter necessi
298 2061 1051 2107 tatem famis euadendae possit homo emere vel do-
291 2092 1063 2147 no petere si opus sit, cibum ab excommunicato:
295 2147 1055 2191 quato fortius licebit cum eo loqui gratia mortis
295 2179 1058 2235 imminentis euadendae: quia ad opera multum difficilia
297 2223 1054 2279 superogationis neminem ecclesia sine culpa praeuia
297 2269 1055 2321 cogere potest: veluti ad votum castitatis perpetue, vel
299 2313 1063 2364 ingressum Carthusiae, quia diceretur de eis illud Mat
304 2358 1063 2413 thaei. xxiii. Alligant onera grauia & importabilia
302 2401 1063 2463 & iponunt in humeros hominium: digito autem suo nolunt
301 2456 1048 2499 ea mouere. sed non participare cum excommunicato
301 2494 1055 2546 in casu quo homo vitam amitteret vel magnam partem
294 2537 1054 2593 rerum suarum, vel enormiter laederetur: est multum dif-
301 2578 1048 2637 ficile: ergo ad hoc ecclesia obligare non potest. secus
295 2635 1058 2680 est de iure diuino obligante hominem crebro ad mar-
294 2671 1063 2745 tyrium. Sed dices, & ita dicendum reor, hoc esse propter
1125 261 1883 341 contemptum legis. sicut boni illi Machabaei nolebant
1128 337 1876 383 comedere carnes suillas non obstantibus omnibus mi
1116 379 1887 430 nis Antiochi, & morte crudelissima intentata. secundi
1128 413 1880 476 Machabaeorum. vi. quia fuit in legis contemptum: & vt le
1122 462 1873 515 ge Mosaica relicta ad idololatriam se conuerterent.
1125 506 1879 562 & tamen si fuissent in extrema necessitate famis, & fu-
1125 550 1883 606 issent in occulto nihil habentes nisi carnes suillas,
1122 602 1880 654 eas comedendo interpretati fuissent legem: quemad
1122 646 1882 694 modum Matathias & filii eius restiterunt in sabbato.
1128 679 1888 729 Sic potest contingere de contemptu legis humanae. vt
1123 725 1880 783 si quis excommunicatus minetur viro nisi secu lo
1128 778 1877 831 quatur: se eum occisurum: is potest pati mortem potius
1132 812 1895 870 qui communicet cum excommunicato: quia hoc est in
1128 869 1892 916 contemptum clauis ecclesiae: ipse tamen ne moriatur potest
1126 903 1883 958 sumere cibum ab excommunicato licite, & ei dare: quia
1122 948 1897 1003 istic non agitur directe in contemptum clauis. Quic-
1128 993 1891 1036 quid tamen sit: ecclesiam suspicor non intendere in sua
1138 1036 1885 1092 ege prohibitoria excommunicationis obligare quaenm
1129 1092 1891 1138 pia ad haec onera difficillima, vt pro morte euaden
1128 1135 1886 1182 da quis non possit excommunicatu alloqui: si non
1129 1167 1895 1224 agatur directe in contemptum clauis ecclesiae. ⁋ Sed
1138 1214 1892 1269 nic dubitatur. quomodo non licebit mihi loqui cum
1132 1268 1887 1312 excomunicato dioecesis Meldensis, cum ego Pari
1134 1300 1894 1362 siensis non sim domino Meldensi subditus? Respon
1137 1343 1895 1405 detur. hoc est per legem superioris scilicet Romani pontifi-
1125 1395 1885 1447 cis prohibentis colloquium cum excommunicato, vt pa-
1135 1439 1885 1504 tet in cap. Si quis presbyter. vii. qu. i. &. iiii. qu. v.
1150 1475 1318 1543 Quisquis:
1152 1533 1910 1622 ⁋ Ex omnibus quaestionibus huius
1132 1611 1895 1671 materiae colligitur quid sit excommunicatio maior
1128 1656 1898 1712 & quid minor: & quod pro sola contumacia mortali est
1138 1697 1892 1752 inferenda ab homine: nam si quis audit ecclesiam: qua
1138 1742 1892 1799 re erit sicut ethnicus & publicanus (Interdum etiam
1131 1784 1900 1846 excommunicatus non plus peccat quae non excommu
1134 1829 1901 1877 nicatus: quod patet de duobus, quorum vnus solum
1137 1876 1895 1922 habet actum interiorem & alter interiorem cum exteriore
1134 1918 1897 1975 lsti enim aequaliter peccant: & tamen vnus est excommuni
1131 1966 1907 2016 catus & non alter. Praeterea diximus quod aliqua est
1128 2010 1903 2068 excomunicatio iniusta & nulla: & illa non est timen
1135 2053 1908 2112 da coram deo nec coram hominibus qui hoc nouerunt:
1138 2099 1904 2156 nisi accidat scandalum assistentium, putantium hominem
1135 2142 1897 2187 contemnere ecclesiam. Excommunicatio tamen iniusta ha
1144 2187 1906 2234 omnes essentialia excommunicationis: hoc est non ir-
1140 2228 1891 2291 rirata a iure, est timenda per cap. Si celebrat. de cle.
1128 2269 1897 2322 ex. mi. Excommunicatus autem minore excommunica
1138 2318 1892 2367 tione est ineligibilis ad quodcumque beneficium ecclesia
1131 2365 1898 2420 sticum consequendum. & ratio est secundum pontificem in li-
1133 2409 1896 2463 tera: quod ad susceptionem eorum eligitur a quorum per-
1138 2453 1907 2510 ceptione a sanctis patribus est priuatus. Et hoc
1131 2493 1898 2546 etiam habetur. xi. q. iii. Excommunicatos. &. c. Cum
1131 2548 1900 2596 excommunicato. &. iii. q. iiii. Engeltrudam, nec
1130 2583 1900 2644 potest ministrare sacramenta. Non credo tamen
1135 2629 1892 2686 verum quod dominus Innocentius dicit in dic.
1130 2669 1907 2743 cap. quod existens in peccato non potest eligi in
