2340 3364
511 336 1262 390 rulgari via ex determinatione pontificis dicimus.
498 388 1267 435 esse de iure diuimo quod nullus sacerdos possit absol-
501 431 1253 478 uere quempiam peccatorem nisi sibi subiectum. & il-
508 473 1262 528 la subiectio esse potest quando confessor est ordi
505 515 1274 577 natius eius: quae subiectio confessori ratione digni
504 565 1262 617 tatis vel beneficii conuenit: qualis est potestas epi
498 607 1265 656 scoporum & curatorum qui facultatem aliis conce
517 654 1271 702 dere possunt. sed sacerdotes inferiores facultatem
504 694 1268 746 habentes / non possunt vlteriorem facultatem aliis
508 738 1264 789 sacerdotibus tradere: nisi curatus daret suo vica-
513 784 1261 831 rio (vt plerumque fit) plenas vices quo ad sacramenta
505 835 1271 878 communicanda ac si praesens esset: tunc enim ille vica
507 872 1262 925 rius facultatem talem dare potest aliis sacerdotibus
505 916 1265 966 ad sacramenta communicanda ac si curatus praesens
504 962 1273 1010 esset: & facultatem dare potens / aeque bene illam commu
504 1009 1271 1055 nicat simplici sacerdoti / ac illi qui exequutionem ha
511 1049 1277 1097 bet. Et ratio est peremptoria: quia in consecratione
514 1093 1277 1150 cuilibet sacerdoti traditur clauis potestatis, quae est fa
517 1137 1261 1186 cultas ligandi & soluendi in foro interiore. habe
517 1185 1277 1231 ergo iurisdictionem specialem si materiam haberet.
510 1226 1271 1277 iste enim facultatem dans subdito vel sacerdoti,
504 1275 1268 1319 solum ministrat ei materiam in quam agat, quam ante
504 1316 1273 1371 non habebat. Et aliter patet. Non sacerdos curatus
510 1358 1273 1407 dat vicarium in confessione audienda / tradendo ma
501 1405 1265 1464 teriam. ltem in solutione ad quartum diximus quod
516 1451 1277 1503 quilibet sacerdos simplex quemlibet talem absol
511 1494 1267 1542 uit. & non est difficultas in isto si capiatur sacerdos
504 1539 1270 1583 non religiosus. & placet etiam via illa quod sufficit re-
522 1582 1268 1631 igiosus. ita enim fit & practicatur passim ab his
512 1626 1277 1681 qui habent facultatem a Romano pontifice / qui in
514 1674 1264 1728 differenter quemlibet accipiunt. Propterea opinic
516 1715 1270 1771 glos. in ca. Omnis. de poenitem. & remis. in ver. Talie
519 1761 1277 1809 no) est relinquenda. Vagabundi autem non habentes
511 1807 1276 1852 domicilium sunt de parochia illius curati in quo
505 1848 1271 1898 sunt in pascha. & si dominus aliquis nunc in hac pa-
517 1897 1276 1952 rochia habitet: nunc in illa: est subiectus illius in cu
523 1938 1267 1994 ius ditione manet pro maiore parte temporis, quod
516 1982 1270 2033 si aequaliter in pluribus habitet: vbi eum contin-
516 2022 1153 2075 gat esse in pascha: illic superiorem habet.
825 2311 1265 2395 Ecundo circa hanc de
828 2382 1267 2439 cimannonam distinctionem quaeri
834 2427 1277 2479 tur. An fraterna correptio sit
831 2471 1262 2528 cuilibet adulto de praecepto
837 2515 1268 2575 Praemittam quid nominis frater
828 2561 1274 2613 nae correptionis. deinde responde,
825 2608 1261 2665 bo ad quaesitum. Fraterna cor
505 2649 1266 2704 reptio sic describitur. est charitatiua admonitio de
511 2696 1277 2749 emendatione delicti. Quo supposito. Respondetur
502 2744 1280 2809 affirmatiue ad titulum quaestionis: dummodo ponam
1342 331 2107 392 tur illa quae ad fraternam correptionem requirun
1339 386 2105 438 tur. Cum enim sit praeceptum affirmatiuum non
1350 432 2104 483 obligat pro semper. sed semper obligat: positis cir-
1345 481 2103 532 cunstantiis loci & temporis: quibus positis vnum
1348 520 2100 575 quemque adultum ratione vtentem obligat. Probatur
1353 572 2094 618 per illud Ecclesiastici. xvii. Vnicuique mandauit des
1350 607 2102 663 de proximo suo. Et ratione sic. Homo tenetur vi
1347 654 2099 706 tare peccatum in seipso: & secundum ordinem cha
1341 701 2111 748 ritatis diligere proximum sicut seipsum. ergo te-
1345 748 2120 792 netur vitare quantum in se est / peccatum in proxi
1356 792 2107 844 mo. Praeterea arguitur. quilibet habens vnde suc
1347 835 2108 883 currere possit tenetur de suo facere eleemosynam cor
1347 879 2108 930 poralem / ne corpus proximi moriatur: ergo tenetur
1354 925 2105 967 cauere a morte spirituali animae proximi. Propter
1356 968 2108 1012 ea Esaias sexto cap. sui libri, se tacuisse lamentatur
1356 1012 2117 1066 inquiens. Vae mihi quia tacui. vbi glossa. quia Oziam
1356 1053 1813 1116 & alios libere non reprehendi.
1350 1104 2105 1195 ⁋ Est autem notandum quod aliqua re
1362 1190 2105 1237 quiruntur ad correptionem fraternam. Primo ex
1363 1239 2103 1285 parte causae materialis & obiecti, quod sit de peccato
1348 1273 2108 1330 potissimum mortali vel de veniali quod proxime ad
1351 1324 2105 1365 mortale disponit. quia si esset solum veniale in cau-
1360 1359 2112 1417 sa & sequela: correptio non esset de praecepto. Pe
1355 1407 2099 1458 trus namque, ad Galathas. ii. subtrahens se a comestid
1347 1452 2107 1506 ne ciborum in lege Mosaica vetitorum propter ad
1347 1499 2117 1547 uentum missorum ab lacobo, peccauit venialiter
1344 1544 2106 1594 solum: sed quia illud poterat esse propinqua dispo-
1348 1581 2108 1633 sitio in ruinam mortalium in aliis: a Paulo publi-
1351 1628 2107 1678 ce reprehensus est. fraternae enim correptioni non obuiat
1347 1672 2117 1731 quod fiat in publico. Quamuis autem imprudentes pas
1351 1719 2114 1772 sim non debeant corripere pro veniali euitando:
1353 1766 2105 1812 viri tamen perfecti possunt vti correptione in pa
1345 1806 2108 1861 res: quales erant Petrus & Paulus: vbi Petrus si-
1347 1850 2105 1901 ne iurgio cum tranquillitate & modestia suscepit
1342 1899 2114 1944 correptionem Pauli. Causa finalis debet esse, vt proxi-
1354 1946 2107 1993 nus a peccato abstineat. Causa formalis vt corre
1353 1992 2117 2040 ptio fiat cum discretione: scilicet ex compassione &
1344 2028 2102 2086 non ex indignatione vt faciunt inflati. Prouerbio-
1342 2072 2111 2116 rum. xiii. Inter superbos semper iurgia sunt. Pro-
1357 2122 2108 2166 pterea dicebat psalmographus. Corripiet me iu-
1338 2165 2102 2219 stus in misericordia. Et apostolus ad Galathas. vi.
1345 2203 2117 2264 Vos qui spirituales estis huiusmodi instruite in spiritu
1351 2257 2102 2303 enitatis. Nec fiat animo turbato. Si enim sit vero
1345 2294 2116 2341 simile quod proximus exasperabitur & non emendabi
1347 2340 2114 2384 tur: vel sint alii ad quos magis spectat correptio:
1354 2387 2102 2433 nihil attentandum est. iam enim causa formalis si
1342 2430 2109 2480 ue modus in correptione relinquitur. Causa effi-
1351 2475 2117 2520 ciens est adultus, non publicus peccator ad corte-
1354 2517 2117 2574 ptionem in publico. ⁋ Ex his sequitur. quod positis
1341 2564 2116 2611 istis quatuor causis correptio fraterna est de prae-
1343 2611 2116 2658 cepto. ⁋ Secundo infertur: quod interdum omitti-
1348 2653 2111 2710 tur correptio fraterna meritorie expectando tem-
1347 2697 2108 2753 pus opportunum: cum scilicet est verisimile quod si
1335 2741 2114 2803 nunc corripiatur, ex impatientia deterior euadet:
