2353 3314
229 290 992 354 seruauit. vii. milia quorum genua non sunt curua
228 352 995 400 ta ante Baal. ⁋ Ecce quid sit correptio fraterna: &
225 400 991 453 quod debeamus esse solliciti de peccato in proximo
238 438 995 495 euitando, eum corripiendo pro loco & tempore. quid
238 482 994 535 fama in communi: quid bona fama & mala. quod supe
240 527 988 581 primere famam proximi quem laudare debemus
229 570 986 621 sit peccatum: & maius / eam attenuare in parte: &
238 622 986 667 adhuc maius, totam auferre: & pessimum est infa
235 662 986 718 miam excitare: & loco rosarum / colloquintidas, qua
226 705 992 752 sunt pessimae haerbae, & vrticas porrigere. Quando
223 751 986 807 autem est dubium an fama viri sit reipublicae noci
226 793 983 844 tura: tunc secundum consilium Catonis: parce lau
225 836 986 888 dare memento: simul ne inconstans dicaris: foeden
235 882 983 928 denigrando eum quem heri & nudiustertius aethe
232 929 986 978 re dignum praedicabas. Caeterum familiarem so
225 972 977 1017 cietatem cum maledicis & detractoribus si sapis.
229 1016 986 1064 non ineas: quia erunt tibi in ruinam. nam teneris
229 1064 980 1108 crebro eos corripere quod maledicant surdo absentia
226 1103 983 1150 & timore humano forte hoc omittis, vel fortasse
234 1151 991 1205 quod deterius est, eos detractantes libenter audis, &
232 1197 983 1249 aures patulas eis accommodas: ac sic eos tuo pec
234 1246 992 1294 cato in sua malitia foues. Et licet aliquid mali ve
234 1279 988 1330 rum de proximo recitent: non es a detractionis la
234 1326 986 1371 be excusatus eos audiendo. Tum quod non est eis ha
234 1370 994 1419 benda fides. Tum secundo, demus esse verum: est
228 1417 980 1462 tamen occultum: & praetermisso ordine iuris recita-
228 1461 989 1505 tur & auditur. Si dicas. hoc modo non licebit reci
222 1506 988 1560 tare in a. patria quomodo Sortes sit vltimo sup-
225 1545 988 1602 plicio ob scelus commissum punitus Parisiis: cum
223 1601 986 1649 illic sit occultum. Respondeo. vbi culpa illa est non
216 1639 995 1686 torie punita Parisiis: licitum est in a. patria ex qua
229 1684 989 1733 oriundus est occisus, illud recensere: dummodo fiat
228 1732 987 1780 pro emendatione eorum ad quos rumor peruene
222 1772 986 1817 rit, vt sint peritiores in similibus delictis cauendis.
228 1816 992 1872 Si vero in vindictam occisi vel contumeliam re-
223 1860 992 1902 citetur: peccat recitans. ⁋ Postremo concludendo
225 1904 998 1962 addemus quod aliquis est qui de bona fama adeo pa
225 1947 979 2000 rum habet vt paruum sit peccatum de illo aliquid
225 1997 989 2047 mali dicere: nec enim laceratur eius fama, cum apud
238 2037 986 2085 probos viros nullam habeat, quemadmodum si sit
226 2085 986 2134 aliquis vestes nullius momenti habens: paruum est
225 2131 989 2181 peccatum vel nullum / lacerare eas. secus est de bo
222 2175 976 2221 na veste. Optimum, optimis vestibus circumami-
217 2215 989 2260 ctum imaginabere: & pessimum vestibus nullius
232 2261 992 2311 momenti. & secundum accessum ad illa extrema-
229 2304 988 2349 medii iudicabuntur. sicut autem meliorem vestem
217 2346 977 2396 lacerans plus peccat caeteris paribus: sic probioris
235 2391 992 2443 viri famam lacerans plus peccat. Dixi (caeteris pa
223 2437 979 2480 ribus) quia potest homo ex industria & intentio-
222 2479 990 2537 ne de minus bono male loqui: in quo magis pec-
222 2525 988 2579 cabit quam quadam garrulitate vel imprudentia de
217 2570 710 2629 meliore inique & male loquens.
1194 300 1784 391 ⁋ Distinctionis Vigesimae
1351 366 1688 455 Quaestio Prima.
1551 483 1841 554 lrca hanc vi-
1553 539 1843 606 gesimam distinctio
1555 593 1840 647 nem Quaero pri-
1549 633 1829 693 mo: an ille sit pror
1556 674 1841 737 sus liberatus a poe-
1548 721 1829 781 na qui adimplet poe
1549 765 1845 825 nitentiam iniunctam
1556 809 1838 863 a sacerdote. Pro
1553 852 1832 914 solutione quaestio-
1555 896 1829 948 nis notabis me non
1560 940 1821 996 issentiri tenentibus
1554 984 1821 1045 quod latitudo iustitiae
1554 1028 1829 1091 sit impartibilis plus
1072 1069 1823 1129 uam latitudo temperantiae vel fortitudinis. sed sicut
1063 1116 1832 1165 medium iusti precii in emptione venditione & aliis
1062 1162 1831 1222 contractibus non consistit in indiuisibili: sed est quaedam lati-
1066 1204 1825 1255 tudo: intra quam si quis maneat / contractus est licitus:
1062 1248 1832 1309 sic est latitudo emendae ad offensam / & in foro hu
1066 1292 1829 1345 mano & diuino. Verbi causa. Sortes eruit vnum
1065 1338 1837 1392 oculum Platonis: potest fieri emenda Platoni au
1063 1383 1823 1433 ferendo lucrum putatum a Platone, & addendo damno
1068 1431 1835 1483 Sortis: reducendo ad aequalitatem. aliqui enim sa
1075 1471 1829 1529 pientes dicunt Platonem dare oportere sorti cen
1069 1509 1838 1582 tum. alii nonagintaquinque. alii quinque supra centum:
1069 1561 1832 1613 & totum istud reputatur latitudo emendae. Sic est
1059 1613 1830 1665 de poenitentiis iniunctis pro peccatis coram deo:
1065 1652 1828 1700 & est latitudo iustae poenae pro peccato. Non enim
1066 1699 1820 1746 est verisimile quod deus reputet talem poenam prae
1066 1740 1819 1796 cisam debere inferri a. superbiae / & nullam omnino
1065 1782 1828 1837 minorem sufficere. sic enim raro vel nunquam posset pru
1068 1827 1829 1874 dentissimus confessor poenitentiam convenientem iniunge-
1063 1875 1817 1920 re: quia semper excedet vel deficiet. vt pro a. super
1053 1916 1814 1971 bia sit latitudo / dicere psalterium / & bis septem psal
1057 1966 1816 2022 mos vel ter: ita vt si vnus dicat bis septem psal
1056 2008 1829 2059 mos cum psalterio / satisfaciat toti poenae debitae: si
1057 2048 1829 2096 cut alter qui ter dicit septem psalmos cum psalte
1065 2093 1817 2156 rio pro simili superbia: non tamen tantum meretur. nam quando
1053 2137 1830 2194 fit iniunctio poenitentiae in hac latitudine / tunc clauis
1056 2184 1826 2245 non errat: quando vero extra eam / errat. secus est de latitu
1065 2225 1826 2276 dine poenae peccatis debitae in orco: quia illic aequa
1056 2270 1822 2328 libus peccatis aequales debentur poenae. nam illam
1056 2314 1642 2389 deus infligens punctaliter cognoscit.
1057 2361 1832 2440 ⁋ Hoc praenotato pono conclusiones.
1069 2425 1819 2480 Prima est. adimplens poenitentiam iniunctam claue
1065 2475 1814 2526 non errante etiam in peccato / est absolutus a poena, hoc
1059 2520 1826 2569 est, non patietur poenam peccato debitam / nec in purgatorio-
1050 2561 1826 2621 nec in infemo. ⁋ Secunda conclusio. Non semper adi
1068 2607 1829 2657 plens totam poenitentiam iniunctam a sacerdote est
1052 2648 1817 2708 liberatus a poena: sed oportet eum illam pati in purga-
1057 2694 1813 2763 torio vel in infemo, si sic decedat debitor illius poenae.
