2348 3318
468 298 1228 360 retici essent. ldem asserit Calepinus: cum modestia
462 362 1219 407 tamen de ecclesiasticis nihil dicens. sed Franciscus
468 396 1235 450 Philelphus est latinorum primus quem super hoc me
471 440 1220 499 legisse memini in quadam epistola ad ministrum ge
468 482 1228 538 neralem fratrum minorum missa. ⁋ Sed his & simili-
476 529 1228 581 bus respondendo dico: quod sicut in consuetudini-
465 571 1228 635 bus aliquibus positiuis male introductis / hoc est
464 618 1226 674 cum peccato: successu temporis quod ante fuit illicitum
473 664 1231 723 postea fit licitum: vt in materia consuetudinis in
478 712 1220 764 xv. distin. huius ostendimus: sic euenire potuit quoi
473 753 1231 806 aliqui primi erronee sparaclitus) loco (paracletus)
471 796 1234 850 scripserint, & posteri sic vocabulo vsi sint: sicut
478 841 1234 899 de lege consuetudinaria diximus. Quia hoc Philel
477 895 1235 943 phus neget a libris Augustini / Hieronymi / & Am
463 928 1235 977 brosii / omni probabilitate caret: vt liquet eorum libros
471 974 1228 1024 inspicienti. Ipsi enim & theologi posteri sic vocabu
472 1021 1238 1076 lo vsi sunt. secundum illud Horatianum in arte poe-
480 1061 1229 1112 tica. Mortalia facta peribunt: Nedum sermonum
465 1106 1234 1165 haud stet honos: & gratia viuax. Multa renascentur
474 1152 1232 1207 quae iam cecidere / cadentque Quae nunc sunt in hono-
471 1190 1244 1248 re vocabula si volet vsus: Quem penes arbitrium est
480 1240 1237 1295 & vis & norma loquendi. Insuper quaelibet ars suam
476 1283 1241 1337 moralem habet logicam: ergo suam rhetoricam appro-
465 1324 1234 1384 priatam quaelibet habet. antecedens patet: quia signum
483 1370 1243 1425 vniuersale affirmatiuum & negationem in calce ora-
471 1422 1229 1472 tionis loco propositionis vniuersalis & negatiui
472 1460 1231 1517 rhetor locat: nulla alia ratione adductus nisi prin-
483 1506 1234 1562 cipum suae artis vestigia sequens. opposito modo
478 1547 1238 1592 logicus / philosophus / & theologus in logicis edu
484 1592 1238 1650 catus loquuntur. Dicis illud esse verum in integra
466 1635 1247 1697 oratione: non autem in vna dictione. Obiicio sic. ho-
477 1685 1240 1738 minum vsus consuetudinem obligatoriam introduce-
468 1725 1238 1785 re potest: ergo & vocabulum solo vsu in vna si-
477 1780 1247 1828 gnificatione vsurpari potest. & ostendo exemplariter
474 1813 1240 1871 de isto termino northmannus, qui ex duobus voca-
477 1857 1237 1913 bulis germanicis siue britannicis est conflatus: tantum
484 1902 1238 1960 in nostra lingua sonans quantum septentrionalis ho
483 1957 1231 2005 mo. illud enim totum loco alterius extranei capimu
486 2000 1237 2043 in gallia: ita vt significationem habeat alienam & nor
474 2040 1241 2091 copositam. Pari modo dico quod paraclitus est dictio
480 2081 1247 2130 pure latina nullo modo infamen significans: nec cum
474 2116 1240 2169 simili dictione graeca commercium vllum habens. & ita
487 2167 1247 2223 de omnibus similibus dictionibus quibus ecclesia vel
484 2211 1235 2262 aliquis hominium coetus eruditus vtitur, dicendum puto
474 2255 1241 2315 Ecclesia tamen potest si velit vti illo termino para
480 2304 1234 2359 cletus pro spiritu sancto: & hoc vocabulum paraclitus
480 2337 1246 2402 destituere a significatione quam habet: quia nominia si-
486 2391 1238 2440 gnificant ad placitum: etiam sumendo occasionem ab
481 2428 1253 2488 ineruditis vocabulum prohibentibus, quemadmodum si
480 2473 1241 2529 aliquis ineruditus inculcaret gallorum capitibus quod te-
477 2521 1250 2575 neantur ieiunare nouem apostolorum profesta / successu
487 2565 1247 2618 temporis consuetudo aboleretur & ad legem scriptam habe
474 2606 1244 2654 retur recursus. Secundo dico secundum dictum commu
486 2652 1241 2710 ne Hilarii: & recitatur de verborum significatione cap
492 2699 1240 2761 Intelligentia. Non sermoni res: sed rei est sermo
1302 297 2074 359 subiectus. vbi erudite glossa dicit. Verba ad extra
1297 357 2075 405 neum sensum sunt traheda: vbi res aliter salua esse
1309 403 2069 454 non potest. Ad hoc introducitur lex quaedam. C. de verb-
1308 445 2071 496 signi. Theologus namque & philosophus de lana ca
1320 492 2072 538 prina / & verbis non contedit: sed sensum sub verbis
1315 530 2069 581 latitantem venatur. & quanto ingeniosior fuerit: tanto
1303 575 2078 627 magis a verbali disputatione se elongat. Ex his er
1305 626 2059 675 go de vocabulo indulgentia in titulo quaestionis pro
1305 672 2074 723 posito habes quomodo nec ipsum nec paraclitus apud eru
1317 704 2072 758 ditissimos ecclesiasticos capitur in significatione illa
1308 752 2068 814 qua alii putant. secundo quamuis solum illam significationem
1302 803 2068 853 propriam haberent (quod non concedo) sufficiebat vno ver
1306 847 1999 893 bo dicere, theologi aliter vocabulo vtuntur.
1320 891 2086 977 ⁋ Nunc ad secundum deueniendum
1318 958 2069 1020 est: quo scilicet iure indulgentiae ( vt iam vtimur ipsis.
1312 1012 2090 1060 fundandae sunt. Qua de re Durandus in hac distin
1317 1060 2090 1108 ctione sic dicit. De indulgentiis pauca dici possunt
1311 1098 2077 1157 per certitudinem: quia nec scriptura expresse de eis loqui
1318 1139 2080 1195 tur. illud enim Matthaei. xvi. Petro dictum. Tibi dabo
1312 1185 2088 1246 claues regni caelorum. Et quodcumque ligaueris &c. intelli
1313 1233 2083 1288 gitur de potestate ei data in foro interiori vt dicit
1321 1281 2087 1335 ille, & apparenter: quia certum est quod oportet intelligere
1321 1323 2084 1367 illam auctoritatem cum sale / claue scilicet non errante.
1315 1365 2092 1412 ltem apud Hilarium / Hieronymum / & Augustinum / &
1320 1410 2083 1461 breuiter ante Gregorium primum de indulgentiis in si
1323 1458 2086 1514 gnificatione qua quaerimus / nihil legimus vnquam. Nec iu
1321 1508 2087 1557 uat dicere. locus a non legitur negatiue est nullus: quia
1312 1544 2093 1594 tempore eorum maxima in diuinis scripturis erat exer-
1311 1591 2098 1643 citatio / & studium continuum: & aliquid fuisset ab eis de
1326 1631 2093 1680 terminatum si expresse locum in nouo testamento in-
1323 1674 2086 1733 uenissent. De Gregorio tamen primo legimus quod ali
1321 1719 2088 1777 quas paruas dedit indulgentias Romae. vnde glos-
1315 1763 2084 1816 in. c. Quod autem. de poeni. & remis. dicit. Quid valeant
1312 1808 2078 1859 huiusmodi indulgentiae: vetus quaerela est: sed adhuc
1321 1854 2090 1901 satis dubia. Et semper ecclesia relaxauit iuramenta &
1320 1898 2096 1948 vota deo quaesita pro rationabili causa. ergo in obli
1317 1952 2089 1998 gationibus ratione delicti acquisitis relaxare potest.
1329 1996 2087 2047 nam parilis est ratio vtrobique. Secundo probatur, oppo-
1324 2032 2089 2085 situm syllogizando ad impossibile. Si indulgentiae
1323 2080 2077 2134 nihil valerent sed essent inanes: sequeretur quod ecclesia
1320 2120 2087 2164 esset deceptrix & circunveniret suos promittendo eis
1333 2166 2084 2225 quae dare nequit. consequens est inconveniens: ergo &
1324 2210 2087 2257 antecedens. sequela est manifesta. Nam Bonifacius
1332 2251 2087 2311 Octauus in quadam extrauagante. de poeni. & remis.
1323 2298 2081 2345 cap. Antiquorum. concedit iubileum & plenissimam pec
1320 2343 2096 2395 catorum veniam visitantibus basilicam Petri & Pauli
1317 2387 2077 2445 Romae de centesimo anno incentesimum, quod Clemens
1323 2430 2089 2488 sextus ad quinquagesimum, & Sixtus Quartus ad
1323 2484 2088 2534 vigesimumquintum annum ampliauit. vt patet in ex-
1321 2519 2090 2572 trauagantibus rubricae signatae cap. Vnigenitus. & ca.
1326 2565 2086 2623 Quemadmodum. & cum isti concedant plenissimam pec
1327 2608 2089 2661 catorum veniam vrbem visitantibus: si visitantes non
1330 2656 2092 2710 assequantur promissum / ipsos fallerent. Forte di-
1326 2700 2089 2772 cis: Bonifacius Octauus de quo habita est mentio
