2291 3322
436 267 1199 348 siue non. Prima est. quando indulgentiae sunt perpetuae
437 330 1209 398 in aliquo loco / quolibet die locum accedens eas con
453 376 1217 429 sequitur. semper suppono causam rationabilem / & ea
441 424 1210 476 quae diximus requisita ad eas consequendas. Probatur:
447 467 1210 527 quia si pluries locum adiens non acquirat indulgen-
441 510 1210 559 tias: nullo modo sunt perpetuae. & ita videtur dicen
457 558 1214 605 dum in pluribus partibus diei. Et probabile est con-
447 599 1204 660 sequenter quando indulgentiae sunt temporariae vt totiens
453 644 1213 695 quotiens in illo determinato tempore homo accedit
454 688 1213 748 illum locum: consequatur illas indulgentias: Dixi (proba
453 732 1213 783 bile est) quia potest bene teneri quod homo solum semel
456 776 1223 837 obtineat illas. nam dantur plures dies propterea, vt
459 822 1210 879 qui non potest venire in praefinito die, veniat in alio
458 867 1214 923 ⁋ Secunda propositio. volens consequi indulgen-
456 916 1219 968 tias & non dans sicut in bulla continetur, non consequi
447 956 1214 1005 tur eas. patet: quia conditio non existit. tamen efficaci
451 1004 1223 1050 ter volens eas assequi & non potens: tantum meretur
464 1041 1222 1090 de gratia & gloria quantum eas assequens, licet non ad
456 1088 1217 1138 remissionem poenae. & sic actus exterior interiori ni-
457 1133 1213 1186 hil superaddit quo ad vitam aeternam. ⁋ Tertia propo
454 1175 1213 1225 sitio. in anno iubileo duo venientes Romam itine
459 1221 1216 1278 ribus inaequalibus: vt ex Viterbio & Hadingtona
453 1267 1213 1325 in Britannia, aequaliter consequuntur indulgentias quo
447 1307 1213 1359 ad remissione poenae: sed inaequaliter merentur. nam
456 1352 1226 1403 vnus actus est difficilior ex parte obiecti quam alter.
456 1398 1219 1452 ⁋ Quarta propositio. Diues dans tres duodenos
447 1434 1220 1492 tantum vi indulgentiarum conse quitur quantum pauper
453 1489 1213 1537 quod probatur: quia vterque acquirit secundum tenorem bulli
460 1527 1225 1580 soluendo quod continetur in ea: sed pauper multo plus
454 1574 1228 1628 meretur: quemadmodum vidua euangelica. Et licet actus
459 1616 1235 1670 vnius sit aequaliter intensus cum actu alterius: est ta
453 1665 1222 1713 men difficilior supposita aequali liberalitate natu
463 1711 1223 1757 rali. Sed hic dicitur a doctore Seraphico & non im-
459 1751 1235 1813 probabiliter, quod diues non tantum consequitur quantum pau
472 1797 1226 1856 per nisi proportionabiliter det in ea proportione qua
454 1842 1223 1895 opes suae opes pauperis exuperant. Contra hoc tamen ar-
468 1889 1226 1945 guo: si ponatur determinata pecunia: vt pote si sio
459 1929 1226 1991 dentur indulgentiae: quilibet dans quinque duodenos
468 1974 1220 2024 hospitali Parisiensi / habebit plenaria remissione
471 2019 1231 2074 peccatorum suorum: tunc aequaliter eas consequuntur: vel
476 2059 1235 2110 vterque consequitur plenariam remissionem peccatorum / &
463 2107 1229 2170 sic aequaliter quantu est ex parte indulgentiarum: vel neu-
465 2150 1232 2196 ter consequitur aliquid, quod non videtur dicendum. Hic respon
463 2194 1228 2252 dere potest duipliciter. vno modo, quod vbi ponitur de-
471 2246 1231 2296 terminata pecunia, aequaliter consequuntur. secus est
469 2291 1225 2342 quando eorum arbitrio relinquitur, vtpote cum sic indul
458 2329 1232 2382 gentiae dantur. damus plenariam remissionem peccato-
456 2375 1223 2423 rum porrigentibus manus adiutrices hospitali dei. hic
465 2420 1228 2470 enim homo debet dare proportionabiliter ad suas
465 2460 1220 2516 opes. vt si quinque duodeni debeant iudicari suffi-
468 2508 1231 2554 cientes pro paupere: non debent iudicari sufficientes
459 2551 1223 2614 pro opulentissimo. sed diuiti ad partem indulgentiarum
456 2605 1232 2658 cosequendam, sufficiunt: pauperi autem ad consequendam.
459 2644 1223 2691 totam. Sed dicis. sic non constat quando pauper consequitur
460 2685 1220 2749 indulgentias complete magis quam diues. Respondetur,
1282 265 2056 343 hoc non est inconveniens. nam potest homo scire eas
1287 329 2057 381 sibi valere: licet nesciat quantum valeant: vt est de au-
1287 371 2056 433 reo nummo peregrino. Secundo potest dici: quod siue
1296 418 2050 467 ponatur determinata summa / siue non, inaequaliter va-
1291 471 2050 524 lent indulgentiae si aequaliter porrigant: quia est inaequa
1294 505 2063 563 litas ex parte dantium. vtrique tamen aliquid valebunt, quod
1287 551 2044 609 sufficit. & hoc est magis ad mentem bti Bonauenturae
1304 596 2050 655 ⁋ Quinta propositio. vbi est taxa de dando scuto
1302 640 2050 689 pro plenatia remissione consequenda, dans malum
1293 687 2047 745 scutum non consequitur indulgentias, quamuis inuinci-
1293 728 2047 778 biliter credat illud esse bonum. patet: quia malum scu
1304 772 2052 824 tum non est scutum: cum non habeat omnia essentilia scuti.
1299 816 2054 874 sicut credens se inuincibiliter confiteri sacerdoti, quam
1299 861 2050 911 tamen est laicus: vi clauis nihil habet poenae dimi-
1293 906 2057 967 nutum, licet satisfaciat praecepto pro tempore quo est ei
1293 951 2050 1000 ignorantia inuincibilis. Similiter fingens falsas in-
1299 995 2054 1054 dulgentias vt plerique faciunt, nihil poenae remittit
1293 1048 2050 1095 accipientibus, esto aliis sit ignorantia inuincibilis
1305 1081 2053 1133 ergo idem est in proposito. Et eodem modo dans
1300 1125 2063 1180 triginta quatuor duodenos non consequitur plena
1296 1178 2056 1233 tiam remissionem peccatorum: sed forte partem. ratio
1297 1215 2066 1268 est: quia videtur ecclesia verba sonantia de tali to-
1292 1260 2060 1325 to ad partem trahere. Secus est de scuto cui dimi
1302 1304 2063 1359 dium granulum deficit, quod in foro inter alia scu-
1306 1349 2057 1397 ta valet scutum: licet arguenti istic locus replicae
1299 1397 2057 1452 non desit. ⁋ Sexta propositio. Religiosi, virgi-
1293 1441 2059 1499 nes, & multe mulieres non debent late vagari pro
1302 1483 2051 1544 consequendis indulgentiis: immo potest esse quoi
1306 1526 2069 1578 multo plus domi mereantur: & forte eis oberit
1308 1572 2069 1623 esse in fiuctibus saeculi. ⁋ Septima propositio. Ad
1299 1613 2063 1668 remissionem culpae nihil valet indulgentia. patet:
1314 1660 2072 1721 quia ad remissionem culpae requiritur martyrium vel
1303 1707 2069 1752 contritio. & quamuis sufficiat attritio cum sacramento
1306 1751 2066 1813 poenitentiae, vt volunt alii: nondum tamen a quo
1299 1794 2060 1851 qui sapiente concessum est quod culpa aliter dimitti pos
1305 1842 2069 1898 sit. Alioquin concedere oportebit quod ei cui peccatum
1305 1883 2069 1948 mortale placet, culpa dimittitur: quod non est audien
1306 1928 2063 1982 dum. Quando autem dicitur: est indulgentia a poena
1306 1973 2074 2024 & a culpa. hoc intelligitur, est a poena culpae debita.
1305 2016 2068 2067 similis modus loquendi habetur secundi Machabeo-
1311 2063 2053 2130 rum. xii. Sancta & salubris est cogitatio pro defuncti
1299 2103 2056 2156 exorare, vt a peccatis soluantur. de veniali non loquoi
1314 2148 2059 2204 ⁋ Octaua propositio. contritio est optima indulgentia
1306 2197 2065 2255 & securissima. de bonitate manifestum est, quia tollit
1300 2238 2059 2298 culpam mortalem: & eternitatem poenae in temporariam mu
1302 2291 2054 2343 tat. de securitate simiter, quia de hoc nemo vnquam dubita
1306 2333 2068 2377 uit. ⁋ Nona propositio. Quando varii pontifices relaxant
1308 2375 2071 2423 varias partes poenae / forte geometrice non arithmeti-
1312 2415 2069 2472 ce laxant. verbi gratia. interdum vnus pontifex remittit se
1311 2461 2065 2510 ptimam partem poenae debitae peccatis contribuentis ad
1300 2506 2071 2563 summa pecuniae sancto sepulchro in ciuitate Spirensi
1309 2550 2071 2602 si sex alii pontifices tantum conferrent: dans septem duo-
1305 2602 2069 2649 denos erit absolutus ab omni poena perinde ac conse
1293 2635 2066 2690 quens plenarias indulgentias anni iubilei. Cui ta-
1300 2690 2069 2754 men hoc absonum videbitur, hanc capiat nonam
