2333 3317
222 325 979 381 propositionem quae sequitur. ⁋ Decima propos
226 380 986 428 tio. licet confessus tempore indulgentiarum non tenea-
223 418 983 469 tur suscipere poenitentiam iniunctam: securius ta-
232 466 983 509 men est eam suscipere & adimplere. prior pars pro-
229 506 992 556 batur: quia poenitentia suscipitur pro expiatione
231 551 976 604 poenae peccato debitae: quae per indulgentiam tolli
226 592 989 646 tur. secunda pars patet: quia forte peccator est vel
225 640 979 691 erit debitor poenae ratione illorum peccatorum: ergo
224 678 980 733 melius est in via mediocrem implere poenitentiam
226 720 976 783 quam rigidam & difficilem in purgatorio. & licet si
223 770 992 823 fuerit peccatum mitius punitum: tamen per contritionem
225 814 976 867 punitur: & reliqua pars poenae per indulgentian
223 862 983 915 tollitur: sicut per suffragia. clementia etiam inclinat
226 904 986 955 habentem ad mitigandam poenam iustitiae debi-
229 947 989 1001 tam: nec iustitiae perperam repugnat. sicut nulla vir-
226 991 643 1053 tus alteri praue aduersatur.
405 1041 995 1118 Vbitatur circa insta: quid va
387 1086 983 1162 leat hoc dicere. damus quamdraginta dies
393 1146 991 1207 indulgentiarum vel centum annos. Re-
392 1188 982 1254 spondetur. hoc est dicere. Indulgentii
225 1235 988 1286 tantum tibi proderunt / ac si quadraginta diebus vel
226 1282 989 1340 annis poenitentiam impleres: & tantum de poena
223 1332 983 1389 culpis debita diminuunt, ac si poenitentiam tanto
223 1370 983 1426 temporis curriculo impleres. Sed de qua poeniten
232 1420 983 1471 tia intelligatur, deus nouit: quia sint duo ieiunan
232 1460 988 1514 tes decem dies: vnus forte in pane & aqua ieiunat:
222 1502 992 1559 alter satis splendide semel in die comedit. Facile
225 1547 989 1607 est dicere. verba accipiuntur in potiore significatio
232 1597 998 1645 ne: & latissime in beneficio principis. de verbo. si-
235 1644 982 1691 gni. cap. Olim. sicut multi voluntarie loquuntur
222 1678 985 1741 Ex hoc apparet quod cuiusdam obiectio est nulla
226 1724 989 1773 dicentis quod nihil conducit dicere: damus centies
219 1768 982 1823 mille annos indulgentiarum: quia homo non ita diu
228 1812 989 1862 manet viator: nec ita diu manebit purgatorium.
229 1858 991 1910 Nam licet primum dictum sit verum / & secundum pro
232 1907 995 1954 babile, quamquam id solus deus nouit: tamen hoc non pun-
228 1945 993 2005 git. Vlterius patet, id quod dicitur ( relaxamus de poeni
231 1992 983 2062 tentiis iniunctis) debere intelligi de poenitentiis qui
228 2042 694 2103 rationabiliter possunt iniungi
223 2081 976 2156 ⁋ Secundo dubitatur: an existenti
219 2146 998 2198 bus in purgatorio / papa possit concedere indulgen
228 2190 995 2241 tias. Hostiensis & multi theologi partem negatiuam
232 2228 979 2286 tenent. & primo anno quo doctor eram, hac mate
229 2278 998 2330 ria proposita in facultate nostra: multi grauissimi
223 2330 994 2377 magistrorum nostrorum partem negatiuam tenuerunt.
229 2371 982 2426 Nuper vero dum eramus in confessu pro quibusda
232 2411 995 2469 propositionibus discutiendis: e scriniis facultatis /
224 2455 994 2505 minister publicus seu bedellus nobis attulit propo
219 2500 986 2548 sitiones loannis Angeli. de quo in. xvii. distin. lo
219 2545 989 2598 quutus sum. Quarum vna fuit haec. animae in purga
228 2589 992 2640 torio existentes sunt de iurisdictione papae: & si
228 2635 998 2684 vellet posset totum purgatorium euacuare. super
219 2686 995 2737 qua hoc fuit examen facultatis nostrae. Haec pro-
225 2732 986 2792 positio est in se dubia, & ad mentem asserentis per
1056 311 1819 367 modum iurisdictionis & ordinariae potestatis de
1060 359 1823 421 falsitate suspecta / & scandalosa: & nullatenus po-
1068 401 1822 468 pulo publice praedicanda. Ego quia super senes non
1054 449 1822 503 intellexi: sisto in illa examinatione. Sed dicis. Pius
1062 496 1828 552 secundus, Sixtus quartus, & Innocentius octauus,
1066 537 1823 597 concesserunt visitantibus ecclesiam Sanctonensem,
1071 589 1827 640 quatinus possent liberare animam e purgatorio. &
1072 638 1829 685 Callisius tertius hoc concessit in Hispania ecclesiae
1074 673 1826 725 Tyracinensi. idem legimus de Pascasio quinto. Et
1068 717 1827 779 hoc vndecim pontifices confirmarunt: vt in literis
1063 757 1829 822 authenticis in introitu sacelli ccclesiae sanctae Praxe-
1068 806 1829 867 dis Romae legitur. ldem concessum est visitantibus
1063 851 1820 907 ecclesiam sancti Laurentii extra muros. Respondetur.
1072 890 1835 956 semper in illis concessionibus apponitur (per modum
1059 935 1832 997 suffragii. ⁋ Sed circa hoc: quia indulgentiae in ar
1065 988 1826 1044 ticulo mortis quamplurimae datae sunt ab Eugenio
1068 1046 1832 1090 quarto: Tertio dubitatur: vtrum dentur vere mo-
1064 1071 1820 1132 rientibus an praesumptione morituris. ⁋ Respon-
1066 1129 1826 1175 detur. si non plus habeatur ex forma indulti: nec conce
1069 1164 1834 1218 dens aliter suam intentionem exprimat: intelligendum est
1062 1206 1838 1264 de mortis articulo praesumpto & non vero. sicut ex
1072 1246 1829 1312 trema vnctio quae est sacramentum exeuntium, debet
1069 1293 1823 1349 ministrari his qui secundum communem existimationem
1071 1335 1835 1396 hominum putantur morituri: & tamen si euandant, iterum
1081 1381 1835 1445 postea inunguntur, nihilo tamen minus extrema dicitur:
1074 1424 1838 1490 quia ab hominibus existimabatur fore extrema. Se-
1072 1471 1835 1529 cus esset si in forma diceretur quod talis effectum indul-
1074 1517 1831 1579 gentiarum consequatur etiam si moriatur. ⁋ Dubitatur vl-
1075 1554 1842 1620 timo quae sit indulgentia plenaria. Respondetur. licet
1065 1617 1831 1667 plenum prima fronte non videatur recipere comparatio-
1066 1645 1838 1705 nem: cu eius proprietas non valeat augeri vel minui:
1065 1695 1838 1750 tamen scriptura & loquendi vsus aliter vtitur voca-
1063 1748 1837 1796 bulo. nam vas ferme plenum, vulgus plenum plerumque
1066 1784 1832 1844 vocat. Et Stephanus erat plenus gratia & fortitu
1077 1830 1844 1886 dine: plenitudine sufficientiae. Actuum. vii. sed Christi
1068 1877 1841 1932 fera virgo erat gratia plena: quae gratiam diui Stepha-
1066 1930 1838 1974 ni longe exuperabat: plenitudine eminentiae. ca-
1069 1957 1838 2022 pacitas tamen passiua animae in neutro erat totali
1075 2011 1841 2065 ter plena. Anima vero Christi est gratia plena ple
1072 2054 1834 2110 nitudine infinitatis ( vt opinor) hoc est, gra eius est
1071 2108 1844 2154 infinite intensa. Plena potest vocari dimissio pec-
1066 2140 1838 2197 catorum confessorum. & sic siquis decederet, plenam
1065 2180 1836 2238 indulgentiam habens pro venialibus & mortalibus
1078 2234 1831 2283 nondum confessis: in purgatorio plene punietur.
1077 2276 1834 2332 Plenior dimissio est totius poenae debite omnibus mor
1072 2324 1838 2374 talibus tam confessis quam non confessis. Plenissima vero
1064 2361 1840 2423 est omnis poenae siue mortalis, siue venialis, tam
1071 2407 1552 2477 confessi quam non confessi remissio
1097 2453 1841 2548 ⁋ Summatim colligam ea quae de in-
1084 2541 1835 2585 dulgentiis occurrunt dicenda. In primis tantum va-
1081 2585 1847 2636 lent quantum sonant claue non errante. hoc autem includit
1080 2622 1844 2684 rationabilem causam. nam si romanus pontifex velit
1081 2676 1844 2728 ad nutum dare cuilibet danti turonum pro reparatione
1077 2711 1837 2780 templi, plenissimam remissionem peccatorum: deus non
