2341 3322
448 332 1207 388 les aliorum literas secretas aperiendo: & quiuis aliii
447 380 1210 429 nisi habeant consensum interpretatiuum eorum ad
457 428 1213 480 quos spectant. ⁋ Quarto sequitur quod nemo de-
450 471 1201 526 bet peccatum suum secretum extra confessionem
453 517 1204 574 propalare. probatur: quia nomo debet peccatum
449 553 1202 616 proximi secretum reserare: ergo nec suum ipsius.
462 598 1215 653 enet consequentia: quia dato opposito cosequen
460 646 1201 701 tis cum antecedente: sequitur haec absurditas: quod
450 686 1207 738 aliquis plus tenetur diligere proximum quam seipsum.
454 733 1210 785 quod est falsum. nam dicitur. ix. Ethicorum. Amica-
460 786 1202 831 bilia ad alterum, referuntur ad amicabilia in ordine
450 819 1218 875 ad nos. & dilectio suiipsius est mensura dilectio-
451 865 1213 916 nis proximi. Hinc praecipit Saluator noster dicens
463 910 1202 965 Diliges proximum tuum sicut teipsum. In super pec-
448 956 1211 1009 cat qui bona sua propria dissipat: vtpote proii-
450 1008 1202 1055 ciens triticum in aquam: vel domum propriam
457 1056 1208 1092 comburens sine necessitate & vtilitate, non lice-
446 1082 1208 1140 bit ergo famam quae haec bona exuperat, contemne
457 1137 672 1193 re & eneruare.
453 1192 1201 1275 ⁋ Contra hanc conclusionem argui-
462 1252 1205 1310 tur sic. scio in secreto Sortem vrbem hostibus tra-
456 1302 1201 1355 diturum, vel pestiferam haeresim sparsurum in vu
459 1346 1213 1404 gus. sed si no liceat peccatum occultum istius in secre
465 1395 1216 1444 to acceptum prodere: vrbs tradetur hostibus: &
469 1435 1217 1487 multi innocentes occidentur. contra id quod Prouerb.
456 1482 1213 1529 xxiiii. scribitur. Erue eos qui ducuntur ad mortem:
459 1528 1217 1577 & qui trahuntur ad interitum liberare ne cesses. ca-
456 1567 1211 1622 stae mulieres stuprabuntur: & multa alia flagitia per
460 1613 1204 1669 petrabuntur. magis autem obligor istis periculis oc
456 1661 1214 1707 currere, quam non reserare secretum istius mali viri.
448 1702 1214 1747 igitur. ⁋ Respondetur. argumentum sufficienter pro-
456 1749 1223 1799 bat, seruare secretum non esse de iure naturae in omnem
450 1792 1217 1845 euentum. immo nullo modo est praeceptum quan
450 1838 1217 1885 do fortius vinculum superuenit ad oppositum obli-
456 1884 1207 1931 gatorium. vt in proposito. & habetur. xxii. qui. v. ca-
456 1922 1216 1970 Hoc videtur. si tamen possim persuadere ei vt de-
469 1965 1217 2024 sistat a proposito suo concepto: teneor eius peccatum
462 2012 1220 2061 secretum seruare: nam sic aliis sufficienter succur-
463 2057 1211 2110 ro: immo sic vtrumque praeceptum seruo. sed vbi non
469 2100 1213 2156 possum: superiorem adibo, & istum sceleratum non
456 2145 1216 2197 minatim manifestabo: etiam si iuteiurando affir
457 2191 1213 2240 massem ei seruare omnia quae mihi dixerit secre-
462 2234 1216 2282 ta: & postea mihi mentem suam de concepto scelere
465 2279 1219 2328 aperuisset: quia intelligitur iuramentum meum: nisi
456 2325 1205 2373 fortiori vinculo obliger ad manifestandum. sed si
452 2364 1219 2417 iurarem ei post sceleris manifestationem me illud
468 2411 1220 2465 nemini proditurum: incaute iurarem: & per conse-
462 2458 1223 2511 quens non obligater illud iuramentum seruare. Ex
465 2498 1223 2553 quo patet per locum ab oppositis, quod si religiosus
471 2541 1225 2600 sciat peccatum occultum fratris sui quod nec tendit
472 2585 1214 2634 n damnum corporale nec spirituale aliorum: non
466 2633 1224 2686 debet illud abbati etiam praecipienti sub poena ex
456 2675 1228 2729 communicationis detegere. ⁋ Secundo arguitur. si
462 2722 1220 2785 sim interrogatus super occulto peccato Sortis
1282 312 2063 386 quod solus scio, a iudice: & iurem dicere veritatem:
1281 375 2063 429 teneor tunc propalare peccatum occultum Sortis.
1284 420 2057 464 luxta illud quod scribitur Leuitici. v. Si peccauerit
1274 462 2056 513 anima, & audierit vocem iurantis, testisque fuerit
1287 504 2060 566 quod ipse vidit, aut conscius est, nisi indicauerit por-
1274 548 2063 604 tabit iniquitatem suam. vbi Nicolaus Lyranus di-
1282 607 2057 645 cit. in Hebraeo habetur. Si audierit vocem iurati:
1285 652 2057 697 qua scilicet adiuratur dicere veritatem. ⁋ Respon-
1279 683 2063 735 detur sicut dicit Nicolaus: illic est sermo de iudi-
1279 731 2057 779 cio exteriori: & per consequens peccatum non est
1290 772 2047 821 penitus occultum. si enim sit peccatum penitus oc
1279 818 2057 870 cultum, quod ego sciam solus: dicam iudici quod transcen-
1272 861 2054 913 dit rationis limites talia quaerendo. & licet dicam me
1288 906 2057 959 nihil super hoc scire: intelligens in mente ad ei si
1278 954 2041 1007 gnificandum: non pecco nec mentior: nec proprit
1288 991 2042 1045 fallo. quod non mentiar patet sic: solus ille mentitur
1291 1039 2042 1095 qui vnum ore vel scripto enunciat: aliud habens in
1290 1084 2042 1131 mente. & vt vulgo dicitur, mentiri est contra mem
1279 1130 2042 1176 tem ire. qualiter tamen hoc sit verum, alibi tangitur.
1285 1168 2056 1223 sed ille assentitur sicut profert cum expressione
1294 1212 2066 1273 quam addit in mente. Et eodem modo potest respon-
1287 1264 2069 1308 dere religiosus patri abbati quaerenti in casu corol-
1282 1305 2047 1362 larii in fine argumenti praecedentis illati. Quia non
1281 1350 2056 1406 fallat proprie, patet: quia fallere vt in primo dixi
1278 1393 2057 1445 mus, deformitatem importat: & propterea dicens
1284 1438 2056 1492 quod licite dicere potest non fallit. quo modo Iacob
1293 1482 2057 1537 non fefellit: sed pater seipsum fefellit. ⁋ Tertio
1284 1528 2056 1574 arguitur. vulgariter fertur excommunicatio in omnes.
1293 1571 2063 1627 qui sciunt impedimentum affinitatis vel consan
1290 1618 2060 1673 guinitatis inter matrimonio coniungendos: vt in
1288 1661 2057 1715 ecclesia audis. sed interdum non potest impedimen
1294 1702 2057 1752 tum ostendi nisi detegatur peccatum occultum for-
1291 1751 2057 1797 nicationis sponsi vel sponse: ergo in illo casu te-
1285 1794 2057 1853 neor peccatum occultum sponsi vel sponsae prodere-
1299 1839 2056 1888 ⁋ Respondetur. si sciam tale impedimetum, de
1299 1884 2057 1932 beo secrete adire illum qui peccatum commisit: & di-
1294 1935 2063 1982 cere ei seorsum aliis insciis peccatum illud gratia
1287 1970 2059 2018 cuius inter eum & Bertam non potest esse matrimo-
1290 2012 2063 2060 nium ob affinitatem talem vel talem. si Berta crimen
1303 2057 2063 2108 commisit: id idem ei in secreto aperiam. forte enim ipsa
1294 2106 2063 2149 credit quod hoc matrimonio ante dispensationem
1291 2146 2060 2198 non repugnat. quod si a matrimonio desistere nolu
1296 2191 2057 2240 erit: crimen occultum dicam superiori vel illi qui po-
1287 2232 2066 2286 test matrimonium contrahendum impedire. & hoc si
1309 2285 2056 2328 probare possim: alioquin quiescam. hoc autem fit ne
1293 2326 2060 2373 continuo maneant in peccato. quare rationabilem
1294 2368 2075 2417 causam habeo occultu peccatum stantibus his cir-
1306 2410 2068 2464 runstantiis detegendi: vt alia peccata impediam.
1306 2455 2063 2511 ⁋ Quarto arguitur. mulier tenebatur peccatum
1299 2494 2068 2559 occultum xelotypiae reserare: vt praecipitur Numeri. v.
1302 2540 2072 2602 Nam cum mulier suspecta erat de adulterio, quod non
1305 2588 2072 2636 poterat aliunde in foro exteriore probari: maritus
1303 2631 2066 2682 eam ad sacerdotem adduxit: offerens pro illa deci-
1299 2678 2077 2722 mam partem sati farinae hordeaceae: nec imponi de-
1302 2718 2075 2797 buit thus neque oleum: quia sacrificium xelotypiae aest
