<?xml version="1.0" encoding="UTF-8" standalone="yes"?>
<PcGts xmlns="http://schema.primaresearch.org/PAGE/gts/pagecontent/2013-07-15" xmlns:xsi="http://www.w3.org/2001/XMLSchema-instance" xsi:schemaLocation="http://schema.primaresearch.org/PAGE/gts/pagecontent/2013-07-15 http://schema.primaresearch.org/PAGE/gts/pagecontent/2013-07-15/pagecontent.xsd">
    <Metadata>
        <Creator>prov=University of Rostock/Institute of Mathematics/CITlab|PLANET AI GmbH/Gundram Leifert/gundram.leifert@planet-ai.de:name=cod-Bda113-model2(htr_id=24733)::::v=2.6.6
prov=University of Rostock/Institute of Mathematics/CITlab|PLANET AI GmbH/Tobias Gruening/tobias.gruening@planet-ai.de:name=de.uros.citlab.module.baseline2polygon.B2PSeamMultiOriented:v=2.6.6
prov=University of Rostock/Institute of Mathematics/CITlab|PLANET AI GmbH/Tobias Gruening/tobias.gruening@planet-ai.de:name=/net_tf/LA73_249_0mod360.pb:de.uros.citlab.segmentation.CITlab_LA_ML:v=2.6.6
Transkribus</Creator>
        <Created>2020-04-17T22:23:42.625+02:00</Created>
        <LastChange>2020-06-19T05:59:53.618+02:00</LastChange>
        <TranskribusMetadata docId="371227" pageId="14532673" pageNr="437" tsid="32171613" status="IN_PROGRESS" userId="25065" imgUrl="https://files.transkribus.eu/Get?id=QVKDEHIRWOLYXIOGOGZDHHZO&amp;fileType=view" xmlUrl="https://files.transkribus.eu/Get?id=FZDKKDDRDVHLURYNZODPDYLL" imageId="10489050"/>
    </Metadata>
    <Page imageFilename="0437.jpg" imageWidth="2366" imageHeight="3321">
        <ReadingOrder>
            <OrderedGroup id="ro_1592575807288" caption="Regions reading order">
                <RegionRefIndexed index="0" regionRef="TextRegion_1591902070164_25"/>
                <RegionRefIndexed index="1" regionRef="TextRegion_1591902070164_24"/>
            </OrderedGroup>
        </ReadingOrder>
        <TextRegion orientation="0.0" id="TextRegion_1591902070164_25" custom="readingOrder {index:0;}">
            <Coords points="311,255 1117,255 1117,2817 311,2817"/>
            <TextLine id="r1l3" custom="readingOrder {index:0;}">
                <Coords points="327,386 1050,390 1084,378 1084,333 710,343 433,318 327,340"/>
                <Baseline points="332,368 369,366 406,366 444,366 481,366 518,366 556,366 593,366 630,366 668,366 705,366 742,366 780,366 817,366 854,366 892,367 929,368 966,368 1004,366 1041,366 1079,366"/>
                <TextEquiv>
                    <Unicode>quare licentiando iuri suo quis renunciare possit quo</Unicode>
                </TextEquiv>
            </TextLine>
            <TextLine id="r1l5" custom="readingOrder {index:1;}">
                <Coords points="330,422 1035,426 1094,420 1094,383 330,389"/>
                <Baseline points="335,413 372,413 410,411 448,411 485,411 523,411 561,411 598,411 636,411 674,411 712,411 749,411 787,411 825,411 862,411 900,411 938,411 975,411 1013,411 1051,411 1089,413"/>
                <TextEquiv>
                    <Unicode>ad sigillum secreti: quin idem sit de sigillo confessionis.</Unicode>
                </TextEquiv>
            </TextLine>
            <TextLine id="r1l7" custom="readingOrder {index:2;}">
                <Coords points="333,475 1097,466 1097,425 1022,420 333,421"/>
                <Baseline points="338,456 375,456 413,456 451,456 488,455 526,455 564,455 601,455 639,455 677,455 715,455 752,455 790,455 828,455 865,456 903,456 941,456 978,456 1016,456 1054,456 1092,456"/>
                <TextEquiv>
                    <Unicode>Falsum est enim primum dictum eius: quod celatio secre-</Unicode>
                </TextEquiv>
            </TextLine>
            <TextLine id="r1l9" custom="readingOrder {index:3;}">
                <Coords points="316,510 1085,510 1085,476 1030,465 316,469"/>
                <Baseline points="321,500 360,500 400,498 440,498 480,498 520,498 560,500 600,500 640,500 680,500 720,501 760,501 800,501 840,501 880,501 920,501 960,501 1000,501 1040,500 1080,500"/>
                <TextEquiv>
                    <Unicode>ti in confessione est primo &amp; per se in fauorem priuaro</Unicode>
                </TextEquiv>
            </TextLine>
            <TextLine id="r1l11" custom="readingOrder {index:4;}">
                <Coords points="324,555 1087,552 1087,515 1055,509 324,511"/>
                <Baseline points="329,543 366,543 404,543 441,543 479,545 517,545 554,545 592,545 630,545 667,545 705,545 743,545 780,545 818,545 856,545 893,545 931,545 969,546 1006,546 1044,546 1082,546"/>
                <TextEquiv>
                    <Unicode>rum: immo est primo &amp; per se in fauorem totius reipub.</Unicode>
                </TextEquiv>
            </TextLine>
            <TextLine id="r1l13" custom="readingOrder {index:5;}">
                <Coords points="322,598 1085,597 1085,564 1044,556 322,556"/>
                <Baseline points="327,590 364,588 402,588 439,588 477,588 515,588 552,588 590,588 628,588 665,589 703,590 741,590 778,590 816,590 854,590 891,590 929,590 967,590 1004,590 1042,590 1080,590"/>
                <TextEquiv>
                    <Unicode>seu conitatis. In super illud est de iure naturae / diuino</Unicode>
                </TextEquiv>
            </TextLine>
            <TextLine id="r1l15" custom="readingOrder {index:6;}">
                <Coords points="327,644 1081,644 1081,599 327,598"/>
                <Baseline points="332,632 369,632 406,632 443,633 480,633 518,633 555,633 592,633 629,633 666,633 704,633 741,633 778,633 815,633 852,633 890,633 927,633 964,633 1001,633 1038,632 1076,632"/>
                <TextEquiv>
                    <Unicode>&amp; humano. quod non putatur a multis eruditis viris</Unicode>
                </TextEquiv>
            </TextLine>
            <TextLine id="r1l17" custom="readingOrder {index:7;}">
                <Coords points="325,690 1085,688 1085,652 1058,643 325,644"/>
                <Baseline points="330,677 367,677 405,677 442,677 480,677 517,677 555,677 592,677 630,677 667,677 705,677 742,678 780,678 817,678 855,678 892,678 930,678 967,677 1005,677 1042,677 1080,677"/>
                <TextEquiv>
                    <Unicode>de iudicio clericorum: vt in vna solutione dominus Duns</Unicode>
                </TextEquiv>
            </TextLine>
            <TextLine id="r1l19" custom="readingOrder {index:8;}">
                <Coords points="328,732 1032,741 1082,732 1082,687 328,693"/>
                <Baseline points="333,722 370,722 407,722 444,722 481,722 519,722 556,722 593,722 630,722 667,722 705,722 742,722 779,722 816,722 853,722 891,722 928,722 965,722 1002,722 1039,722 1077,722"/>
                <TextEquiv>
                    <Unicode>enet in. xiii. dist. iiii. &amp; Ocltam in dialogo. sed de</Unicode>
                </TextEquiv>
            </TextLine>
            <TextLine id="r1l21" custom="readingOrder {index:9;}">
                <Coords points="325,776 997,770 1024,790 1091,778 1092,740 326,736"/>
                <Baseline points="330,767 367,767 405,767 443,765 481,765 519,765 556,765 594,765 632,767 670,767 708,767 745,767 783,767 821,767 859,767 897,767 934,767 972,767 1010,767 1048,767 1086,767"/>
                <TextEquiv>
                    <Unicode>hoc alias. Secundum etiam motiuum eius minus appa</Unicode>
                </TextEquiv>
            </TextLine>
            <TextLine id="r1l23" custom="readingOrder {index:10;}">
                <Coords points="327,822 1084,827 1084,775 327,775"/>
                <Baseline points="332,812 369,810 406,810 444,809 481,809 518,809 556,809 593,809 630,809 668,809 705,809 742,809 780,810 817,810 854,810 892,811 929,812 966,812 1004,812 1041,812 1079,812"/>
                <TextEquiv>
                    <Unicode>tens est. nam consequentia nihil valet: strictius enim obli</Unicode>
                </TextEquiv>
            </TextLine>
            <TextLine id="r1l25" custom="readingOrder {index:11;}">
                <Coords points="318,871 1078,863 1078,828 1026,817 318,823"/>
                <Baseline points="323,857 360,856 398,855 435,855 473,855 510,855 548,854 585,854 623,854 660,854 698,854 735,854 773,854 810,855 848,855 885,855 923,855 960,855 998,855 1035,855 1073,855"/>
                <TextEquiv>
                    <Unicode>gat sigillum confessionis quam sigillum secreti nudum: vt</Unicode>
                </TextEquiv>
            </TextLine>
            <TextLine id="r1l27" custom="readingOrder {index:12;}">
                <Coords points="321,917 1066,909 1075,863 321,870"/>
                <Baseline points="326,899 363,899 400,899 437,899 474,899 512,899 549,899 586,899 623,899 660,899 698,899 735,899 772,899 809,900 846,900 884,900 921,900 958,900 995,900 1032,899 1070,899"/>
                <TextEquiv>
                    <Unicode>ipse bene concedit. Secundo nego antecedens. nam si</Unicode>
                </TextEquiv>
            </TextLine>
            <TextLine id="r1l29" custom="readingOrder {index:13;}">
                <Coords points="318,951 1050,957 1076,954 1076,908 318,915"/>
                <Baseline points="323,942 360,942 397,942 435,942 472,942 510,942 547,944 584,944 622,944 659,944 697,944 734,944 771,944 809,944 846,944 884,944 921,944 958,944 996,944 1033,944 1071,942"/>
                <TextEquiv>
                    <Unicode>dixi in secreto Sorti peccatum ncum extra confessio</Unicode>
                </TextEquiv>
            </TextLine>
            <TextLine id="r1l31" custom="readingOrder {index:14;}">
                <Coords points="319,1001 1085,997 1085,964 1056,955 319,962"/>
                <Baseline points="324,989 361,989 399,987 437,987 475,987 513,987 550,987 588,987 626,987 664,987 702,987 739,987 777,987 815,987 853,987 891,987 928,987 966,987 1004,987 1042,988 1080,989"/>
                <TextEquiv>
                    <Unicode>nem famae meae denigratiuum: &amp; tyrannus cogat me</Unicode>
                </TextEquiv>
            </TextLine>
            <TextLine id="r1l33" custom="readingOrder {index:15;}">
                <Coords points="318,1043 1079,1047 1079,1008 1055,1001 318,1001"/>
                <Baseline points="323,1032 360,1032 398,1031 435,1031 473,1031 510,1031 548,1031 585,1031 623,1032 660,1032 698,1032 736,1032 773,1032 811,1032 848,1032 886,1032 923,1032 961,1032 998,1034 1036,1034 1074,1034"/>
                <TextEquiv>
                    <Unicode>dare ei facultatem reserandi: vel si egoipse mea</Unicode>
                </TextEquiv>
            </TextLine>
            <TextLine id="r1l35" custom="readingOrder {index:16;}">
                <Coords points="312,1087 1073,1092 1073,1046 988,1040 312,1048"/>
                <Baseline points="317,1077 354,1077 392,1077 429,1077 467,1076 504,1076 542,1076 579,1076 617,1076 654,1076 692,1076 730,1076 767,1076 805,1076 842,1077 880,1077 917,1077 955,1077 992,1077 1030,1077 1068,1077"/>
                <TextEquiv>
                    <Unicode>sponte eum ad hoc rogem: dicere non debet: sed me per</Unicode>
                </TextEquiv>
            </TextLine>
            <TextLine id="r1l37" custom="readingOrder {index:17;}">
                <Coords points="324,1135 1000,1143 1085,1130 1085,1089 324,1095"/>
                <Baseline points="329,1122 366,1121 404,1121 441,1121 479,1121 516,1121 554,1119 591,1119 629,1119 666,1119 704,1121 742,1121 779,1121 817,1121 854,1121 892,1121 929,1121 967,1121 1004,1121 1042,1121 1080,1121"/>
                <TextEquiv>
                    <Unicode>mittet dicere si velim. Sed dicis. tyrannus potest</Unicode>
                </TextEquiv>
            </TextLine>
            <TextLine id="r1l39" custom="readingOrder {index:18;}">
                <Coords points="315,1176 1084,1181 1084,1140 1046,1134 315,1132"/>
                <Baseline points="320,1166 359,1166 399,1166 439,1166 479,1166 519,1164 559,1164 599,1164 639,1164 679,1164 719,1164 759,1164 799,1166 839,1166 879,1166 919,1166 959,1166 999,1166 1039,1166 1079,1166"/>
                <TextEquiv>
                    <Unicode>cogere confitentem dicere sacerdoti peccatum ex tra</Unicode>
                </TextEquiv>
            </TextLine>
            <TextLine id="r1l41" custom="readingOrder {index:19;}">
                <Coords points="316,1224 1091,1214 1061,1175 316,1178"/>
                <Baseline points="321,1212 359,1211 397,1209 435,1209 474,1209 512,1208 550,1208 588,1208 627,1208 665,1208 703,1209 741,1209 780,1209 818,1209 856,1209 894,1209 933,1209 971,1209 1009,1209 1047,1209 1086,1209"/>
                <TextEquiv>
                    <Unicode>confessionem quod audiuit in confessione. hoc nego. </Unicode>
                </TextEquiv>
            </TextLine>
            <TextLine id="r1l43" custom="readingOrder {index:20;}">
                <Coords points="315,1269 1068,1269 1081,1225 315,1232"/>
                <Baseline points="320,1256 357,1256 395,1254 433,1254 471,1253 509,1253 546,1253 584,1253 622,1253 660,1253 698,1253 735,1253 773,1253 811,1254 849,1254 887,1254 924,1254 962,1254 1000,1254 1038,1253 1076,1253"/>
                <TextEquiv>
                    <Unicode>cum enim poenitens non fateatur suum peccatum occul-</Unicode>
                </TextEquiv>
            </TextLine>
            <TextLine id="r1l45" custom="readingOrder {index:21;}">
                <Coords points="328,1308 1079,1307 1079,1272 1050,1263 328,1272"/>
                <Baseline points="333,1298 370,1298 407,1298 444,1298 481,1298 518,1298 555,1298 592,1298 629,1298 666,1298 703,1298 740,1298 777,1298 814,1298 851,1298 888,1298 925,1298 962,1298 999,1298 1036,1298 1074,1298"/>
                <TextEquiv>
                    <Unicode>um coram tyranno: indicium est etiam quod non propala-</Unicode>
                </TextEquiv>
            </TextLine>
            <TextLine id="r1l47" custom="readingOrder {index:22;}">
                <Coords points="325,1352 1085,1350 1085,1316 1052,1309 325,1312"/>
                <Baseline points="330,1344 367,1343 405,1343 442,1343 480,1341 517,1341 555,1341 592,1341 630,1342 667,1343 705,1343 742,1343 780,1343 817,1343 855,1343 892,1343 930,1343 967,1343 1005,1343 1042,1343 1080,1341"/>
                <TextEquiv>
                    <Unicode>bit ipsum sacerdoti extra confessione. Et licet sacer-</Unicode>
                </TextEquiv>
            </TextLine>
            <TextLine id="r1l49" custom="readingOrder {index:23;}">
                <Coords points="315,1403 1057,1408 1075,1353 315,1358"/>
                <Baseline points="320,1388 357,1386 395,1385 432,1385 470,1383 507,1383 545,1383 582,1385 620,1385 657,1385 695,1386 732,1386 770,1386 807,1388 845,1388 882,1388 920,1388 957,1388 995,1388 1032,1388 1070,1388"/>
                <TextEquiv>
                    <Unicode>dos reuelans confassionem vltra graue peccatum quod</Unicode>
                </TextEquiv>
            </TextLine>
            <TextLine id="r1l51" custom="readingOrder {index:24;}">
                <Coords points="320,1444 1050,1448 1087,1445 1088,1410 321,1401"/>
                <Baseline points="326,1431 363,1430 401,1430 439,1430 477,1430 515,1430 553,1430 590,1430 628,1430 666,1430 704,1430 742,1430 780,1431 818,1431 855,1431 893,1431 931,1431 969,1431 1007,1431 1045,1431 1083,1431"/>
                <TextEquiv>
                    <Unicode>committit: debeat puniri secundum poenam statutam in cap.</Unicode>
                </TextEquiv>
            </TextLine>
            <TextLine id="r1l53" custom="readingOrder {index:25;}">
                <Coords points="318,1492 1085,1483 1067,1439 318,1444"/>
                <Baseline points="323,1478 360,1476 398,1475 436,1474 474,1473 512,1473 550,1473 587,1473 625,1473 663,1473 701,1473 739,1474 777,1475 815,1475 852,1475 890,1476 928,1476 966,1476 1004,1476 1042,1476 1080,1476"/>
                <TextEquiv>
                    <Unicode>Omnis. tamen si aliquis laicus tale peccatum a sa</Unicode>
                </TextEquiv>
            </TextLine>
            <TextLine id="r1l55" custom="readingOrder {index:26;}">
                <Coords points="318,1531 1076,1532 1076,1496 1013,1480 318,1492"/>
                <Baseline points="323,1518 360,1518 397,1518 435,1518 472,1518 510,1520 547,1520 584,1518 622,1518 659,1518 697,1518 734,1518 771,1518 809,1518 846,1518 884,1518 921,1519 958,1520 996,1520 1033,1520 1071,1520"/>
                <TextEquiv>
                    <Unicode>cerdote audiat, vel in confessione inopinate vel ex</Unicode>
                </TextEquiv>
            </TextLine>
            <TextLine id="r1l57" custom="readingOrder {index:27;}">
                <Coords points="318,1573 1085,1583 1085,1533 1029,1527 318,1531"/>
                <Baseline points="323,1563 360,1563 398,1563 436,1563 474,1563 512,1563 550,1563 587,1563 625,1563 663,1563 701,1563 739,1563 777,1563 815,1564 852,1565 890,1563 928,1563 966,1563 1004,1563 1042,1562 1080,1562"/>
                <TextEquiv>
                    <Unicode>industria, vel aliter, non est hac poena puniendus:</Unicode>
                </TextEquiv>
            </TextLine>
            <TextLine id="r1l59" custom="readingOrder {index:28;}">
                <Coords points="324,1617 1079,1619 1060,1575 324,1573"/>
                <Baseline points="329,1608 366,1608 403,1608 440,1607 478,1607 515,1607 552,1607 589,1607 627,1607 664,1608 701,1608 738,1608 776,1608 813,1608 850,1608 887,1608 925,1608 962,1608 999,1608 1036,1608 1074,1608"/>
                <TextEquiv>
                    <Unicode>sed tenetur seruare secretum sub poena maximi pec</Unicode>
                </TextEquiv>
            </TextLine>
            <TextLine id="r1l61" custom="readingOrder {index:29;}">
                <Coords points="312,1661 1042,1672 1082,1661 1082,1624 312,1629"/>
                <Baseline points="317,1652 355,1652 393,1652 431,1652 469,1652 507,1652 545,1652 583,1652 621,1652 659,1652 697,1652 735,1652 773,1652 811,1652 849,1653 887,1653 925,1653 963,1653 1001,1653 1039,1653 1077,1653"/>
                <TextEquiv>
                    <Unicode>cati mortalis. &amp; si Sortes illud peccatum dicat Pla</Unicode>
                </TextEquiv>
            </TextLine>
            <TextLine id="r1l63" custom="readingOrder {index:30;}">
                <Coords points="325,1707 1082,1714 1082,1662 325,1672"/>
                <Baseline points="330,1697 367,1695 404,1695 442,1695 479,1695 516,1695 554,1695 591,1695 628,1695 666,1695 703,1695 740,1695 778,1695 815,1695 852,1695 890,1697 927,1697 964,1697 1002,1697 1039,1697 1077,1697"/>
                <TextEquiv>
                    <Unicode>toni, &amp; Plato Ciceroni, &amp; Cicero loanni, &amp; sic mil</Unicode>
                </TextEquiv>
            </TextLine>
            <TextLine id="r1l65" custom="readingOrder {index:31;}">
                <Coords points="321,1751 1084,1750 1084,1714 1019,1705 321,1705"/>
                <Baseline points="326,1742 363,1742 401,1740 438,1740 476,1740 514,1739 551,1739 589,1739 627,1739 664,1739 702,1740 740,1740 777,1740 815,1740 853,1740 890,1740 928,1740 966,1740 1003,1740 1041,1740 1079,1740"/>
                <TextEquiv>
                    <Unicode>le aliis: quilibet tenetur illud seruare secretum: licet</Unicode>
                </TextEquiv>
            </TextLine>
            <TextLine id="r1l67" custom="readingOrder {index:32;}">
                <Coords points="315,1802 1072,1802 1073,1753 316,1757"/>
                <Baseline points="321,1784 358,1784 395,1784 433,1784 470,1784 507,1784 545,1784 582,1784 619,1784 657,1784 694,1785 731,1785 769,1785 806,1785 843,1785 881,1785 918,1785 955,1784 993,1784 1030,1784 1068,1784"/>
                <TextEquiv>
                    <Unicode>non possint poena ca. Omnis, puniri: sed aliqua alia</Unicode>
                </TextEquiv>
            </TextLine>
            <TextLine id="r1l69" custom="readingOrder {index:33;}">
                <Coords points="324,1838 1078,1840 1078,1804 1018,1795 324,1800"/>
                <Baseline points="329,1829 366,1829 403,1829 440,1827 477,1827 515,1827 552,1827 589,1827 626,1827 663,1827 701,1827 738,1827 775,1827 812,1828 849,1829 887,1829 924,1829 961,1829 998,1829 1035,1829 1073,1829"/>
                <TextEquiv>
                    <Unicode>arbitraria secundum discretionem eorum ad quos pertinet:</Unicode>
                </TextEquiv>
            </TextLine>
            <TextLine id="r1l71" custom="readingOrder {index:34;}">
                <Coords points="325,1883 1084,1881 1084,1848 1022,1837 905,1854 325,1837"/>
                <Baseline points="330,1875 367,1875 404,1874 442,1874 479,1874 517,1874 554,1874 592,1874 629,1874 667,1874 704,1875 741,1875 779,1875 816,1875 854,1875 891,1875 929,1875 966,1875 1004,1875 1041,1874 1079,1874"/>
                <TextEquiv>
                    <Unicode>&amp; debet esse multum grauis vt caeteris ad multos</Unicode>
                </TextEquiv>
            </TextLine>
            <TextLine id="r1l73" custom="readingOrder {index:35;}">
                <Coords points="324,1931 441,1939 573,1926 640,1946 668,1928 727,1928 727,1893 693,1886 531,1896 492,1884 412,1894 324,1884"/>
                <Baseline points="329,1920 355,1920 381,1919 407,1919 433,1919 460,1919 486,1919 512,1919 538,1919 564,1919 591,1919 617,1919 643,1919 669,1919 695,1919 722,1920"/>
                <TextEquiv>
                    <Unicode>dies cedat in exemplum.</Unicode>
                </TextEquiv>
            </TextLine>
            <TextLine id="r1l76" custom="readingOrder {index:36;}">
                <Coords points="313,2017 549,2003 596,2025 780,2025 872,2005 981,2025 1079,1997 1079,1947 838,1970 670,1929 483,1971 312,1936"/>
                <Baseline points="317,2003 354,2001 392,2000 430,2000 468,1999 506,1998 544,1998 581,1998 619,1998 657,1998 695,1998 733,1998 771,1998 809,1998 846,1998 884,1998 922,1998 960,1998 998,1997 1036,1997 1074,1995"/>
                <TextEquiv>
                    <Unicode>⁋ Quarto arguitur. ponatur quod ali-</Unicode>
                </TextEquiv>
            </TextLine>
            <TextLine id="r1l78" custom="readingOrder {index:37;}">
                <Coords points="334,2067 1082,2057 1082,2023 945,2009 334,2017"/>
                <Baseline points="339,2048 375,2046 412,2046 449,2046 486,2046 523,2046 560,2048 597,2048 634,2048 671,2048 708,2048 744,2048 781,2048 818,2048 855,2049 892,2049 929,2049 966,2049 1003,2049 1040,2048 1077,2048"/>
                <TextEquiv>
                    <Unicode>iuis dicat se facturum multa mala: illud licet reue-</Unicode>
                </TextEquiv>
            </TextLine>
            <TextLine id="r1l80" custom="readingOrder {index:38;}">
                <Coords points="313,2097 1076,2100 1076,2054 313,2054"/>
                <Baseline points="318,2091 355,2093 393,2093 430,2093 468,2093 506,2093 543,2093 581,2093 619,2093 656,2093 694,2093 732,2093 769,2093 807,2093 845,2093 882,2093 920,2093 958,2091 995,2091 1033,2091 1071,2091"/>
                <TextEquiv>
                    <Unicode>lare, quia non est dictum in foro poenitentiali. Simili-</Unicode>
                </TextEquiv>
            </TextLine>
            <TextLine id="r1l82" custom="readingOrder {index:39;}">
                <Coords points="313,2144 1079,2144 1079,2109 1048,2099 313,2108"/>
                <Baseline points="318,2135 355,2135 393,2136 431,2136 469,2136 507,2136 544,2138 582,2138 620,2138 658,2138 696,2138 733,2138 771,2138 809,2138 847,2138 885,2138 922,2138 960,2138 998,2138 1036,2138 1074,2138"/>
                <TextEquiv>
                    <Unicode>ter si quis dicat se haereticum: &amp; quod alios intendat</Unicode>
                </TextEquiv>
            </TextLine>
            <TextLine id="r1l84" custom="readingOrder {index:40;}">
                <Coords points="305,2196 1076,2198 1085,2145 306,2144"/>
                <Baseline points="311,2180 349,2178 387,2178 426,2178 464,2178 503,2178 541,2179 580,2180 618,2180 657,2180 695,2181 733,2181 772,2181 810,2183 849,2183 887,2183 926,2183 964,2183 1003,2183 1041,2183 1080,2183"/>
                <TextEquiv>
                    <Unicode>inficere: nemo tenetur illud celare, quia astringitur</Unicode>
                </TextEquiv>
            </TextLine>
            <TextLine id="r1l86" custom="readingOrder {index:41;}">
                <Coords points="315,2236 1078,2244 1067,2194 315,2199"/>
                <Baseline points="320,2226 357,2226 395,2225 432,2225 470,2224 508,2223 545,2223 583,2223 621,2223 658,2224 696,2225 734,2225 771,2225 809,2225 847,2226 884,2226 922,2226 960,2226 997,2226 1035,2226 1073,2226"/>
                <TextEquiv>
                    <Unicode>ad oppositum fortiori vinculo, vt in quaestione praece</Unicode>
                </TextEquiv>
            </TextLine>
            <TextLine id="r1l88" custom="readingOrder {index:42;}">
                <Coords points="327,2282 1078,2278 1078,2244 983,2233 327,2235"/>
                <Baseline points="332,2268 369,2268 406,2268 443,2268 480,2268 517,2268 554,2268 591,2268 628,2268 665,2270 702,2270 739,2270 776,2270 813,2270 850,2271 887,2271 924,2271 961,2271 998,2271 1035,2271 1073,2271"/>
                <TextEquiv>
                    <Unicode>denti diximus. Respondet Innocentius, &amp; Panor.</Unicode>
                </TextEquiv>
            </TextLine>
            <TextLine id="r1l90" custom="readingOrder {index:43;}">
                <Coords points="319,2323 1064,2336 1064,2287 988,2280 319,2281"/>
                <Baseline points="324,2312 360,2312 397,2313 434,2313 471,2313 507,2313 544,2313 581,2313 618,2313 654,2313 691,2313 728,2313 765,2313 801,2313 838,2313 875,2313 912,2315 948,2315 985,2316 1022,2317 1059,2319"/>
                <TextEquiv>
                    <Unicode>in ca. Omnis. de poenitem. &amp; remis. insequitur, quod</Unicode>
                </TextEquiv>
            </TextLine>
            <TextLine id="r1l92" custom="readingOrder {index:44;}">
                <Coords points="313,2374 1070,2369 1070,2337 959,2323 313,2325"/>
                <Baseline points="318,2357 355,2357 392,2357 430,2357 467,2358 504,2358 542,2358 579,2358 616,2358 654,2358 691,2358 728,2358 766,2358 803,2358 840,2358 878,2358 915,2358 952,2358 990,2360 1027,2360 1065,2360"/>
                <TextEquiv>
                    <Unicode>sacerdos tale crimen in confessione auditum potest:</Unicode>
                </TextEquiv>
            </TextLine>
            <TextLine id="r1l94" custom="readingOrder {index:45;}">
                <Coords points="327,2408 381,2426 442,2408 1073,2415 1082,2366 327,2373"/>
                <Baseline points="332,2402 369,2402 406,2403 443,2403 481,2403 518,2403 555,2403 592,2403 630,2402 667,2402 704,2402 741,2402 779,2402 816,2402 853,2402 890,2402 928,2403 965,2403 1002,2403 1039,2403 1077,2403"/>
                <TextEquiv>
                    <Unicode>propalare. sed hoc est male dictum. nam sic aperitetur</Unicode>
                </TextEquiv>
            </TextLine>
            <TextLine id="r1l95" custom="readingOrder {index:46;}">
                <Coords points="318,2461 1049,2461 1069,2413 318,2420"/>
                <Baseline points="323,2445 360,2445 397,2445 434,2445 471,2445 508,2445 545,2446 582,2447 619,2447 656,2447 693,2447 730,2447 767,2448 804,2448 841,2448 878,2448 915,2448 952,2448 989,2448 1026,2447 1064,2447"/>
                <TextEquiv>
                    <Unicode>aliis via dicendi se talem casum audiuisse / asserturis</Unicode>
                </TextEquiv>
            </TextLine>
            <TextLine id="r1l97" custom="readingOrder {index:47;}">
                <Coords points="318,2504 1070,2499 1070,2465 1007,2452 318,2461"/>
                <Baseline points="323,2492 360,2490 397,2490 434,2490 471,2489 508,2489 545,2489 582,2490 619,2490 656,2490 694,2490 731,2490 768,2491 805,2492 842,2492 879,2492 916,2492 953,2492 990,2492 1027,2492 1065,2492"/>
                <TextEquiv>
                    <Unicode>quod volebat confitens malum facere: &amp; per consequens</Unicode>
                </TextEquiv>
            </TextLine>
            <TextLine id="r1l99" custom="readingOrder {index:48;}">
                <Coords points="313,2546 1070,2552 1070,2499 313,2498"/>
                <Baseline points="318,2537 355,2537 392,2535 430,2535 467,2535 504,2535 542,2535 579,2535 616,2534 654,2534 691,2534 728,2534 766,2535 803,2535 840,2535 878,2535 915,2535 952,2535 990,2536 1027,2537 1065,2537"/>
                <TextEquiv>
                    <Unicode>liberum esset eis peccata secreta alterius detegere:</Unicode>
                </TextEquiv>
            </TextLine>
            <TextLine id="r1l101" custom="readingOrder {index:49;}">
                <Coords points="315,2591 1070,2595 1070,2552 1019,2545 315,2545"/>
                <Baseline points="320,2582 357,2582 394,2581 431,2580 469,2580 506,2580 543,2580 580,2580 618,2579 655,2579 692,2579 729,2579 767,2579 804,2580 841,2580 878,2580 916,2580 953,2581 990,2582 1027,2582 1065,2583"/>
                <TextEquiv>
                    <Unicode>&amp; retraherentur per hoc homines a confessione. sicut</Unicode>
                </TextEquiv>
            </TextLine>
            <TextLine id="r1l104" custom="readingOrder {index:50;}">
                <Coords points="312,2643 1066,2641 1066,2598 1005,2591 312,2590"/>
                <Baseline points="317,2627 354,2627 391,2627 428,2625 465,2625 503,2625 540,2625 577,2624 614,2624 651,2624 689,2624 726,2624 763,2624 800,2624 837,2625 875,2625 912,2625 949,2625 986,2625 1023,2625 1061,2625"/>
                <TextEquiv>
                    <Unicode>populus Israel propter peccatum Ophni &amp; Phinees</Unicode>
                </TextEquiv>
            </TextLine>
            <TextLine id="r1l105" custom="readingOrder {index:51;}">
                <Coords points="313,2678 1064,2690 1064,2642 1018,2631 313,2643"/>
                <Baseline points="318,2669 355,2669 392,2669 429,2669 466,2669 503,2669 540,2669 577,2669 614,2669 651,2669 688,2669 725,2669 762,2669 799,2669 836,2669 873,2670 910,2670 947,2670 984,2672 1021,2673 1059,2673"/>
                <TextEquiv>
                    <Unicode>retrahebatur a lege. i. Regum. ii. Fodem modo de hae</Unicode>
                </TextEquiv>
            </TextLine>
            <TextLine id="r1l108" custom="readingOrder {index:52;}">
                <Coords points="315,2722 1063,2726 1063,2689 1034,2679 315,2682"/>
                <Baseline points="320,2714 356,2714 393,2714 430,2714 467,2714 504,2714 541,2714 578,2714 615,2714 652,2714 689,2714 725,2714 762,2714 799,2714 836,2714 873,2714 910,2714 947,2714 984,2715 1021,2715 1058,2715"/>
                <TextEquiv>
                    <Unicode>resi. huius enim carminis iniqua &amp; diabolica est sen-</Unicode>
                </TextEquiv>
            </TextLine>
            <TextLine id="r1l110" custom="readingOrder {index:53;}">
                <Coords points="312,2776 1069,2776 1069,2729 1036,2723 312,2723"/>
                <Baseline points="317,2759 354,2759 391,2759 429,2759 466,2759 503,2760 541,2760 578,2760 615,2760 653,2760 690,2760 727,2760 765,2760 802,2760 839,2762 877,2762 914,2762 951,2762 989,2762 1026,2762 1064,2763"/>
                <TextEquiv>
                    <Unicode>tentia. Haeresis est crimen quod nec confessio celat.</Unicode>
                </TextEquiv>
            </TextLine>
            <TextEquiv>
                <Unicode>quare licentiando iuri suo quis renunciare possit quo
ad sigillum secreti: quin idem sit de sigillo confessionis.
Falsum est enim primum dictum eius: quod celatio secre-
ti in confessione est primo &amp; per se in fauorem priuaro
rum: immo est primo &amp; per se in fauorem totius reipub.
seu conitatis. In super illud est de iure naturae / diuino
&amp; humano. quod non putatur a multis eruditis viris
de iudicio clericorum: vt in vna solutione dominus Duns
enet in. xiii. dist. iiii. &amp; Ocltam in dialogo. sed de
hoc alias. Secundum etiam motiuum eius minus appa
tens est. nam consequentia nihil valet: strictius enim obli
gat sigillum confessionis quam sigillum secreti nudum: vt
ipse bene concedit. Secundo nego antecedens. nam si
dixi in secreto Sorti peccatum ncum extra confessio
nem famae meae denigratiuum: &amp; tyrannus cogat me
dare ei facultatem reserandi: vel si egoipse mea
sponte eum ad hoc rogem: dicere non debet: sed me per
mittet dicere si velim. Sed dicis. tyrannus potest
cogere confitentem dicere sacerdoti peccatum ex tra
confessionem quod audiuit in confessione. hoc nego. 
cum enim poenitens non fateatur suum peccatum occul-
um coram tyranno: indicium est etiam quod non propala-
bit ipsum sacerdoti extra confessione. Et licet sacer-
dos reuelans confassionem vltra graue peccatum quod
committit: debeat puniri secundum poenam statutam in cap.
Omnis. tamen si aliquis laicus tale peccatum a sa
cerdote audiat, vel in confessione inopinate vel ex
industria, vel aliter, non est hac poena puniendus:
sed tenetur seruare secretum sub poena maximi pec
cati mortalis. &amp; si Sortes illud peccatum dicat Pla
toni, &amp; Plato Ciceroni, &amp; Cicero loanni, &amp; sic mil
le aliis: quilibet tenetur illud seruare secretum: licet
non possint poena ca. Omnis, puniri: sed aliqua alia
arbitraria secundum discretionem eorum ad quos pertinet:
&amp; debet esse multum grauis vt caeteris ad multos
dies cedat in exemplum.
⁋ Quarto arguitur. ponatur quod ali-
iuis dicat se facturum multa mala: illud licet reue-
lare, quia non est dictum in foro poenitentiali. Simili-
ter si quis dicat se haereticum: &amp; quod alios intendat
inficere: nemo tenetur illud celare, quia astringitur
ad oppositum fortiori vinculo, vt in quaestione praece
denti diximus. Respondet Innocentius, &amp; Panor.
in ca. Omnis. de poenitem. &amp; remis. insequitur, quod
sacerdos tale crimen in confessione auditum potest:
propalare. sed hoc est male dictum. nam sic aperitetur
aliis via dicendi se talem casum audiuisse / asserturis
quod volebat confitens malum facere: &amp; per consequens
liberum esset eis peccata secreta alterius detegere:
&amp; retraherentur per hoc homines a confessione. sicut
populus Israel propter peccatum Ophni &amp; Phinees
retrahebatur a lege. i. Regum. ii. Fodem modo de hae
resi. huius enim carminis iniqua &amp; diabolica est sen-
tentia. Haeresis est crimen quod nec confessio celat.</Unicode>
            </TextEquiv>
        </TextRegion>
        <TextRegion orientation="0.0" id="TextRegion_1591902070164_24" custom="readingOrder {index:1;}">
            <Coords points="1117,255 1932,255 1932,2817 1117,2817"/>
            <TextLine id="r1l4" custom="readingOrder {index:0;}">
                <Coords points="1167,386 1928,387 1928,338 1834,324 1167,332"/>
                <Baseline points="1172,366 1209,366 1247,366 1284,366 1322,366 1359,366 1397,366 1434,366 1472,366 1509,367 1547,368 1585,368 1622,368 1660,368 1697,369 1735,369 1772,369 1810,370 1847,371 1885,372 1923,372"/>
                <TextEquiv>
                    <Unicode>quia nullum peccatum in confessione auditum est</Unicode>
                </TextEquiv>
            </TextLine>
            <TextLine id="r1l6" custom="readingOrder {index:1;}">
                <Coords points="1164,427 1910,434 1936,429 1937,392 1165,385"/>
                <Baseline points="1169,411 1207,411 1245,411 1283,411 1321,411 1359,411 1397,411 1435,411 1473,411 1511,411 1550,411 1588,411 1626,411 1664,411 1702,413 1740,413 1778,414 1816,416 1854,417 1892,418 1931,420"/>
                <TextEquiv>
                    <Unicode>dicendum: siue confitens poeniteat siue non: nec in </Unicode>
                </TextEquiv>
            </TextLine>
            <TextLine id="r1l8" custom="readingOrder {index:2;}">
                <Coords points="1171,466 1927,469 1927,428 1171,429"/>
                <Baseline points="1176,455 1213,455 1250,456 1287,456 1325,456 1362,456 1399,456 1437,456 1474,456 1511,458 1549,458 1586,458 1623,458 1660,458 1698,459 1735,459 1772,459 1810,460 1847,461 1884,461 1922,462"/>
                <TextEquiv>
                    <Unicode>vita: nec quod amplius est / in morte: quia mortuo</Unicode>
                </TextEquiv>
            </TextLine>
            <TextLine id="r1l10" custom="readingOrder {index:3;}">
                <Coords points="1165,517 1930,515 1920,480 1802,467 1165,465"/>
                <Baseline points="1170,503 1207,501 1245,500 1283,500 1321,500 1358,500 1396,500 1434,500 1472,500 1509,500 1547,501 1585,501 1623,503 1660,503 1698,504 1736,504 1774,506 1811,506 1849,506 1887,507 1925,507"/>
                <TextEquiv>
                    <Unicode>&amp; suis infamia obiiceretur. multi namque multa egre-</Unicode>
                </TextEquiv>
            </TextLine>
            <TextLine id="r1l12" custom="readingOrder {index:4;}">
                <Coords points="1177,564 1937,563 1937,523 1839,510 1177,520"/>
                <Baseline points="1182,548 1219,546 1257,545 1294,545 1332,543 1369,543 1407,543 1444,543 1482,543 1519,544 1557,545 1594,545 1632,546 1669,546 1707,548 1744,548 1782,549 1819,549 1857,549 1894,549 1932,551"/>
                <TextEquiv>
                    <Unicode>gia &amp; praeclara faciunt, allecti etiam gloria mortem secu-</Unicode>
                </TextEquiv>
            </TextLine>
            <TextLine id="r1l14" custom="readingOrder {index:5;}">
                <Coords points="1162,597 1931,603 1931,560 1904,557 1162,564"/>
                <Baseline points="1167,591 1206,590 1246,590 1286,590 1326,590 1366,590 1406,590 1446,590 1486,590 1526,590 1566,590 1606,590 1646,590 1686,591 1726,591 1766,591 1806,593 1846,593 1886,594 1926,596"/>
                <TextEquiv>
                    <Unicode>tura: licet gloria non sit finis vltimus: sed deus. id</Unicode>
                </TextEquiv>
            </TextLine>
            <TextLine id="r1l16" custom="readingOrder {index:6;}">
                <Coords points="1155,642 1933,648 1933,602 1155,604"/>
                <Baseline points="1160,633 1198,633 1236,633 1275,633 1313,633 1352,633 1390,633 1428,633 1467,633 1505,634 1544,635 1582,635 1620,635 1659,636 1697,636 1736,637 1774,638 1812,638 1851,639 1889,639 1928,641"/>
                <TextEquiv>
                    <Unicode>circo homines ab infamia etiam post mortem procul</Unicode>
                </TextEquiv>
            </TextLine>
            <TextLine id="r1l18" custom="readingOrder {index:7;}">
                <Coords points="1162,689 1875,703 1927,690 1927,650 1162,652"/>
                <Baseline points="1167,677 1204,677 1242,678 1280,678 1318,678 1355,678 1393,678 1431,678 1469,678 1506,678 1544,679 1582,680 1620,680 1657,680 1695,680 1733,681 1771,681 1808,683 1846,683 1884,684 1922,686"/>
                <TextEquiv>
                    <Unicode>esse student. vt habetur ex cap. Perlatum. de his quam vt</Unicode>
                </TextEquiv>
            </TextLine>
            <TextLine id="r1l20" custom="readingOrder {index:8;}">
                <Coords points="1156,728 1922,740 1922,691 1156,696"/>
                <Baseline points="1161,722 1198,722 1236,722 1274,722 1312,722 1350,722 1387,723 1425,723 1463,723 1501,723 1539,723 1576,723 1614,723 1652,723 1690,725 1728,725 1765,725 1803,726 1841,726 1879,728 1917,728"/>
                <TextEquiv>
                    <Unicode>me. ve cau. fi. ergo si liceret post mortem peccatum</Unicode>
                </TextEquiv>
            </TextLine>
            <TextLine id="r1l22" custom="readingOrder {index:9;}">
                <Coords points="1159,782 1934,783 1934,742 1859,733 1159,738"/>
                <Baseline points="1164,767 1202,767 1240,767 1278,767 1317,767 1355,767 1393,767 1431,767 1470,767 1508,767 1546,767 1584,767 1623,767 1661,767 1699,768 1737,768 1776,768 1814,770 1852,771 1890,771 1929,773"/>
                <TextEquiv>
                    <Unicode>occultum reserare: homines retraherentur a confessione</Unicode>
                </TextEquiv>
            </TextLine>
            <TextLine id="r1l24" custom="readingOrder {index:10;}">
                <Coords points="1158,818 1908,828 1934,824 1935,783 1159,789"/>
                <Baseline points="1164,809 1202,809 1240,809 1278,810 1317,810 1355,810 1393,810 1431,810 1470,810 1508,810 1546,811 1584,812 1623,812 1661,812 1699,813 1737,813 1776,813 1814,815 1852,815 1890,816 1929,816"/>
                <TextEquiv>
                    <Unicode>complete facienda in vita. Sed vbi confitens confessori</Unicode>
                </TextEquiv>
            </TextLine>
            <TextLine id="r1l26" custom="readingOrder {index:11;}">
                <Coords points="1158,871 1909,878 1927,825 1159,828"/>
                <Baseline points="1164,854 1201,854 1239,855 1277,855 1315,855 1353,855 1391,855 1429,854 1467,854 1505,855 1543,855 1580,855 1618,855 1656,855 1694,855 1732,857 1770,857 1808,858 1846,858 1884,860 1922,861"/>
                <TextEquiv>
                    <Unicode>restitutionem relinqueret inmorte suis liberis facien</Unicode>
                </TextEquiv>
            </TextLine>
            <TextLine id="r1l28" custom="readingOrder {index:12;}">
                <Coords points="1158,906 1884,921 1922,912 1923,876 1159,871"/>
                <Baseline points="1163,900 1200,899 1238,899 1276,899 1313,899 1351,899 1389,899 1426,899 1464,899 1502,899 1540,899 1577,900 1615,900 1653,900 1690,900 1728,902 1766,902 1803,902 1841,903 1879,903 1917,905"/>
                <TextEquiv>
                    <Unicode>dam: est difficultas an confessor posset illud haere-</Unicode>
                </TextEquiv>
            </TextLine>
            <TextLine id="r1l30" custom="readingOrder {index:13;}">
                <Coords points="1153,955 1845,967 1924,960 1925,924 1154,908"/>
                <Baseline points="1158,944 1196,944 1234,944 1272,944 1310,944 1348,944 1386,944 1424,944 1462,944 1500,944 1538,944 1576,944 1614,944 1652,945 1690,945 1728,946 1766,947 1804,947 1842,948 1880,950 1919,951"/>
                <TextEquiv>
                    <Unicode>dibus significare. licet enim restituere non sit pecca</Unicode>
                </TextEquiv>
            </TextLine>
            <TextLine id="r1l32" custom="readingOrder {index:14;}">
                <Coords points="1164,997 1825,1011 1922,1001 1923,965 1165,960"/>
                <Baseline points="1169,989 1206,989 1243,988 1281,987 1318,987 1356,987 1393,987 1430,987 1468,987 1505,987 1543,987 1580,988 1617,989 1655,989 1692,989 1730,990 1767,990 1804,992 1842,993 1879,993 1917,995"/>
                <TextEquiv>
                    <Unicode>tum: per hoc tamen deuenirent alii in notitiam peccati.</Unicode>
                </TextEquiv>
            </TextLine>
            <TextLine id="r1l34" custom="readingOrder {index:15;}">
                <Coords points="1167,1043 1919,1048 1919,1013 1840,1004 1167,998"/>
                <Baseline points="1172,1034 1209,1034 1246,1034 1283,1034 1320,1034 1357,1034 1394,1034 1431,1034 1468,1034 1505,1034 1543,1034 1580,1034 1617,1034 1654,1034 1691,1034 1728,1035 1765,1035 1802,1036 1839,1037 1876,1038 1914,1040"/>
                <TextEquiv>
                    <Unicode>Credo quod in generali potest eis dicere, restituite ta</Unicode>
                </TextEquiv>
            </TextLine>
            <TextLine id="r1l36" custom="readingOrder {index:16;}">
                <Coords points="1164,1088 1922,1100 1923,1047 1165,1043"/>
                <Baseline points="1169,1077 1206,1077 1243,1077 1281,1076 1318,1076 1356,1076 1393,1076 1430,1076 1468,1076 1505,1076 1543,1077 1580,1077 1617,1077 1655,1077 1692,1079 1730,1080 1767,1080 1804,1081 1842,1083 1879,1084 1917,1085"/>
                <TextEquiv>
                    <Unicode>lia si defuncti animam diligitis, non quod haeredes pos</Unicode>
                </TextEquiv>
            </TextLine>
            <TextLine id="r1l38" custom="readingOrder {index:17;}">
                <Coords points="1158,1130 1913,1140 1913,1097 1886,1091 1158,1085"/>
                <Baseline points="1163,1122 1200,1121 1237,1121 1274,1121 1312,1121 1349,1121 1386,1121 1423,1121 1461,1121 1498,1121 1535,1121 1572,1121 1610,1121 1647,1121 1684,1122 1721,1122 1759,1123 1796,1125 1833,1126 1870,1127 1908,1130"/>
                <TextEquiv>
                    <Unicode>sint animam eius ab infemo tollere vel caelo reddere,</Unicode>
                </TextEquiv>
            </TextLine>
            <TextLine id="r1l40" custom="readingOrder {index:18;}">
                <Coords points="1156,1174 1913,1188 1894,1132 1157,1136"/>
                <Baseline points="1161,1166 1198,1166 1235,1166 1273,1166 1310,1166 1347,1166 1385,1166 1422,1166 1459,1166 1497,1166 1534,1166 1571,1166 1609,1166 1646,1166 1683,1167 1721,1167 1758,1168 1795,1169 1833,1170 1870,1172 1908,1173"/>
                <TextEquiv>
                    <Unicode>sed purgatorii tempus abbreuiare, nec dicet quod illud</Unicode>
                </TextEquiv>
            </TextLine>
            <TextLine id="r1l42" custom="readingOrder {index:19;}">
                <Coords points="1149,1219 1859,1233 1915,1229 1916,1191 1150,1174"/>
                <Baseline points="1154,1209 1191,1209 1229,1209 1267,1209 1305,1209 1343,1209 1380,1209 1418,1209 1456,1209 1494,1209 1532,1209 1569,1209 1607,1209 1645,1209 1683,1211 1721,1211 1758,1212 1796,1212 1834,1214 1872,1215 1910,1215"/>
                <TextEquiv>
                    <Unicode>in confessione audiuit: sed consulet cis tamquam vir pru-</Unicode>
                </TextEquiv>
            </TextLine>
            <TextLine id="r1l44" custom="readingOrder {index:20;}">
                <Coords points="1164,1268 1924,1274 1925,1230 1165,1220"/>
                <Baseline points="1169,1254 1206,1254 1244,1254 1281,1254 1319,1254 1356,1254 1394,1253 1431,1253 1469,1253 1506,1253 1544,1253 1581,1253 1619,1253 1656,1254 1694,1254 1731,1254 1769,1256 1806,1256 1844,1257 1881,1259 1919,1260"/>
                <TextEquiv>
                    <Unicode>dens. vel capiat istud dicendum extra confessionem.</Unicode>
                </TextEquiv>
            </TextLine>
            <TextLine id="r1l46" custom="readingOrder {index:21;}">
                <Coords points="1165,1314 1919,1316 1919,1272 1874,1265 1165,1265"/>
                <Baseline points="1170,1298 1207,1298 1244,1298 1281,1298 1318,1298 1356,1298 1393,1298 1430,1298 1467,1299 1504,1299 1542,1299 1579,1299 1616,1299 1653,1299 1690,1299 1728,1299 1765,1301 1802,1301 1839,1302 1876,1302 1914,1304"/>
                <TextEquiv>
                    <Unicode>⁋ His dictis respondeo ad punctum argumenti, for-</Unicode>
                </TextEquiv>
            </TextLine>
            <TextLine id="r1l48" custom="readingOrder {index:22;}">
                <Coords points="1164,1364 1922,1365 1922,1316 1866,1311 1164,1314"/>
                <Baseline points="1169,1344 1206,1343 1243,1343 1281,1343 1318,1343 1356,1343 1393,1343 1430,1343 1468,1343 1505,1343 1543,1343 1580,1343 1617,1343 1655,1344 1692,1344 1730,1344 1767,1346 1804,1346 1842,1347 1879,1347 1917,1349"/>
                <TextEquiv>
                    <Unicode>tiori vinculo obligor propalare haeresim quam celare</Unicode>
                </TextEquiv>
            </TextLine>
            <TextLine id="r1l50" custom="readingOrder {index:23;}">
                <Coords points="1164,1397 1912,1402 1912,1365 1889,1357 1164,1365"/>
                <Baseline points="1169,1388 1205,1388 1242,1388 1279,1388 1316,1386 1353,1386 1390,1386 1427,1386 1464,1386 1501,1386 1538,1386 1574,1386 1611,1386 1648,1386 1685,1386 1722,1388 1759,1389 1796,1389 1833,1391 1870,1393 1907,1395"/>
                <TextEquiv>
                    <Unicode>peccatum occultum istius in confessione auditu, vt in</Unicode>
                </TextEquiv>
            </TextLine>
            <TextLine id="r1l52" custom="readingOrder {index:24;}">
                <Coords points="1159,1450 1520,1436 1845,1457 1912,1444 1912,1403 1159,1404"/>
                <Baseline points="1164,1433 1201,1433 1238,1433 1275,1433 1312,1433 1349,1431 1386,1431 1424,1431 1461,1431 1498,1430 1535,1430 1572,1430 1609,1430 1646,1430 1684,1431 1721,1431 1758,1431 1795,1433 1832,1433 1869,1435 1907,1437"/>
                <TextEquiv>
                    <Unicode>quaestione praecedenti dictum est de sigillo secreti, negando</Unicode>
                </TextEquiv>
            </TextLine>
            <TextLine id="r1l54" custom="readingOrder {index:25;}">
                <Coords points="1149,1484 1915,1496 1916,1445 1150,1451"/>
                <Baseline points="1154,1478 1191,1476 1229,1476 1267,1476 1305,1476 1343,1475 1380,1475 1418,1475 1456,1475 1494,1475 1532,1476 1569,1476 1607,1476 1645,1476 1683,1476 1721,1477 1758,1478 1796,1478 1834,1478 1872,1479 1910,1479"/>
                <TextEquiv>
                    <Unicode>assumptum, quia nullum est praeceptum ab isto absoluens</Unicode>
                </TextEquiv>
            </TextLine>
            <TextLine id="r1l56" custom="readingOrder {index:26;}">
                <Coords points="1162,1533 1872,1545 1924,1533 1924,1500 1281,1482 1162,1505"/>
                <Baseline points="1167,1520 1204,1520 1242,1520 1279,1520 1317,1520 1355,1520 1392,1520 1430,1520 1467,1520 1505,1520 1543,1520 1580,1520 1618,1520 1655,1520 1693,1520 1731,1521 1768,1521 1806,1523 1843,1524 1881,1525 1919,1527"/>
                <TextEquiv>
                    <Unicode>seu deobligans quodcumque sit illud: quia si liceret pro</Unicode>
                </TextEquiv>
            </TextLine>
            <TextLine id="r1l58" custom="readingOrder {index:27;}">
                <Coords points="1165,1573 1812,1574 1885,1593 1921,1579 1921,1531 1165,1543"/>
                <Baseline points="1170,1565 1207,1565 1244,1566 1281,1566 1319,1566 1356,1566 1393,1566 1431,1565 1468,1565 1505,1565 1543,1565 1580,1563 1617,1563 1654,1563 1692,1563 1729,1565 1766,1565 1804,1566 1841,1568 1878,1570 1916,1572"/>
                <TextEquiv>
                    <Unicode>palare haeresim in confessione: mali sacerdotes quando</Unicode>
                </TextEquiv>
            </TextLine>
            <TextLine id="r1l60" custom="readingOrder {index:28;}">
                <Coords points="1168,1618 1890,1626 1915,1622 1915,1578 1168,1587"/>
                <Baseline points="1173,1610 1209,1610 1246,1610 1283,1610 1320,1610 1357,1610 1394,1610 1430,1610 1467,1610 1504,1610 1541,1610 1578,1610 1615,1610 1652,1610 1688,1610 1725,1610 1762,1611 1799,1611 1836,1611 1873,1613 1910,1614"/>
                <TextEquiv>
                    <Unicode>vellent aliorum peccata secreta pandere, fingerent cofi</Unicode>
                </TextEquiv>
            </TextLine>
            <TextLine id="r1l62" custom="readingOrder {index:29;}">
                <Coords points="1149,1669 1927,1668 1927,1627 1900,1621 1149,1626"/>
                <Baseline points="1154,1653 1192,1653 1230,1653 1269,1653 1307,1653 1346,1653 1384,1653 1422,1653 1461,1653 1499,1653 1538,1653 1576,1653 1614,1653 1653,1653 1691,1654 1730,1655 1768,1655 1806,1656 1845,1656 1883,1658 1922,1659"/>
                <TextEquiv>
                    <Unicode>tentem haereticum. &amp; sic haec lex dei de confessione facien</Unicode>
                </TextEquiv>
            </TextLine>
            <TextLine id="r1l64" custom="readingOrder {index:30;}">
                <Coords points="1162,1710 1919,1711 1904,1666 1162,1662"/>
                <Baseline points="1167,1697 1204,1697 1241,1697 1279,1697 1316,1697 1353,1697 1391,1697 1428,1697 1465,1697 1503,1697 1540,1697 1577,1697 1615,1697 1652,1697 1689,1697 1727,1698 1764,1698 1801,1699 1839,1700 1876,1701 1914,1703"/>
                <TextEquiv>
                    <Unicode>da semel in vita: vel ecclesiae semel in anno: raro com</Unicode>
                </TextEquiv>
            </TextLine>
            <TextLine id="r1l66" custom="readingOrder {index:31;}">
                <Coords points="1168,1749 1913,1761 1905,1711 1168,1707"/>
                <Baseline points="1173,1742 1209,1742 1246,1743 1283,1743 1320,1743 1356,1743 1393,1743 1430,1743 1467,1742 1503,1742 1540,1742 1577,1742 1614,1742 1650,1742 1687,1742 1724,1742 1761,1743 1797,1743 1834,1745 1871,1746 1908,1748"/>
                <TextEquiv>
                    <Unicode>plete seruaretur: quia ipsa est multis difficilis &amp; potis</Unicode>
                </TextEquiv>
            </TextLine>
            <TextLine id="r1l68" custom="readingOrder {index:32;}">
                <Coords points="1165,1799 1915,1800 1915,1761 1889,1757 1165,1752"/>
                <Baseline points="1170,1787 1207,1787 1244,1785 1281,1785 1318,1785 1355,1785 1392,1785 1429,1785 1466,1785 1503,1785 1540,1785 1577,1785 1614,1786 1651,1787 1688,1787 1725,1787 1762,1788 1799,1789 1836,1790 1873,1791 1910,1791"/>
                <TextEquiv>
                    <Unicode>simum verecundis. nullum igitur praeceptum occurrit cus</Unicode>
                </TextEquiv>
            </TextLine>
            <TextLine id="r1l70" custom="readingOrder {index:33;}">
                <Coords points="1146,1839 1913,1853 1913,1808 1857,1795 1146,1796"/>
                <Baseline points="1151,1833 1188,1833 1226,1833 1264,1832 1302,1832 1340,1832 1378,1832 1415,1830 1453,1830 1491,1830 1529,1830 1567,1830 1605,1830 1643,1830 1680,1830 1718,1832 1756,1832 1794,1833 1832,1835 1870,1836 1908,1838"/>
                <TextEquiv>
                    <Unicode>istud cedere debeat. sed econuerso huic quodlibet</Unicode>
                </TextEquiv>
            </TextLine>
            <TextLine id="r1l72" custom="readingOrder {index:34;}">
                <Coords points="1146,1884 1896,1901 1922,1895 1923,1857 1147,1846"/>
                <Baseline points="1151,1875 1189,1875 1227,1875 1265,1875 1304,1875 1342,1875 1380,1875 1419,1875 1457,1875 1495,1875 1534,1875 1572,1875 1610,1875 1648,1875 1687,1877 1725,1877 1763,1877 1802,1878 1840,1879 1878,1880 1917,1881"/>
                <TextEquiv>
                    <Unicode>aliud occurrens dat locum &amp; desinit esse praeceptum: quia</Unicode>
                </TextEquiv>
            </TextLine>
            <TextLine id="r1l74" custom="readingOrder {index:35;}">
                <Coords points="1149,1927 1916,1933 1916,1901 1846,1890 1149,1885"/>
                <Baseline points="1154,1920 1191,1920 1229,1920 1267,1920 1305,1920 1343,1919 1381,1919 1418,1919 1456,1919 1494,1919 1532,1919 1570,1919 1608,1920 1646,1920 1683,1920 1721,1922 1759,1922 1797,1923 1835,1924 1873,1926 1911,1926"/>
                <TextEquiv>
                    <Unicode>inter praecepta rationabilia num quam est bellum. licet inter</Unicode>
                </TextEquiv>
            </TextLine>
            <TextLine id="r1l75" custom="readingOrder {index:36;}">
                <Coords points="1149,1972 1928,1980 1928,1932 1149,1934"/>
                <Baseline points="1154,1967 1192,1965 1230,1965 1269,1964 1307,1964 1346,1964 1384,1964 1423,1963 1461,1962 1500,1962 1538,1963 1576,1964 1615,1964 1653,1964 1692,1965 1730,1965 1769,1967 1807,1968 1846,1970 1884,1971 1923,1973"/>
                <TextEquiv>
                    <Unicode>dum primo aspectu videantur contra se acies opposi</Unicode>
                </TextEquiv>
            </TextLine>
            <TextLine id="r1l77" custom="readingOrder {index:37;}">
                <Coords points="1152,2017 1915,2024 1899,1978 1152,1981"/>
                <Baseline points="1157,2010 1194,2010 1232,2009 1269,2009 1307,2009 1345,2007 1382,2007 1420,2007 1458,2007 1495,2007 1533,2007 1571,2007 1608,2007 1646,2009 1684,2009 1721,2010 1759,2010 1797,2012 1834,2013 1872,2014 1910,2016"/>
                <TextEquiv>
                    <Unicode>tas moliti. Ex quo paret quod longe amplius &amp; stri-</Unicode>
                </TextEquiv>
            </TextLine>
            <TextLine id="r1l79" custom="readingOrder {index:38;}">
                <Coords points="1162,2065 1913,2066 1902,2022 1162,2018"/>
                <Baseline points="1167,2054 1204,2054 1241,2054 1278,2052 1315,2052 1352,2052 1389,2052 1426,2052 1463,2052 1500,2052 1537,2052 1574,2052 1611,2052 1648,2052 1685,2054 1722,2054 1759,2055 1796,2055 1833,2057 1870,2058 1908,2060"/>
                <TextEquiv>
                    <Unicode>ctius seruandum est sigillum confessionis qui sigillum se</Unicode>
                </TextEquiv>
            </TextLine>
            <TextLine id="r1l81" custom="readingOrder {index:39;}">
                <Coords points="1158,2108 1909,2116 1909,2068 1864,2064 1158,2070"/>
                <Baseline points="1163,2100 1200,2099 1237,2099 1274,2097 1311,2097 1348,2096 1385,2096 1422,2096 1459,2096 1496,2096 1533,2096 1570,2096 1607,2096 1644,2096 1681,2097 1718,2097 1755,2099 1792,2099 1829,2100 1866,2102 1904,2103"/>
                <TextEquiv>
                    <Unicode>creti. hoc enim aliis peceptis in casu dat locum: illud</Unicode>
                </TextEquiv>
            </TextLine>
            <TextLine id="r1l83" custom="readingOrder {index:40;}">
                <Coords points="1165,2152 1830,2166 1909,2155 1910,2116 1166,2115"/>
                <Baseline points="1170,2141 1206,2141 1243,2141 1280,2141 1316,2141 1353,2141 1390,2141 1426,2141 1463,2141 1500,2141 1537,2141 1573,2141 1610,2141 1647,2141 1683,2141 1720,2141 1757,2142 1793,2143 1830,2145 1867,2146 1904,2148"/>
                <TextEquiv>
                    <Unicode>vero nulli retrahit pedem: sed inuiolabile perma</Unicode>
                </TextEquiv>
            </TextLine>
            <TextLine id="r1l85" custom="readingOrder {index:41;}">
                <Coords points="1150,2195 1913,2202 1913,2156 1888,2154 1150,2159"/>
                <Baseline points="1155,2186 1192,2186 1230,2187 1267,2187 1305,2187 1343,2187 1380,2186 1418,2186 1456,2186 1493,2186 1531,2186 1569,2186 1606,2186 1644,2186 1682,2186 1719,2187 1757,2187 1795,2188 1832,2189 1870,2190 1908,2192"/>
                <TextEquiv>
                    <Unicode>net. sicut in arce hominibus vtilissima &amp; necessa</Unicode>
                </TextEquiv>
            </TextLine>
            <TextLine id="r1l87" custom="readingOrder {index:42;}">
                <Coords points="1140,2244 1913,2251 1913,2202 1848,2197 1140,2194"/>
                <Baseline points="1145,2232 1183,2232 1221,2231 1259,2231 1297,2231 1335,2231 1373,2231 1412,2231 1450,2231 1488,2231 1526,2231 1564,2231 1602,2232 1640,2232 1679,2232 1717,2232 1755,2232 1793,2232 1831,2234 1869,2234 1908,2234"/>
                <TextEquiv>
                    <Unicode>ria, ab hostibus obsessa: vbi grauior est insultus,</Unicode>
                </TextEquiv>
            </TextLine>
            <TextLine id="r1l89" custom="readingOrder {index:43;}">
                <Coords points="1152,2283 1919,2283 1919,2259 1874,2239 1152,2251"/>
                <Baseline points="1157,2273 1194,2273 1232,2274 1270,2274 1308,2274 1346,2274 1384,2276 1421,2276 1459,2276 1497,2276 1535,2277 1573,2277 1611,2277 1649,2277 1686,2277 1724,2277 1762,2277 1800,2277 1838,2276 1876,2276 1914,2276"/>
                <TextEquiv>
                    <Unicode>opus est fortiore muro, adamantino, &amp; inuiola-</Unicode>
                </TextEquiv>
            </TextLine>
            <TextLine id="r1l91" custom="readingOrder {index:44;}">
                <Coords points="1147,2329 1304,2327 1321,2336 1335,2327 1366,2341 1429,2328 1456,2336 1456,2292 1426,2283 1356,2295 1335,2283 1303,2297 1284,2282 1169,2291 1147,2280"/>
                <Baseline points="1152,2321 1179,2321 1206,2321 1233,2321 1260,2320 1287,2319 1315,2319 1342,2319 1369,2319 1396,2320 1423,2321 1451,2322"/>
                <TextEquiv>
                    <Unicode>bili si haberi possit.</Unicode>
                </TextEquiv>
            </TextLine>
            <TextLine id="r1l93" custom="readingOrder {index:45;}">
                <Coords points="1155,2421 1906,2416 1905,2366 1848,2350 1679,2371 1154,2356"/>
                <Baseline points="1160,2405 1197,2403 1234,2402 1271,2401 1308,2400 1345,2399 1382,2399 1419,2399 1456,2399 1493,2399 1530,2399 1567,2399 1604,2399 1641,2399 1678,2399 1715,2399 1752,2399 1789,2397 1826,2397 1863,2396 1901,2396"/>
                <TextEquiv>
                    <Unicode>⁋ Quinto arguitur. ponatur casus</Unicode>
                </TextEquiv>
            </TextLine>
            <TextLine id="r1l96" custom="readingOrder {index:46;}">
                <Coords points="1146,2468 1876,2462 1912,2458 1912,2416 1146,2424"/>
                <Baseline points="1151,2447 1188,2448 1226,2448 1264,2448 1302,2448 1340,2448 1377,2448 1415,2448 1453,2448 1491,2448 1529,2447 1566,2447 1604,2447 1642,2447 1680,2447 1718,2447 1755,2447 1793,2447 1831,2447 1869,2448 1907,2450"/>
                <TextEquiv>
                    <Unicode>quod sacerdos sciat Sortem fecisse a. crimen: quod au</Unicode>
                </TextEquiv>
            </TextLine>
            <TextLine id="r1l98" custom="readingOrder {index:47;}">
                <Coords points="1144,2506 1814,2511 1903,2501 1903,2457 1144,2466"/>
                <Baseline points="1149,2492 1186,2492 1223,2492 1261,2492 1298,2492 1336,2492 1373,2492 1411,2492 1448,2492 1486,2492 1523,2492 1560,2490 1598,2490 1635,2490 1673,2490 1710,2490 1748,2490 1785,2491 1823,2492 1860,2492 1898,2493"/>
                <TextEquiv>
                    <Unicode>dit in confessione: sacerdos potest a. crimen etiam</Unicode>
                </TextEquiv>
            </TextLine>
            <TextLine id="r1l100" custom="readingOrder {index:48;}">
                <Coords points="1146,2545 1886,2550 1897,2504 1146,2509"/>
                <Baseline points="1151,2535 1188,2537 1225,2537 1262,2537 1299,2537 1336,2537 1373,2537 1410,2537 1447,2537 1484,2535 1521,2535 1558,2535 1595,2535 1632,2534 1669,2534 1706,2534 1743,2535 1780,2535 1817,2535 1854,2537 1892,2538"/>
                <TextEquiv>
                    <Unicode>in iudicio pandere: &amp; tamen est peccatum in confes</Unicode>
                </TextEquiv>
            </TextLine>
            <TextLine id="r1l102" custom="readingOrder {index:49;}">
                <Coords points="1155,2589 1901,2594 1900,2549 1855,2543 1154,2547"/>
                <Baseline points="1160,2583 1196,2583 1233,2582 1270,2582 1307,2582 1344,2580 1380,2580 1417,2580 1454,2579 1491,2579 1528,2579 1564,2579 1601,2579 1638,2579 1675,2579 1712,2579 1748,2579 1785,2580 1822,2580 1859,2580 1896,2582"/>
                <TextEquiv>
                    <Unicode>sione auditum: ergo licet peccatum in confessio</Unicode>
                </TextEquiv>
            </TextLine>
            <TextLine id="r1l103" custom="readingOrder {index:50;}">
                <Coords points="1140,2634 1810,2644 1903,2632 1903,2597 1140,2598"/>
                <Baseline points="1145,2625 1182,2625 1220,2624 1257,2624 1295,2624 1333,2624 1370,2624 1408,2622 1446,2622 1483,2624 1521,2624 1559,2624 1596,2624 1634,2624 1672,2625 1709,2625 1747,2625 1785,2627 1822,2627 1860,2627 1898,2628"/>
                <TextEquiv>
                    <Unicode>ne auditum reuelare. quod possit a. detegere, patet:</Unicode>
                </TextEquiv>
            </TextLine>
            <TextLine id="r1l106" custom="readingOrder {index:51;}">
                <Coords points="1147,2677 1904,2680 1889,2631 1834,2650 1147,2635"/>
                <Baseline points="1152,2670 1189,2670 1226,2669 1264,2669 1301,2667 1338,2667 1376,2667 1413,2667 1450,2667 1488,2667 1525,2668 1562,2669 1600,2669 1637,2669 1674,2670 1712,2670 1749,2670 1786,2670 1824,2672 1861,2672 1899,2672"/>
                <TextEquiv>
                    <Unicode>alioquin Sortes malefactor si deprehendat quod vnus</Unicode>
                </TextEquiv>
            </TextLine>
            <TextLine id="r1l107" custom="readingOrder {index:52;}">
                <Coords points="1144,2724 1895,2726 1895,2688 1848,2679 1144,2680"/>
                <Baseline points="1149,2714 1186,2714 1223,2712 1260,2712 1297,2712 1334,2712 1371,2712 1408,2712 1445,2712 1482,2712 1519,2714 1556,2714 1593,2714 1630,2714 1667,2714 1704,2714 1741,2714 1778,2715 1815,2715 1852,2715 1890,2715"/>
                <TextEquiv>
                    <Unicode>sacerdos vel plures suum crimen percipiant: poterit a</Unicode>
                </TextEquiv>
            </TextLine>
            <TextLine id="r1l109" custom="readingOrder {index:53;}">
                <Coords points="1147,2774 1614,2787 1733,2763 1907,2783 1907,2731 1861,2721 1147,2727"/>
                <Baseline points="1152,2760 1189,2760 1227,2759 1264,2759 1302,2759 1339,2759 1377,2759 1414,2759 1452,2759 1489,2759 1527,2759 1564,2759 1602,2760 1639,2760 1677,2760 1714,2760 1752,2760 1789,2762 1827,2762 1864,2762 1902,2762"/>
                <TextEquiv>
                    <Unicode>vni sacerdoti si viderit, vel pluribus si viderint</Unicode>
                </TextEquiv>
            </TextLine>
            <TextEquiv>
                <Unicode>quia nullum peccatum in confessione auditum est
dicendum: siue confitens poeniteat siue non: nec in 
vita: nec quod amplius est / in morte: quia mortuo
&amp; suis infamia obiiceretur. multi namque multa egre-
gia &amp; praeclara faciunt, allecti etiam gloria mortem secu-
tura: licet gloria non sit finis vltimus: sed deus. id
circo homines ab infamia etiam post mortem procul
esse student. vt habetur ex cap. Perlatum. de his quam vt
me. ve cau. fi. ergo si liceret post mortem peccatum
occultum reserare: homines retraherentur a confessione
complete facienda in vita. Sed vbi confitens confessori
restitutionem relinqueret inmorte suis liberis facien
dam: est difficultas an confessor posset illud haere-
dibus significare. licet enim restituere non sit pecca
tum: per hoc tamen deuenirent alii in notitiam peccati.
Credo quod in generali potest eis dicere, restituite ta
lia si defuncti animam diligitis, non quod haeredes pos
sint animam eius ab infemo tollere vel caelo reddere,
sed purgatorii tempus abbreuiare, nec dicet quod illud
in confessione audiuit: sed consulet cis tamquam vir pru-
dens. vel capiat istud dicendum extra confessionem.
⁋ His dictis respondeo ad punctum argumenti, for-
tiori vinculo obligor propalare haeresim quam celare
peccatum occultum istius in confessione auditu, vt in
quaestione praecedenti dictum est de sigillo secreti, negando
assumptum, quia nullum est praeceptum ab isto absoluens
seu deobligans quodcumque sit illud: quia si liceret pro
palare haeresim in confessione: mali sacerdotes quando
vellent aliorum peccata secreta pandere, fingerent cofi
tentem haereticum. &amp; sic haec lex dei de confessione facien
da semel in vita: vel ecclesiae semel in anno: raro com
plete seruaretur: quia ipsa est multis difficilis &amp; potis
simum verecundis. nullum igitur praeceptum occurrit cus
istud cedere debeat. sed econuerso huic quodlibet
aliud occurrens dat locum &amp; desinit esse praeceptum: quia
inter praecepta rationabilia num quam est bellum. licet inter
dum primo aspectu videantur contra se acies opposi
tas moliti. Ex quo paret quod longe amplius &amp; stri-
ctius seruandum est sigillum confessionis qui sigillum se
creti. hoc enim aliis peceptis in casu dat locum: illud
vero nulli retrahit pedem: sed inuiolabile perma
net. sicut in arce hominibus vtilissima &amp; necessa
ria, ab hostibus obsessa: vbi grauior est insultus,
opus est fortiore muro, adamantino, &amp; inuiola-
bili si haberi possit.
⁋ Quinto arguitur. ponatur casus
quod sacerdos sciat Sortem fecisse a. crimen: quod au
dit in confessione: sacerdos potest a. crimen etiam
in iudicio pandere: &amp; tamen est peccatum in confes
sione auditum: ergo licet peccatum in confessio
ne auditum reuelare. quod possit a. detegere, patet:
alioquin Sortes malefactor si deprehendat quod vnus
sacerdos vel plures suum crimen percipiant: poterit a
vni sacerdoti si viderit, vel pluribus si viderint</Unicode>
            </TextEquiv>
        </TextRegion>
    </Page>
</PcGts>
