2294 3322
455 332 1210 393 sa. Insuper lohelis. ii. Reddam vobis annos quos
456 386 1202 440 comedit locusta / bruchus / & rubigo: & eruca. vbi
456 432 1193 492 glossa. Non patiar perire vbertatem spiritualium
444 476 1205 536 quam animi perturbationibus perdidistis. si autem
442 531 1208 577 non redderet gratiam & gloriam perditam: peri-
437 564 1192 616 ret vbertas spiritualium. Praeterea, non videtur ve
442 608 1192 667 rum quod vnus istorum dicit, quod est vnum praemium
447 664 1198 715 gratiae respondens distinctum a praemio actui me
442 704 1189 753 ritorio respondente: immo gratia est maximum
442 744 1193 793 accidentale praemium in via & arra gloriae: tamen
448 797 1205 840 virtute operis operati in sacramentis datur glo-
444 838 1199 883 tia penes proportionem ad gratiam: non autem
448 874 1192 924 in operibus aliis: sed in eis gioria actibus respon
438 918 1198 979 det: & nulla distincta gloria respondet gratiae. In super il-
436 963 1189 1018 le est melior in quo gratia dei est maior: ergo cum
433 1009 1202 1063 resurgens crebro sit melior quam ante erat / plus gra-
435 1054 634 1111 tiae habebit.
438 1098 1186 1194 ⁋ Propter haec & similia pono duas
439 1183 1201 1235 conclusiones in hac materia: quarum prior est. Qui
439 1224 1184 1283 libet resurgens resurgit ad maiorem gratiam qua
447 1269 1201 1320 vnquam habebat. Probatur: quia habet gratiam qua
435 1316 1196 1364 ante habebat ex dictis, eandem in numero vel si
438 1363 1192 1410 milem. Vtrunque enim est deo possibile: sed secundum
450 1413 1190 1456 verosimilius. & habet gratiam nouam ratione boni mo
445 1452 1192 1502 tus poenitentiae. ⁋ Secunda conclusio. Quilibet re
439 1489 1196 1537 surgens resurgit ad maiorem beatitudinem quam erat
436 1536 1192 1589 beatitudo ei debita ante resurrectionem. Ex his
426 1590 1193 1636 duabus tamen non sequitur quod ex suo peccato impor-
425 1625 1189 1676 tet lucrum: sed exposuit se malo statui: & tempore
441 1670 1198 1729 quo erat in mortali / nihil meruit: licet fecerit mul
426 1714 1193 1769 tos actus moraliter bonos: & sic habet grandem
430 1759 1184 1810 iacturam de peccato, non tamen inconuenit concedere
432 1800 1184 1860 peccatum esse causam occasionalem meriti & virtutis, si
438 1851 1199 1903 cut virtus nonnum quam est cama per accidens superbiae & vitii. Ex
439 1890 1186 1952 quo patet: quod licet non omnis cadens semper gra-
432 1943 1189 1989 uius cadat qui prius ceciderat: tamen semper resurgens resur-
425 1979 1184 2033 git gratior qui ante fuit. ⁋ Sed contra istud argu-
427 2026 1193 2076 itur. gratia inclinat ad bonu & resistit culpae: & quan-
430 2072 1199 2127 to maior fuerit / tanto magis inclinat. ergo si in re-
430 2112 1187 2176 surgente sit maior gratia qui erat ante vltimum pec
425 2151 1190 2202 catum commissum per quod gratia amittebatur: homo de-
439 2200 1192 2259 bet esse pro mptior ad bonum quam erat ante gratiam
424 2246 1190 2301 amissam: etiamsi mansit in peccato mortali vno mem
433 2289 1193 2343 se vel duobus / contra experientiam. ⁋ Respondetur con-
430 2331 1200 2388 cedendo antecedens: sed consequentiaest inuali-
439 2375 1184 2426 da. nam si homo diu iacuit in peccato: acquisiuii
435 2423 1187 2475 multos malos habitus tempore peccati qui incli
426 2466 1196 2518 nant ad malum. sed tepiditas bene agendi non
440 2517 1186 2562 prouenit ex parte gratiae: sed ex parte istorum ma
435 2555 1194 2605 lorum habituum: & nisi bene vtatur sua gratia / fa-
438 2605 1189 2651 cile cadet. sicut longa febri correptus conualescere
426 2643 1196 2692 incipiens, per modicam intemperantiam iterato in mor
438 2689 1202 2739 bum incidit: vbi tamen si diu conualuisset: et ea-
435 2739 1190 2794 dem intemperantia vteretur: ipsa non sufficeret mor
1281 328 2030 392 bum generare: sed per paruam abstinentiam cura-
1279 386 2042 435 retur. Sic est in proposito de infirmitate spirituali. sed
1285 432 2033 477 exerceatur resurgens in schola morum aliquamdiu bo
1278 477 2039 528 nos habitus acquirendo & corrumpendo ma-
1282 521 2027 566 os: & occasio superueniens non inducet morbum spiritua
1279 564 2042 614 lem / quem a principio induxisset. Sed contra istud
1281 608 2038 659 arguitur. virtutes infunduntur in baptismo: & gratiam
1273 655 2036 702 concomitantur. vt in. iiii. dist. huius diximus. ergo re-
1270 700 2030 751 deunte gratia redeunt virtutes: & per consequens
1270 743 2039 789 solutio nulla. Respondeo. si loquaris de virtutibus in
1269 788 2030 833 fusis generalibus / adhuc licet concedantur infundi
1276 829 2036 878 in baptismo, nihil dictum est super hoc quod gratiam
1270 876 2029 940 concomitarentur sic scilicet quod ipsa ablata resecarentur & ipi
1263 922 2033 971 sa posita ponerentur. Sed illo dato peccata morta
1266 964 2044 1016 lia reliquarunt habitus malos suapte natura ad hu-
1272 1007 2033 1054 iuscemodi mala inclinantes. qui habitus non corrun-
1279 1052 2035 1104 puntur nisi per contraria: non enim per cessationem ab acti
1269 1097 2036 1140 bus: quia sic nulli habitus corrumpuntur: vt circa fi-
1266 1139 2039 1193 nem libri dist. xlix. prolixius deducemus. ⁋ Recol
1279 1185 2044 1235 ligendo fasciculos in quaestione dispersos etiam cum oc
1267 1231 2032 1276 currentibus, quod crebro epilogando facimus, pa
1273 1273 2033 1325 tet quod quilibet resurgens resurgat ad maiorem gra
1276 1319 2032 1364 tiam qui vnquam prius habuit. Et dico vlterius quod sicut
1266 1363 2023 1412 actus intensus infusionem gratiae meretur: ita actus
1272 1409 2029 1459 remissus remissam gratiam meretur. & sicut quilibet actus
1279 1453 2030 1505 quantumcumque paruus generat habitum le minorem quam actus
1272 1495 2036 1543 intensus: sic de gratia, non tamen quasi actus sit efficiens na
1266 1540 2042 1592 turale gratiae. ipsa. n. a solo deo creatur. Si quis enim actum
1266 1584 2033 1636 meritorium eliciat in instanti: gratia infunditur ei in eodem. si suc
1273 1627 2036 1675 cessiue: deus potest in quocumque instanti vel tempore illius elicitio
1279 1674 2030 1722 nis gratiam infundere. Sed verosimilius est quod succes
1273 1715 2042 1768 siue illam infundit secundum proportionem actus meritorii
1278 1755 2029 1816 qui gratia est prior in genere causae materialis. Et philures pat
1272 1808 2027 1861 ui actus meritorii tantum gratiae & gesiae merentur quantum
1275 1852 2029 1899 vnus actus intensus eis aequalens: vt pote quituor dilectio
1267 1895 2032 1951 nes dei quater elicitae, quarum quaelibet e vt vnum: aequa
1267 1936 2033 1986 lem gratiam & gloriam merentur cum dilectione dei intensa
1275 1983 2029 2034 vt quatuor / caeteris omnibus paribus. Sed contra hoc
1269 2027 2038 2071 adduci potest quod Apoca. iii. scribitur. Vtinam frigidus
1270 2069 2035 2124 esses aut calidus: sed quia tepidus es: & nec frigidus
1276 2116 2039 2168 nec calidus, incipiam te euomere ex ore meo. ergo
1272 2157 2042 2216 opera remissa & tepida non merentur gratiam & gerliam.
1270 2204 2033 2259 Respondetur per tepidum intelligitur torpens & acidiosus. sic
1267 2257 2039 2301 enim glossa interlinearis exponit. modo actus remissus
1278 2291 2027 2341 est bonus: torpor autem & ocium in omissione consistunt
1275 2335 2036 2384 Per frigidum intelligit illum qui deuitat transgressiones ti-
1266 2386 2032 2433 more poenae. Et glossa interlinearis dicit. quia spes
1269 2427 2035 2474 est de frigidis maior. Ex quo patet quod haec aucto
1266 2472 2035 2522 ritas non iuuat positionem beati Thomae, tenentem
1272 2512 2032 2564 ad hoc vt actus sit meritorius requiri quod eliciatur a to
1266 2556 2046 2615 to conatu gratiae. quia reor hoc esse falsum: & in secun
1270 2601 1748 2664 do illud latius reprobabimus.
1267 2648 2045 2726 ⁋ Distinctionis Vigesimaesecundae
1410 2706 1841 2795 Quaestio Secunda.
