2281 3315
457 317 1208 367 motiuis si ea vidissemus respondere conaremur:
455 357 1211 412 ideo quantum temporis penuria & variarum causa
465 405 1216 460 pus materiarum quas prosequi proponimus: permi
458 449 1217 504 serint: quaestionem vnam de aqua benedicta cum
474 494 1218 548 paucis de aliis benedictionibus terminabimus.
466 542 881 602 Et quaestionis titulus erit iste.
465 586 1168 686 ⁋ Distinctionis Vigesimaetertiae
619 677 1024 775 Quaestio Secunda.
783 765 1208 844 N aqua benedicta ali-
764 819 1213 886 lquid in ecclesia valeat: & ad quod
780 870 1210 931 Respondetur per conclusio
772 917 1220 977 nes sequentes. quarum Pri-
769 957 1213 1012 lma est: Aqua benedicta ali-
773 1005 1216 1069 quid valet. Probatur: quia tota
780 1047 1213 1108 ecclesia aqua benedicta vtiur
767 1093 1213 1145 u sed si nihil valeret / ecclesia ab
474 1148 1226 1189 uteretur, quod non est dicendum. ⁋ Secunda conclu
469 1183 1214 1232 sio. aqua benedicta non confert gratiam virtute
465 1233 1214 1286 operis operati. Probatur conclusio., nam ex eius op-
468 1271 1225 1317 posito sequitur quod aqua benedicta esset sacramen-
466 1319 1217 1371 tum: quia sacramentum est sensibile signum: vir
459 1367 1213 1417 tute cuius ex opere operato confertur gratia. sed fal
462 1408 1218 1462 sum est quod sit sacramentum, quod patet: quia omne
464 1451 1217 1496 sacramentum est a Christo institutum: hoc / demon-
456 1497 1220 1546 strando aquam benedictam / non est a Christo in
453 1543 1217 1598 stitutum: ergo non est sacramentum. Consequen
469 1581 1223 1636 tia tenet in Baroco. & minor patet: quia in nullo lo
456 1628 1208 1686 co iuris diuini continetur: nec ex aliquo nec aliqui
465 1665 1226 1723 bus sequitur. ltem aquam benedictam instituit Ale-
453 1723 1219 1774 xander Romanus pontifex a Petro quintus. &
463 1759 1223 1819 quia de isto a nullo ambigitur: non eget corrobo
459 1803 1228 1861 ratione. ⁋ Tertia conclusio. virtute operis operan
459 1850 1226 1898 tis confert gratiam. hoc est existens in charitate
465 1894 1222 1941 sumens aquam benedictam cum intentione de-
463 1938 1219 1988 bita habebit augmentum gratiae. Sed quia diceres
460 1983 1217 2035 ita esse de verrente pauimentum coenobii: ponitur
466 2031 1229 2085 quarta conclusio. ⁋ Aqua benedicta tollit peccata
468 2075 1225 2122 venialia. de consecra. dist. iii. cap. Aquam sale. &
463 2115 1214 2163 dist. iiii. c. Nec quemquam. Sed dices. illae auctoritates
460 2153 1223 2209 sunt hominium / quibus non est credendum. hoc non
473 2208 1217 2257 valet: quia in probabilibus vbi non potes contrarium
459 2250 1220 2297 ostendere: probis & eruditis viris credendum est.
466 2289 1220 2341 ltem probatur ratione. nam probabiliter indulgentiae possunt.
463 2341 1219 2395 tollere venialia si homini non placeant. quia tollen-
461 2379 1210 2432 do poenam eis debitam venialia auferuntur. lde
460 2424 1226 2473 faciunt boni motus interiores. ⁋ Quita conclu-
465 2469 1213 2521 sio. spiritus immundos aqua benedicta fugat: & ter-
465 2520 1221 2571 ram sterilem fertilem facit: & phantasmata expellit.
474 2557 1225 2619 patet per auctoritates inductas: quarum vna sufficit
460 2604 1215 2653 scilicet Aquam sale. & probatur ratione sic. si homo mu
456 2649 1223 2706 niat se signo sanctae crucis deuote: vel pronunciet
462 2687 1220 2769 hoc vocabulum lesus, confidenter: deus non per-
1290 305 2053 360 mittit ipsum a spiritu vexari nisi suae saluti con-
1300 354 2065 408 ducat. sed in aquae benedictae confectione potri
1295 406 2060 461 guntur praeces deo / & rogatur ipse quatinus haec fa
1294 446 2063 492 ciat, quando autem deus pie & perseueranter rogatur / exau
1299 487 2059 537 dit. Inuocate (dicit) nomen meum super filios
1303 534 2060 586 Israel: & ego benedicam eis. Numeri. vi. & psal-
1293 581 2059 624 mographus ait. Inuocabant dominum & ipse exaudi
1294 621 2062 679 ebat eos. Psal. xcviii. sed in benedictione aquae be
1296 669 2050 711 nedictae petit ecclesia daemones abiici & morbos
1296 712 2058 773 pelli: vt liquet ex oratione seu collecta, Deus qui ad
1300 752 2069 807 salutem humani generis. de aqua benedicta faci
1294 803 2063 849 enda. Si ergo oratio viuis valet ad impetranda
1296 839 2057 899 spiritualia, vel temporalia pro quanto ad spiritualia
1290 889 2054 947 conducunt: a fortiore oratio totius ecclesiae rogam
1290 934 2060 989 tis: vt aqua benedicta daemones / phantasmata / &
1296 978 2065 1029 morbos pellat. speciales quoque missae ab ecclesia
1293 1024 2071 1083 institutae sunt tam pro hominum quam pro bruto-
1302 1062 2066 1121 rum morbis expellendis semper cum aquae bene-
1305 1107 2060 1160 dictae aspersione. propterea prope lectos ad phanta
1293 1153 2059 1224 smata pellenda ipsam religiosi homines collo-
1306 1195 1370 1259 cant.
1314 1258 2076 1331 ⁋ Contra quartam conclusionem ar-
1309 1328 2060 1377 guitur. si peccata venialia aqua benedicta tollat:
1290 1369 2071 1427 maior aquae aspersio plura peccata tollit, quod patet vbi
1300 1413 2068 1465 quod in his quae culpam vel poenam diminuunt, que-
1309 1462 2068 1508 dmodum est contritio vel indulgentia. Et si ma
1306 1501 2059 1562 or aqua benedicta plura peccata tollat: non solum
1296 1548 2071 1598 caput est aqua aspergendum / sed & pedes, & crebro
1297 1593 2065 1642 aqua benedicta assumenda. ⁋ Respondetur, non
1297 1631 2058 1698 sequitur nisi ponatur actus interioris intentio: quia
1299 1674 2064 1734 forte aqua benedicta non tollit venialia ratione
1303 1723 2071 1782 operis operati sine actu interiore: tamen quia ordinatur
1306 1765 2072 1830 ab ecclesia religiosissimo rituiam continuato: spe-
1305 1816 2071 1879 cialiter peccata diminuit. nam si virtute operis operati
1303 1856 2063 1906 diminueret: aqua proiecta super dormientem vel
1293 1899 2060 1961 inaduertentem eius peccata aboleret, quod non
1300 1947 2068 1997 videtur dicendum. & quia maior madefactio faciei
1306 1989 2072 2038 & partium corporis est poenalior quam parua: ipsa
1309 2034 2071 2083 est magis meritoria, dummodo recte & debite su
1302 2080 2071 2127 matur. & sic de actus frequentia. Si vero eam quis
1309 2119 2058 2187 sumat ridicule: iam non prodest ei quicquam: sicut
1299 2164 2057 2234 nec aliae bonae operationes. & potest esse quod toti-
1309 2217 2059 2265 ens homo se aqua benedicta irroret: vt omnia
1309 2259 2063 2307 venialia sua aboleantur. ⁋ Colligendo summatim
1302 2303 2064 2357 quae diximus: certum est aquam benedictam esse
1299 2343 2071 2395 in ecclesia vtilem. Secundo dico: quod licet quis etiam
1300 2392 2068 2435 mediocriter institutus, vt loannes bicleffus Oxo
1296 2433 2069 2495 niensis baccalaureus nesciat ad quid aqua benedi
1305 2475 2061 2534 cta sit vtilis: debet tamen eam vtilem iudicare: quia de
1293 2516 2062 2575 bet ritum ecclesiasticum tot annis a valentibus pa-
1302 2563 2067 2618 tribus approbatum iudicare vtilem. sic autem est
1296 2606 2062 2664 de aqua benedicta. ltem haec consequentia est nul
1309 2651 2057 2704 a. ego nescio ad quid aqua benedicta sit vtilis: er
1296 2701 2063 2763 go aqua benedicta non est vtilis, quemadmodum
