2340 3352
468 268 1232 328 bus sunt sensibilia signa quae ordo dicuntur. & haec
471 331 1241 379 expresse est mens Magistri in praesenti distinctione /
478 362 1231 425 cap. x. vbi quaerit. Quid est ordo? sane dici potest
480 411 1235 468 inquit) Ordo est signaculum id est sacrum quod
477 457 1237 500 dam quo spiritualis potestas traditur ordinato &
471 502 1237 557 officium. Sed dicis. ex isto sequuntur hae conclusio
478 548 1238 598 nes: Sacramentum ordinis est frigidum: quando ca
480 584 1244 639 lix est frigidus. sacramentum ordinis caret vno di
487 636 1238 690 gito. licet sacramentum ordinis emere licite: quia
473 676 1243 728 illum calicem emere licite possum. & sic de patena.
486 724 1245 779 presbyter non suscepit sacramentum ordinis: quia
477 766 1237 821 non suscepit calicem, nec manus presbyteri. Respon
486 809 1244 865 detur. duae primae conclusiones sunt verae. de tertia
473 852 1244 904 autem propositione distinctione sequente futu-
481 894 1237 953 rus est sermo. quartam propositionem nego loquen-
480 939 1241 997 do vt plures. licet enim calicem non susceperit: tamen
474 989 1237 1035 facultatem habuit consecrandi corpus Curisti ve
483 1032 1243 1085 rum, & faciendi illa quae alii sacerdotes facere pos
475 1074 1247 1124 sunt. & hoc sufficit ad illius veritatem. Si cuipiam
486 1120 1250 1179 haec absurda videantur: petatur ab illo quae res sit
481 1167 1243 1220 sacramentum ordo: & logicam intelligens similia
479 1211 1238 1256 inferre poterit contra illum. Domini enim reales
486 1255 1241 1306 haec habent concedere in fundamento. & cum do
474 1304 1240 1354 mini nominales relationem a fundamento non po
480 1349 1244 1400 nant distinctam: quid mirum si haec concedant? ⁋ Se
486 1393 1241 1437 cundo notato quod de numero ordinum est discepta
473 1434 1244 1479 tio. aliqui enim ponunt septem ordines / quos Ma
476 1479 1240 1531 gister in litera ponit. & lsodorus. vii. Etymologia
487 1533 1250 1576 tum cap. xii. & sunt hostiariatus, lectoratus, exor-
483 1567 1246 1618 cistatus, acolytatus, subdiaconatus, diaconatus, &
480 1613 1246 1660 sacerdotium. primam autem tonsuram dicunt, inter
486 1656 1240 1710 stitium inter ordines & laicum: vt est nouitiaius in
486 1701 1250 1757 ter laicum & religiosum. Alii ponunt nouem: sed
486 1743 1255 1796 non est grande discrimen. Veruntamen ob paruas sua
474 1790 1244 1838 siones / & auctoritates pontificum modum ponen-
477 1838 1244 1884 di nouem ordines amplectar. textus enim pontificis
486 1882 1240 1932 ad hoc est expressus vt prima tonsura dicatur ordo. de
486 1923 1241 1980 aeta. & quali. ordi. cap. Cum contingat. vbi Inno. iii
486 1971 1246 2021 archiepiscopo Rothomagensi sic scribit. Cum con
478 2005 1244 2061 tingat interdum quod laici ad monasteria convolantes
486 2059 1241 2108 a suis abbatibus tonsurentur: requisiti an clericatus
490 2096 1253 2155 ordo in tonsura huiusmodi conferatur. Et in fine
486 2142 1244 2199 resoluens dicit. Clericalis ordo confertur, quod si tortuo
486 2186 1247 2239 se exponas: pari facilitate multos alios ordines ne
486 2238 1247 2288 gare possum: praesertim cum pro te rationem non
487 2278 1259 2328 habeas. Haec autem prima tonsura vocatur clerica-
483 2328 1246 2376 lis: clericatus: vel psalmistatus. Etiam episcopus po-
486 2375 1244 2424 test exercere aliquem actum, quem non potest sa-
489 2411 1235 2467 cerdos communis: vt confirmando & maiores or
492 2453 1253 2512 dines conferendo. & cum spiritualiter exercere pos
486 2502 1247 2553 sit aliquem actum in corpore mystico, quem non po
481 2545 1253 2599 test sacerdos communis: sequitur quod est ordo. An
486 2585 1253 2646 tecedens tamen hoc negaretur ab aliquibus de facul-
495 2635 1247 2684 tate maximi pontificis: vt patet ex dictis in sacra
489 2674 1244 2733 mento confirmationis. Etiam negabitur consequen
1315 267 2102 334 tia: quia dicent illud non sufficere: sed requiri quod ali
1321 328 2095 378 quid possit facere circa corpus Curisti verum, quod
1327 368 2084 420 non potest alius sacerdos communis, quod probari non
1329 415 2083 468 potest. Propterea arguitur ad idem. degradatus & qui epi
1333 456 2095 501 scopatum resignauit confert ordinem: licet non or
1320 500 2081 549 dinis exequutionem: ergo in eo est impressus cha
1314 547 2087 591 racter episcopatus indelebilis. Dicere nanque cum
1321 589 2093 636 Petro Paludano quod character sacerdotalis dilatatur
1323 634 2092 689 & non producitur nouus character in episcopa-
1314 680 2095 730 tu: nihil est: quia vel aliquis character producitur in
1330 723 2086 778 assumendo episcopatu: vel non. si secundum: nul
1323 767 2083 817 lo modo dilatatur. si aliquis: est verus character.
1326 812 2099 865 Prima ergo tonsura & episcopatus cum aliis se-
1336 857 2090 901 ptem vulgo enumeratis numerum nouenarium or
1327 908 2093 948 dinum / instar nouem ordinum angelorum faciunt.
1326 947 2083 999 ⁋ Et vt videas quando & in quibus signis horum
1324 987 2093 1036 ordinum potestates conferantur, Tertio notabis
1321 1028 2096 1090 quod quilibet ordo in illo signo imprimitur per quod
1323 1079 2087 1127 cum applicatione formae praecipuus actus illius or
1333 1123 2084 1168 dinis confertur, quemadmodum in baptismo & aliis
1324 1165 2096 1216 sacramentis. & particulatim in ordinibus declaro.
1317 1224 2095 1263 quoniam prima tonsura in ablatione pilorum confer-
1321 1263 2096 1307 tur. nam tunc homo incipit esse in sorte domini:
1332 1299 2095 1346 & minorem curam habere temporalium: & in signum
1333 1343 2095 1402 superfluitatum in bonis fortunae auferendarum tol
1324 1387 2090 1440 luntur pili. Per clauium traditionem character hostia-
1326 1431 2089 1481 riatus imprimitur: cuius officium est indignos a
1321 1477 2098 1529 sacramentis arcere: & dignos admittere. Exorcistae
1326 1523 2086 1571 imprimitur character cum accipit librum exorcismo-
1323 1566 2084 1625 rum: cuius officium est exorcismos memoriae com
1327 1614 2098 1668 mendare, & manus super catechuminos & energu
1332 1655 2093 1705 minos ponere. Lectori imprimitur character & po
1330 1700 2084 1748 testas lectoratus cum datur ei liber prophetiarum:
1326 1745 2082 1800 quia eius officium est prophetias legere: & catechu-
1319 1789 2099 1841 minos prima rudimenta fidei docere. Acolyto datur
1336 1834 2084 1889 potestas in datione vrceoli & candelabri: sed praecipue
1326 1880 2084 1929 vrceoli: quia eius officium est praeparare vinum &
1330 1923 2093 1971 aquam ad celebrandum. Subdiacono in porrectio
1326 1971 2081 2021 ne calicis vacui & patenae. quia principalis actus
1329 2015 2090 2062 eius est vasa dominici corporis & oblationes dia
1323 2056 2089 2108 cono offerre. & legere epistolam est actus secunda
1319 2096 2083 2149 rius: non principalis. Diacono imprimitur in datio
1338 2145 2093 2198 ne libri euangeliorum. tunc enim datur ei potestas
1338 2189 2081 2245 publice euangelium cantandi in ecclesia. in quo in
1321 2231 2090 2291 cluditur alius actus: scilicet dispensatio sacramen
1328 2283 2081 2331 ti eucharistiae, & potestas portandi corpus domini
1329 2325 2087 2369 in patena. In sacerdotio autem sunt duae formae
1333 2368 2093 2412 & duplicia materialia & sensibilia signa. Primo con
1329 2411 2086 2460 fertur ordinando panis, calix, & hostia: & forma
1326 2453 2087 2504 respondens est. accipe potestatem celebrandi. Se
1329 2504 2096 2552 cundo imponitur manus episcopi super ordinam
1326 2544 2096 2591 dum cum hac forma: accipe spiritum sanctum, ad
1332 2593 2084 2646 imitationem Christi: qui in vltima coena aposto
1326 2633 2087 2680 lis dedit potestatem super suum corpus verum:
1335 2675 2084 2737 deinde post resurrectionem super corpus suum my
