2331 3320
258 336 1006 403 verosimile est quod ille sicut Petrus recusasset: & pai
249 395 1016 443 sim inter apostolos ab euangelistis primus nume-
256 431 1022 499 ratur. Sed Christus dando ei ordines & episcopa-
255 477 1019 533 tum, etiam alios ordinauit. ⁋ Tertio arguitur. nihil est
249 521 1012 584 asserendum de diuinis nisi quod ex diuinarum scriptu-
248 565 1016 625 rarum testimonio vel ratione probari potest. sed apo-
248 610 1007 659 stolos alios a Petro fuisse ordinatos a Christo nec
244 649 1009 717 auctoritate nec ratione convinci potest. Respondeo. mi
243 696 1015 760 nor non est sufficienter probata. nam sufficit ex maio-
237 739 1016 800 tibus nostris habere fundamentum. Porro Anacletum
243 790 1001 844 apostolorum vicinum vel contemporaneum introducimus
243 835 1016 888 ad hoc conuincendum. c. In nouo. & refellitur argu
250 882 1007 924 mentum quaerendo ab aduersariis. vbi est factus Pe
243 918 1012 982 trus episcopus: non Matthaei. xvi quando dixit Christus
252 960 1009 1011 Quodcuque ligaueris &c. quia nondum erat sacerdos.
246 1007 1013 1055 & da vnum locum: idem dicam de aliis apostolis. per
248 1056 1012 1101 ista autem verba loannis vltimo. Pasce oues meas
244 1093 1003 1159 &c. ordinatus est vicarius dei generalis. Si dicas.
246 1137 1016 1199 constat quod Petrus est factus episcopus licet euan-
242 1185 1022 1241 gelistae non allegent determinatum locum. hoc eadem
252 1234 998 1288 facilitate dicam de aliis. Sed pro omnibus dicitur quod pri
242 1271 1016 1319 mo erant apostoli: & postea sacerdotes ordinati
243 1316 1010 1374 in coena: quia ante coenam nondum corpus Christi
249 1363 1010 1412 consecratu erat sub speciebus panis & vini: & in
237 1408 1003 1465 illa coena fecit eos sacerdotes cum dixit, Hoc facite
238 1451 1000 1501 in meam commemorationem. Lucae. xxii. nam satis eran-
241 1495 1014 1551 ab eo examinati sacerdotio digni. & est verosimi
250 1537 1009 1598 le quod omnes ordines eis contulerit: videlicet & alios sa-
244 1586 1003 1638 cros, & minores. etiam dedit eis in coena potestatem
249 1630 1000 1689 super corpus suum verum: & vt aliquibus placet etiam super
240 1685 1001 1731 corpus Christi mysticum in foro interiori: quia si non de
251 1716 1004 1775 disset eis potestatem super corpus Christi mysticum in
244 1761 997 1824 coena: non fuissent completi sacerdotes, quod reputa
240 1807 1001 1864 tur inconveniens. siue autem per eadem verba dedii
247 1862 1000 1908 eis potestatem super vtrumque: siue per alia, non refert, quia
243 1893 997 1958 vtrumque facere poterat. secus est de episcopis no-
249 1939 1000 1997 stris potentiam delegatam & subordinatam habentibus.
249 1982 1003 2039 oppositum tamen est communius super corpus Christi
250 2030 1001 2087 mysticum: & credo illud esse rationabilius. Post re-
249 2074 998 2125 surrectionem vero ordinauit eos episcopos omes
249 2122 1001 2173 loannis. xx per illa verba. Sicut misit me pater &
243 2163 997 2218 ego mitto vos. & cum dixisset: insufflauit & dixit
246 2214 991 2264 eis. Accipite spiritum sanctum. quorum remiseritis per
244 2252 995 2307 cata remittuntur eis: & quorum retinueritis / retenta
237 2298 995 2349 sunt, nec obstat quod post immediate subiungitur
249 2345 995 2394 Thomas non erat cum illis: quia Christus poterat eum
237 2397 998 2442 ordinare episcopum absentem, quemadmodum vt scribi
238 2433 997 2491 tur Numeri. xi. super Heldad, & Medad requeuit spi
250 2476 1001 2533 ritus absentes. etiam deus est vbique. Et quod istud sit
241 2521 1001 2572 rationabile ostendo. nam in coena fecit eos sacerdo
238 2563 997 2623 tes: ergo habebant potestatem super corpus Curisti ve
244 2607 1006 2656 rum & secundum aliquos super corpus Christi mysti-
237 2645 994 2699 cum. ergo per illa verba loan. xx. dedit eis aliam po-
249 2694 1001 2753 testatem constituendi eos magnos sacerdotes. i
246 2744 1007 2814 episcopos. Nec obstat quod hoc dicatur sacerdotibus.
1099 348 1862 399 quia idipsum dicitur in creatione episcoporum. Etiam
1102 394 1849 448 in aliis ordinibus non habes forma adaequatam qua
1096 435 1856 494 vsus est Christus quando ordines contulit. quare
1095 483 1853 538 arguere de ipso vt de episcopis nostris / est debile
1096 525 1847 585 argumentum. In super tu ipse da formam qua vsus est
1102 566 1850 614 Christus / creando Petrum episcopum. ⁋ Quarto ar-
1100 612 1856 668 guitur. Barnabbas & Paulus non sunt creati episco-
1104 655 1858 715 pi a Christo: ergo nec alii. antecedens patet. quia
1093 702 1858 761 Actuum. xiii. dicitur. Tunc ieiunantes, & orantes, impoi est
1095 745 1850 790 tesque eis manus dimiserunt illos. ergo illic facti erant
1098 789 1858 848 episcopi. Respondetur. consequentia est nulla: quia
1098 830 1856 877 non erant de sacro apostolorum numero duodena-
1077 873 1855 931 rio: sed apostoli separatim. Si dicas. ludas fuit episco
1092 925 1849 978 pus ante mortem. Nam psalmo. cviii. & Actuum pri
1093 964 1856 1022 mo dicitur. Et episcopatu eius accipiat alter. & tamen
1083 1008 1844 1067 ipse non erat ordinatus post vltimam coenam. ergo apo
1083 1052 1849 1093 stoli erant creati episcopi ante resurrectione. Re-
1092 1095 1853 1154 spondetur. hoc non iuuat aduersarios. ludas enim
1084 1138 1844 1193 nunquam fuit episcopus. Ad verbum autem allegatum
1093 1182 1841 1239 dicitur quod per episcopatum apostolatus intelligi-
1095 1229 1849 1273 tur. Tenedo etiam viam communem non fuit complete
1093 1272 1841 1334 sacerdos: quia super corpus Curisti mysticu nul
1092 1316 1457 1379 lam accepit potestatem.
1089 1374 1850 1450 ⁋ Contra tertiam conclusionem ar-
1096 1434 1847 1496 guitur sic. Pontifex comparatur soli. de Maio. & obe.
1092 1490 1843 1540 Solitae. & imperator lunae. modo luna lumen capit
1093 1530 1852 1591 a sole. igitur. ⁋ Secundo arguitur. Tacharias pa
1078 1574 1846 1632 pa deposuit regem Francorum, & instituit Pipinum pa
1077 1620 1844 1669 trem Caroli magni. vt habetur. xv. q. vi. c. Alius.
1086 1664 1849 1709 vbi Gelasius papa Anastasio imperatori scribit.
1084 1703 1840 1771 Alius item Roma. ponti. Aacharias scilicet, regen
1083 1752 1822 1812 Francorum non tam pro suis iniquitatibus quam pro eo qui
1080 1803 1850 1863 tantae potestati erat inutilis, a regno deposuit: &
1078 1844 1838 1890 Pipinum Caroli imperatoris patrem in eius locum
1071 1888 1847 1936 substituit: omnesque francigenas a iuramento fide,
1083 1932 1853 1996 litatis absoluit, quod etiam ex auctoritate frequenti
1083 1977 1831 2029 agit sancta ecclesia, cum milites absoluit a vincule
1071 2022 1834 2068 iuramenti. ⁋ Ad primum dicitur quod ex mystica theo
1077 2068 1844 2126 logia debile capitur argumentu. vt dicit Augusti
1083 2117 1847 2172 nus ad Vincentium Donatistam, & Dionysius in epi-
1083 2158 1837 2217 stola ad Titum, dicens quod symbolica theologia non
1072 2200 1838 2258 est argumentatiua. ltem vulgo dicimus. argumen
1078 2244 1846 2301 tum a simili claudicat vno pede. sed sufficit aliqualis
1071 2288 1846 2347 similitudo. nam sicut sol lumen suum. lunae commuicat:
1080 2330 1831 2395 iquod patet ex cornibus eius oppositis soli ipsi in quamdris.
1071 2373 1834 2433 & plenilunio in oppositione) sic fidem & illustratio-
1071 2418 1837 2482 nem in ambiguis fidei imperator a maximo pontifice
1074 2467 1835 2520 accipit. & hoc sufficit quo ad aliqualem similitudi
1083 2510 1841 2564 nem. Et reflectitur argumentum in arguentes. luna ali-
1083 2566 1831 2614 quod lumen ex se habet: vt videmus in deliquio lu-
1072 2597 1835 2661 nae cum sol est in capite draconis: & luna in cauda
1078 2648 1835 2706 vel contra. & dato quod luna nihil luminis habeat nisi
1080 2692 1837 2748 a sole: tamen influentiam aliam habet super humida:
1078 2741 1832 2808 cum medullae ossium sint in cremento lunae maiores.
