2310 3319
240 317 1006 378 uabis, quod ex poenis quas deus pro peccatis: scriptura
240 377 1012 427 pro culpis commemorat / edocemur sufficienter / quare
239 414 1006 465 has tribulationes in nos mittat: quia non est malum in
253 459 1004 509 ciuitate quod non fecit dominus: de malo poenae intelligo
251 508 1016 561 Ecce ergo multa mala quae ex malis epscois sequuntur.
244 551 1006 601 ⁋ Et adhunc idem ostendo sic. dans occasionem damnt
245 590 1006 644 aliquibus / tenetur eos releuare. modo instituens inido
240 646 1016 690 neu dat damni occasionem. Isti namque viri spirituales de-
244 679 1015 731 bent esse tanquam bases & colunnae in politia christia-
232 725 1004 780 na. modo vbi non est bonum fundamentum: nihil fir-
250 768 1006 828 mum superaedificari potest. i qui. i. Cum Paulus. & de praes
238 821 1013 869 byte, non bap. Veniens. Et sicut Salomon in templo
248 858 1006 912 materiali construendo lapides quadratos & politos
243 914 998 954 accepit: sic debet praelatus pro ecclesia construenda acc
240 949 1004 1007 pere viros probos: qui more tesserae vbicumque cadera
244 987 1003 1043 contingat, in vnam costarum cadant. Et rursus connexio
243 1035 1007 1087 virtutum episcopi / & ecclesiastici boni qui spiritualibus
253 1081 1008 1132 praesunt / regem & principes bonos efficerent vt
250 1132 1006 1177 diximus. nam mores regios, omnes asseclae seu curia-
244 1169 1009 1223 les libenter insequuntur vt eis complaceant: quia in sua
243 1217 1000 1266 curia est primum mobile. & sic de quolibus magno
243 1258 997 1308 viro in sua domo intelligas. Si autem rex & principes
245 1301 1004 1354 essent boni: in dignitatibus ecclesiasticis ad se non
233 1345 1003 1406 pertinentibus, queadmodum sunt episcopatus & bene
253 1391 1004 1449 ficia, non se ingererent. & si interdum rogarent / pro bonis
239 1438 997 1489 & probis intercederent: & boni canonici bonos epi
246 1479 994 1529 scopos eligerent. Concludendo itaque quales habes
244 1529 1004 1583 epos: tales habebis canonicos: & ediuerso. nam
240 1571 1009 1620 mali canonici & vetemo rubiginoso torpentes num
246 1611 1000 1670 quam eligunt seuerum & vigilantem episcopum ne eos
243 1658 1003 1716 puniat. Verbum namque est vulgare, similis similem sibi qua
243 1701 997 1758 rit. Episcopus vero improbus ambitiose ingrediens fa
241 1744 1003 1797 mulis, & aliis indignis / animarum curas committit: qui ad
250 1790 1010 1840 huc curiam vt plura habeant / insequuntur: deinde plus
246 1836 998 1880 offerenti ad firmam cura traditur: quem oportebit & il-
250 1878 1006 1931 literatum & in idoneum esse ad populum regendum. quia li-
250 1923 1007 1973 teratus & prudens nouit aliunde sibi prouidere: nec
253 1967 1004 2015 datur ei pro suis laboribus praemium condignum: propter-
243 2011 1007 2060 ea onus curae relinquit. Ecce ergo minorem ostensam
252 2055 1006 2116 quod innumera mala ex acceptione personarum sequum
246 2104 1003 2157 tur. Et licet in practica sic fiat inidoneorum promotio
250 2144 1007 2193 syncera tamen speculatiua eam contra rationem osten-
241 2188 1007 2239 dit. Quamuis etiam sit de vita / non tamen de honestate cle
241 2232 1000 2280 ricorum super altare dei ponere vitulos & hominium simu
237 2279 995 2329 lacra muta: doctos quoque ac probos subesse: & ido
234 2320 602 2383 la hominium monstra praesse
240 2376 994 2460 ⁋ Nunc aliquibus rationibus instabo
237 2444 996 2503 contra conclusionem vt distinctius cognoscatur idone-
253 2495 1010 2551 tas. Et arguitur primo sic. in idoneus capiens benefi
243 2538 1000 2593 cium non tenetur sub poena peccati ipsum resigna
241 2583 1000 2630 re. ergo ei beneficium conferens non peccat. anteceden
240 2629 997 2687 patet: quia paucissimos vel nullos beneficia ratione
258 2682 997 2727 peccati euitandi resignantes vides: ergo vel omnes
247 2720 1006 2786 beneficiati sunt idonei: vel multi sunt in peccatis
1096 320 1863 377 & in illis tandem moriuntur. ⁋ Respondeo. tam con
1083 365 1849 418 sequentia est neganda quam antecedens: quemadmo-
1096 412 1856 468 dum licet prodigus peccet dado creberrime: tamen capiens
1086 460 1855 506 non tenetur restituere datum. Secundo nego antecedens: & dico
1092 503 1847 559 quod tenetur resignare beneficium suis humeris impar: &
1083 544 1852 601 hoc quando cognoscit se inidoneum, vel cognosce
1095 595 1853 646 re tenetur. Ignorantia enim vincibilis non excusat quin
1090 635 1846 686 peccet. & concedo quod plerique manent in peccato non
1090 683 1850 728 restituendo / quorum multi nunquam faciunt conscien
1087 726 1856 770 tiam: etiam manentes in idonei. nam si erat quis im-
1084 768 1856 820 idoneus tempore acceptionis, peccauit heneficium
1080 816 1841 860 quo est indignus acceptando. & eadem ratione quo
1089 859 1853 904 libet tempore quo benificium tenet manens ini-
1083 902 1855 954 doneus. Secundo. sit sortes sciens facere omnia
1086 945 1850 994 quae a. beneficio incumbunt, sed tamen occulte malus
1083 992 1849 1044 & hypocrita. arguitur sic. Sortes tenens a. curam est in-
1083 1039 1856 1083 idoneus: & tamen non peccat tenendo a. curam: cum
1088 1077 1849 1131 sciat facere omnia quae illi curae incumbunt. Dicis
1086 1118 1861 1171 forte. potest alios reducere & rectificare se non rectifi
1087 1169 1846 1212 cato. Contra. impossibile est rectificare vmbram
1092 1215 1848 1268 virga illius effectiua non rectificata. ergo non potest
1077 1264 1862 1312 alios rectificare nisi se rectificet. Respondetur. si sit
1081 1301 1840 1356 occulte malus lasciuus vel auarus: nolo dicere quod
1083 1343 1853 1394 peccet tenendo beneficium: sed bene moraliter agit
1081 1386 1847 1440 licet non meritorie / manendo in peccato occulto-
1077 1432 1847 1492 nec est simile de vmbra & virga: vtpote in effectu
1080 1475 1855 1523 & causa naturali: & in agente libero. Vlterius dico.
1090 1524 1862 1576 licet homo labatur in peccatum publicum vel no-
1087 1564 1852 1616 torium carnis, quod maximae infamiae est in vulgo
1081 1610 1844 1655 non tamen tenetur restituere beneficium, modo
1087 1652 1856 1707 sit in proposito efficaci emendandae vitae: quia suc
1083 1705 1854 1751 cessu temporis ostendet se in alium virum muta
1089 1742 1847 1796 tum. Oppositum autem est nimis durum. nam considera
1075 1786 1850 1839 re oportet, homines nos esse: & non esse arborem sine
1080 1831 1844 1887 nodo. Propterea non opinor cum dicentibus quod
1083 1878 1843 1928 existens in mortali non facit fructus suos in be-
1083 1922 1849 1967 neficio. ⁋ Sed contra istud argumentor. bonitas pu-
1087 1964 1847 2019 tata hypocritae fuit causa quare bonus episcopus
1087 2010 1853 2058 huic beneficium contulit / qui reuera est hypocrita
1086 2052 1841 2099 modo deficiente causa deficit effectus. ergo cum
1087 2098 1853 2149 non esset intentio episcopi ei conferre beneficium: non
1081 2142 1850 2203 habet iustum titulum in eo: & per consequens ad resigna
1086 2188 1844 2242 tionem tenetur. sicut diues simulans se pauperem / elee
1083 2229 1847 2277 mosynam capiendo: eam restituere tenetur. Respondetur conce-
1081 2275 1844 2323 dendo quod bonitas morum fuit vna causarum quaere da
1083 2319 1840 2365 batur huic beneficium. sed idoneitas est casa praecipua: & alia
1080 2363 1841 2423 debes reputari accidentatia. alioquin no esset stabilimen
1081 2406 1840 2453 tum in coscientiis hominium de retinendis beneficiis. Et lic-
1084 2453 1846 2507 epus non intenderet conferre huic beneficium nisi stan-
1085 2497 1846 2543 tibus his duabus causis: tamen intentio cadens
1077 2540 1849 2600 super vnam causam est praeter rationem: si intendit quod
1083 2586 1844 2629 non haberet beneficium & ipsum restitueret si non ha-
1082 2628 1849 2678 beret illa duo. Nec exemplum adductum de diuite con
1078 2674 1847 2724 cludit quia reuera diues non est obiectum eleemo-
1089 2719 1859 2783 synae: sed omnino esset simile si aliquis nebulo
