2303 3319
434 312 1198 375 inidoneitatis acceptum, restituere non tenetur, nec
432 368 1201 414 etiam senex: etiansi sit minus aptus ad beneficium
433 411 1205 468 quam cum esset iuuenis: qui tamen nonnunquam est iu-
438 451 1200 504 uene magis idoneus. Cum his omnibus stat quod in ido-
433 503 1199 552 neo conferendum est beneficium quando putatur er-
430 547 1199 594 rore inuincibili esse maxime idoneus: vel si non ha
440 587 1202 642 beatur idoneus. nam vbi non est marpesia cautes:
436 629 1205 695 ex latere coctili aedificandum est. etiam aliquis est
439 683 1082 745 bonus homo & malus pastor, & contra.
458 735 1205 834 ⁋ Distinctionis Vigesimae quartae
617 821 1019 920 Quaestio Quinta.
785 904 1196 983 Vinto circa hanc
780 976 1196 1027 distinctionem, & secundo cii
778 1019 1210 1077 ca materiam beneficiorum
774 1063 1196 1123 quaeritur. an liceat dare habenfi
784 1107 1211 1165 cium paruulo octo vel de-
789 1151 1207 1211 tem annorum. ⁋ Respon
784 1197 1211 1261 detur negatiue ex conclusi
451 1243 1210 1300 one praecedentis quaestionis: cu nesciat facere op
444 1288 1213 1345 ficium beneficio debitum. & continetur istud expresse
448 1333 1216 1385 de praeben. c, quod sequitur. Super inordinata ordinatione
441 1378 1216 1427 & infra. Cum autem illi sint in ecclesiis idonei repu
454 1426 1213 1479 tandi, qui seruire possunt, & volunt in ipsis: con
442 1467 1213 1521 sultationi tuae taliter respondemus: quod pueri & bene-
441 1509 1207 1566 ficiati o non pabent in eadem ecclesia deseruire: in ea
454 1556 1216 1609 non debent idonei reputari. Et patet. i. qui. i. Pueri
454 1596 1222 1653 &. c. Estote. de elect. Cum in cunctis. Nollem tamen
457 1649 1210 1696 constanter negare quin impubi bona indole duo-
453 1682 1211 1740 decim vel tredecim annorum possit dari in casu
447 1732 1214 1789 sacellum vel aliquid tale: si aliunde non habeat pro
453 1780 1210 1825 uisionem: quia illud non requirit nisi orationes
462 1825 1213 1881 quas iste effundere potest. sed non est idem de cu
456 1873 1226 1918 ra animarum / nec de canonicatum. Et praeter cau-
462 1910 1217 1961 sam quam tetigimus: quomodo potest noctu &
459 1953 1227 2011 aliis horis diurnis / interesse diuinis in choro, & fa
463 2012 1226 2055 cere quae canonicum decent: & consulere episco-
468 2048 1220 2103 po in capitulo: vel communitati canonicorum in his
463 2099 1211 2144 quae ad eos spectant? Et licet beneficia dentur quo
462 2133 1232 2187 dammodo intuitu personae / & iste multum egeat
457 2181 1228 2232 hoc non sufficit. nam multi sunt aetatis proue-
456 2221 1226 2279 ctae / etiam egentes: omnia quae tali officio incumbunt ex-
463 2267 1228 2320 equi idonei. Indignum est ergo immo iniquum
456 2311 1229 2360 illis postpositis, praeferre ineptos. Hinc beatus Ber
457 2361 1222 2407 nardus in epistola ad Theobaldum comitem scri-
468 2399 1225 2450 bens inquit. Honores & dignitates ecclesiasticas
465 2444 1228 2496 non ignoro deberi iis qui digne eas secundum deum
463 2494 1238 2546 administrare velint & possint. Porro eas acquiri
466 2543 1232 2589 paruulo vestro meis & vestris precibus: nec vo-
468 2579 1238 2643 bis iustum, nec mihi tutum noueritis. & quae se-
462 2624 605 2690 quuntur.
457 2692 1231 2766 ⁋ Sed contra hanc determinationem
1268 300 2005 363 argumentor. Videmus interdum principum filios
1281 356 1604 413 tra vigesimum annu
1282 399 1913 451 cia vt episcopatus. ergo a fortiori possu
1282 443 1718 495 re minora beneficia. Sed rest
1278 485 1955 544 quaestionem facti non respondet iurisconi
1284 532 1813 582 Arguitur ratione. tales cum suis
1282 580 1915 635 bona ecclesiae / & eius libertates tueri me
1282 626 1718 682 pauper & probus. ergo ad be
1275 668 1955 721 idonei. ⁋ Praeterea trigenarius potest habi
1275 716 1916 765 scopatum. sed sunt aliqui octodecim ar
1275 760 1925 808 ti / in scientiis & bonis moralibus multo
1276 799 1958 854 instituti quam seniores. ergo illi senibus praeposi
1275 848 1718 904 sunt negligendi. ⁋ Ad prir
1293 895 1963 946 guendum: illa particula dempta quod bona eo
1290 934 1921 983 melius tueri possunt quam alii. Respondeo i
1287 981 1960 1034 do. nam diuitias sanctitas peperit & manutene
1287 1026 1913 1086 namque vitae sanctimonia insignis plus so
1294 1064 1912 1128 siae profuit quam viginti filii regum pro conserua
1291 1112 1916 1167 clesiae bonis. ediuerso bona episcopatus
1281 1156 1914 1214 guineis istius nobilis dissipantur: & si aliquam pea
1290 1197 1922 1250 nuteneant: hoc est pro sua particulari vtilitate
1282 1245 1952 1297 intentionem bona conferentium. sicut fabui
1287 1289 1738 1350 mustela & patrefamilias. C
1282 1335 1913 1390 allegauit patrifamilias quod ei profuisset cor
1288 1377 1751 1438 mutes: respondit alter. hoc er
1290 1421 1763 1483 modo tuo. Sic nobiles haec bo
1299 1467 1964 1527 peribus neglectis deuorent. ⁋ Ad secundum ari
1287 1520 1724 1574 tum nego quod quilibet trigenarii
1290 1558 1964 1607 ministrando episcopatu, vel etiam cura idone
1299 1604 1720 1663 enim aliqui tales pueri moribus,
1293 1645 1963 1705 i. Ethicorum. de moralis philosophiae inidoneo a
1300 1688 1729 1746 re. Alii autem sunt senes sensu &
1302 1737 2011 1782 pulchre dicitur Sapientiae. iiii. Senectus enim venera
1297 1776 1745 1839 lis est, non diuturna, neque ani
1296 1823 2069 1878 ta. cani autem sunt sensus hominis: & aetas senectutis vi
1299 1869 2051 1917 ta immaculata. ldem habetur. lxxxiiii. dist. c. Porro
1311 1913 2056 1969 Illud autem est vnum positiuum humanum quod trige
1308 1956 2065 2008 narius possit habere episcopatum & non inferior
1293 2007 2065 2062 in annis: in quo potest conditor canonis dispensare. &
1302 2045 2065 2109 circa talia positiua annorum theologus pro hominium
1303 2105 2066 2146 conscientiis loquens / non debet insistere. Sed sto-
1306 2133 2074 2195 in hac maxima in lumine naturali nota, quam etiam
1300 2181 2071 2236 ex pontifice proxine allegauimus in. c. Super inordi
1305 2223 2078 2275 nata. de praeben. Stat dare aliquem natum solum. xxviii.
1307 2268 2074 2322 annos acceptandum: & quinquagenarium sacerdotem
1305 2313 2065 2369 nobilibus etiam natalibus ortum, de necessitate sa
1305 2358 2078 2416 lutis relinquendum: propter vnius idoneitatem & al
1309 2401 2074 2457 terius inidoneitatem. Et concedo totum quod argumentum prae
1315 2445 2077 2493 tendit: quod scilicet minus malum est in casu etiam coferre epsoatum iu
1314 2492 2080 2545 ueni bona indole. xviii. annos nato quam trigenario
1314 2547 2074 2594 aequamliter nobili / colluuie sordium & vitiorum irretito.
1314 2579 2081 2629 sed nego quod alterutri eorum beneficium conferre
1314 2630 2080 2682 potest superior. Contingit enim plerunque iuuenem
1317 2670 2086 2731 male natum / ob praeceptores & formidine poenae
1313 2719 2086 2784 in exteriore homine bene viuere: qui sibi relictus praeceps in
