2308 3318
459 334 1211 409 probe tenent: sed debent eos exhortari vt benefi
454 400 1196 449 cia quibus sunt indigni relinquant: quae si relinquaere non
441 437 1207 485 luerint, eis valedicant. aliis autem licet interdum
450 491 1196 532 eruditioribus non ita exemplaris vitae viris non
450 524 1204 577 est sic indecens adesse & cohabitare. Non tamen
457 574 1201 623 constanter negem: vbi probetur & comperiatur a bonis
457 621 1211 670 viris, optima indole iuuenis. xx. annos natus aut
451 657 1200 711 circiter, quin ei possit conferri etiam grande beneficium
448 712 1210 754 modo sit verosimilis spes de continuanda hone
458 753 1201 801 sta vita: in qua suapte natura sit perseueraturus: quia
449 793 1192 847 probis parentibus ortus. Nam ex bonis parentibus
453 840 1201 889 boni nascuntur liberi. primo Politicorum. etiam bo
453 878 1205 930 ni parentes probos adhibebunt viros: qui eum mo-
454 926 1198 976 derentur & instituant: quales nonnullos ex primori
457 967 1200 1016 bus iuuenibus in Gallia nominare possum. No-
441 1012 1199 1069 lo itaque iuuenem aliquem talis aetatis / his circumstantiis
448 1068 1208 1114 adiectis dicere obnoxium / beneficium etiam episco-
446 1099 1210 1162 patum recusare: & per consequens assistentes non te-
451 1149 1213 1199 nentur hoc ei suadere: hoc saluo quod partes episcopi exe-
441 1188 1201 1237 quentes omnia circa episcopatum ita probe faciant ram in con
448 1230 1199 1284 ferendis beneficiis quam in aliis vt quicunque vicinus episops
445 1276 1193 1331 tales certe laudo dumodo plura non petant: alioquir
441 1328 1208 1374 manifeste latitudinem inidoneitatis ingrediuntur. hoc
444 1364 1198 1415 tamen non obstante beneficii collator vel ad conferer
453 1412 1192 1464 dum coadiutor / non tenetur credere / immo male fi
453 1457 1205 1506 cit credendo familiaribus tali iuueni vel amicis
451 1509 1199 1553 eius: asserentibus eum esse idoneum. nam con
448 1546 1200 1594 tingit eos fauore sanguinis vel amicitiae falli. cum
455 1587 1196 1642 hoc tamen pro eo laborantes omnibus his circumstantii
450 1635 1211 1691 positis quas posui, forte non delinquent. At secu
447 1677 1198 1729 rius est in foro conscientiae intercessoribus & col
447 1720 1202 1771 latoribus, iuuenes etiam optimae famae in mori-
454 1764 1210 1821 bus relinquere: & assumere viros cognitos valen
446 1811 791 1875 tes / si haberi possint.
469 1863 1203 1961 ⁋ Distinctionis Vigesimaequartae
660 1947 1007 2046 Quaestio Sexta.
756 2033 1202 2127 Exto in hac distincti
772 2114 1205 2171 one / & tertio circa hanc mate-
765 2157 1204 2219 riam beneficiorum quaeritur: quomodo
778 2206 1208 2263 ab inidoneo idoneus segre
777 2248 1201 2311 getur. Et arguitur quod non requiritur
781 2291 1196 2343 magna scientia etiam in episco
772 2344 1199 2396 po: & minor scientia ad cu-
757 2381 1198 2437 ram animarum in inferiore sufficit: in
448 2433 1195 2480 mo non requiritur scire congrue loqui. nam datis duc
445 2472 1211 2525 bus sorte & platone aequaliter scientibus: platone tamen
447 2514 1201 2573 prudentiore in agibilibus: plato est praeferendus: quia ma
447 2561 1192 2617 gis idoneus, ex postea dicendis in hac distinctioni
449 2605 1198 2660 ergo aliquid prudentiae alicui scientiae aequi:
438 2646 1196 2698 ualet. tunc detur vnus magis prudens quam plato,
448 2695 1193 2746 minus sciens quam alteruter istorum. ille est ita idoneus
444 2744 1192 2801 vt vnus istorum. & sic ascendam per prudentiam
1281 339 2062 403 & diminutionem scientiae: quousque detur vnus vix la-
1284 399 2057 450 tine sciens, etiam cura animarum dignus. Praeterea non
1281 447 2060 497 requiritur semper resident: a in beneficio, vt postea
1282 483 2051 541 dicemus. ergo ad beneficium iuste tenendum sufficit hare
1284 529 2053 579 bonum vicarium loco suo. sed talem facile habere po-
1287 577 2053 629 tes: ergo vix congruus (vt dicunt) & literarum ne
1278 621 2059 672 scius sufficit: nec requiritur scientia vlla ad curam pa
1275 659 1439 715 storalem
1285 718 2058 802 ⁋ Hanc quaestionem difficilius est
1285 804 2060 853 enodare in particulari / quam implicitos lororum Gor-
1291 839 2054 889 dii nexus dissoluere: vel planetarum motus in ec
1285 887 2059 934 centricis & epicyclis discernere. Nam licet haec propon
1288 932 2051 986 ex terminis sit patens: nulli in idoneo conferendum
1291 976 2048 1029 est beneficium: tamen Titio demonstrato vel Me
1294 1023 2048 1077 uio dubium erit an iste sit idoneus / an in idoneus
1290 1061 2044 1116 Sed quia vt dicitur primo Ethicorum sermones
1294 1111 2053 1151 vniuersales in morali philosophia parum vtiles
1278 1150 2054 1202 sunt: particularius secundum temporis angustiandescende
1276 1198 2052 1250 re elaborabo: in primis argumenta proposita euacuan-
1276 1243 2057 1294 do. Primum argumentum tangit difficultatem
1272 1280 2056 1328 an scientiae prudentia aequiualeat. Et pro illo in-
1285 1331 2047 1377 telligendo scito quod scientia discemendi inter pec
1281 1377 2047 1426 cata est scientia de qua loquimur. Scientiam enim
1281 1412 2057 1464 non capimus posterioristice. nam logica & natu-
1285 1463 2054 1514 ralis philosophia hic non sufficiunt: licet requiram
1283 1507 2051 1559 tur ad ista penitus cognoscenda, nec debet esse ser
1279 1552 2045 1603 mo de prudentia rerum externarum a beneficio
1282 1591 2039 1643 quare de alia prudentia non debet esse compara
1278 1640 2050 1683 tio. modo illa prudentia a scientia ferme omnino
1285 1680 2044 1736 dependet. Prudentia enim est iudicium de recte
1281 1731 2054 1778 agendis vel omittendis, quod scientiam circa hanc
1280 1773 2053 1826 artem requirit. Hoc sic declaro. sit aliquis occul-
1282 1814 2053 1867 tus peccator cognitus a curato, corpus Christi in
1282 1859 2048 1910 publico in pascha petens: prius quam curatus recte
1285 1909 2039 1961 iudicet de ministrando ei corpore Curisti vel ne-
1288 1949 2056 2004 gando: requiritur quod praesciuerit quid facto opus.
1291 1992 2039 2041 sit ad hoc vt recte agat. Similiter ad hoc vt iu-
1285 2036 2055 2092 dicet aliquem esse absoluendum vel non / super
1276 2087 2054 2139 aliquo contractu intricatissimo: oportet illum prae-
1285 2120 2039 2172 cognouisse vel antecedens ad hoc. Fodem mo-
1285 2171 2039 2220 do in canonico vt consulat episcopo: & magis in
1282 2217 2048 2265 decano & archidiacono. Parua vero prudentia
1285 2257 2047 2303 circa externa / loquendo cum mundanis sufficit.
1288 2298 2051 2351 Ex quibus patet solutio primi argumenti: quia
1281 2345 2048 2398 prudentiam exterram comparare scientiae no est
1281 2393 2050 2449 ad propositum. Vlterius dico quod ista prudentia incolli-
1288 2442 2051 2486 gendis pecuniis vel inhoneste augendis prouen
1277 2486 2030 2537 tibus ecclesiae / non est vera prudentia: nec vllo pacte
1275 2528 2047 2578 ad prudentiam ecclesiasticam spectat. Variorum
1276 2578 2049 2621 autem actuum appetitiuorum variae sunt prudentiae: nec
1288 2613 2058 2665 vna est omnium: vt in tertio amplius dicimus. Ve
1278 2660 2051 2710 ra prudentia ecclesiastica est iudicare nihil esse col-
1282 2699 2052 2752 ligendum nisi sit honestum: & post victum & vestitum
1279 2750 2045 2809 reliquam partem in vsus pios conferre: vt postea di
