2336 3330
483 371 1247 437 nemo baptizatur in vtero. Nec sufficit baptizare
492 436 1247 490 matrem ad baptizationem paruuli: cum sint duo sup-
490 483 1259 531 posita, nec duo baptismi sufficiunt. quia non sufficit
490 528 1255 582 mediate paruulum abluere. & quando ita fieret: quod posset
493 567 1256 612 aliquis aqua tangere paruulum in matrice: hoc no suf-
483 607 1252 661 ficeret ad baptismum: quia nondum est natus extra vterum
486 658 1246 702 in parte vel in toto: licet bene sit natus in rerum natura:
489 700 1249 751 hoc est, philosophice natus: cum sit progressio de non ess
487 744 1256 791 in esse: & mutatio huius totius in hoc totum nullo sen
489 788 1250 836 sibili manente eodem. Paruulorum autem baptismus non est
486 840 1259 892 differendus propter teneritatem: licet sint in periculo vi-
498 880 1253 925 uendi. Teste philosopho. vii. de animalibus. foetor extin
493 925 1199 985 ctae candelae in muliere praegnante causat abortum.
478 974 1256 1052 ⁋ Quinto arguitur probando quod con
477 1044 1259 1093 ditio conditionalis repugnet intentioni baptismi.
484 1091 1253 1144 baptizet Sortes Platone sub hac conditione, ego te
484 1135 1252 1193 baptizo si placet patri tuo: quaeritur antequam illud pue
487 1183 1252 1228 nit ad patre: an ille sit baptizatus. si sic: Cotra, non ba
477 1229 1243 1279 ptizauit eum nisi ex conditione, ita quod si pater non fuil
477 1269 1258 1318 set contentus: non esset baptizatus. ponatur interim mor
484 1314 1247 1368 tuus antequam patri constiterit. Si dicas. tunc primum quando
487 1358 1243 1410 pater incipit esse contentus / est baptizatus: Contra
493 1405 1240 1450 verba & aqua simul applicabantur: & tunc quo ad
474 1449 1238 1496 consensum patris non erat baptizatus: & per eius so
481 1488 1248 1550 lum consensum est baptizatus. ergo verba & aqua
480 1538 1252 1584 nihil faciunt. Forte dicis: omnis conditio repugnat.
493 1577 1252 1638 Contra est quod dicitur extra de baptismo & eius effe
487 1623 1251 1684 ctu. c. De quibus dubium est. & allegatur supra. ltem pa
484 1669 1256 1719 tet de sponsalibus. ⁋ Et confirmatur. presbyter sic ba
489 1717 1255 1765 ptizans: in nomine patria & filia &c. baptizat. vt supra
484 1765 1253 1819 patuit. sed patria & filia non sunt termini synony-
480 1800 1249 1852 mi cum patris & filii: ergo si loco (nomine), dicatur nomi-
475 1849 1244 1895 nibus, vel loco patris dicatur patrum, baptizabit: cum
487 1886 1247 1944 forte numerus non mutet synonymitatem. ldem patet
487 1930 1243 1988 de trallo & balbutiente proferente l. locor. qui proferi
480 1980 1249 2032 in nomine patlis. vt temulenti edentuli & adusti melan
480 2022 1243 2073 cholici solent. ⁋ Ad quintum respondetur quod Sortes
483 2072 1237 2117 nihil facit in casu, quia talis conditio repugnat for
480 2115 1243 2161 mae baptismi, quae dependet ex euentu futuro patris
477 2160 1250 2207 vel alterius. Alia est conditio nunc inexistens: secus est
481 2202 1242 2261 de illa. vt dicens, si non es baptizatus ego te baptizo,
474 2256 1234 2304 certitudinaliter nunc baptizat si alter non est baptizat
484 2297 1242 2347 propter existentiam conditionis. Sed contra istam conditiona
481 2339 1243 2387 iem baptizationem sic arguitur. sufficit in casu dubio
487 2380 1240 2437 dicere categorice. Ego te baptizo in nomine patris &
475 2426 1246 2475 filii & spiritus sancti, quia si non est baptizatus iam bapti
478 2467 1237 2518 zatus euadit: si est baptizatus antea: iam postquam est
474 2512 1244 2575 homo regeneatus, nihil suscipit. Respondetur sicut argumentum
481 2561 1235 2612 arguit quando categorice aliquis baptizaret si talis de
475 2606 1240 2653 quo dubitatur non fuerit ante baptizatus: iam baptizatur
480 2645 1229 2700 de nouo: si fuit baptizatus iam nihil fit. sed ecclesia
473 2687 1234 2750 vt opinor) videns aliquos euntes bis ad baptismum
471 2733 1234 2800 hoc prohibet. & ne daret occasionem scandali pusillis qui
470 2778 1240 2855 facile in casu existimarent talem de quo est suspitio
1335 386 2096 452 esse bis baptizatum, imposuit ecclesia talem modum lon
1338 443 2106 497 quendi suis filiis. De coditione in matrimonio dicatur:
1341 487 2092 537 licet sint conditiones in sponsalibus: non tamen in matrimo
1341 533 2099 583 nio quod est sacramentum: sponsalia autem non sunt sacra
1345 569 2103 629 mentum: categorice enim contrahitur sacramentum matrimo
1341 616 2103 682 nii. Si dicas: ponamus quod pater consentiat me proferen-
1335 663 2102 717 te verba conditionaliter: vel quam primum meus casus au
1333 702 2100 769 ribus eius increbuit. Respondetur: si consentiat in fine,
1338 751 2102 815 non est paruulus baptizatus: quia ante non erat baptiza
1335 800 2105 850 tus. si nunc sit baptizatus, solus patris consensus fa
1338 846 2095 903 cit hunc esse baptizatum. Sed haec ratio non est perempto
1336 885 2095 933 ria: quia dicetur quod non solus consensus patris hoc facit
1329 928 2104 982 sed assensus cum forma praeuia. Quo non obstante opi
1330 979 2098 1025 nor sacramenta debere habere coditionem extantem: &
1335 1013 2102 1081 sic si aliquis baptizaret paruulum Platonis hac lege
1335 1059 2099 1123 si pater consentiret: & interea mortuo filio / pater com
1336 1102 2099 1168 sentit: puer decessit non baptizatus. Si vero pater con
1333 1153 2096 1212 sentit dum verba proferuntur, vel puero existente: res non
1335 1202 2108 1260 est ita lucida propter existentiam conditionis. Dico quod con-
1336 1235 2089 1293 ditio praesens vel praeterita quae est certa non impedi
1335 1280 2087 1347 formam baptismi. quia illa iam iexistit: vt te baptizo
1336 1325 2102 1387 si non sis baptizatus: hoc non dependet a conditione ex-
1327 1367 2094 1429 triseca, sed a baptizante & baptizato: & ita certa est
1327 1415 2098 1469 haec forma, ac si categorice applicaretur baptismus: &
1327 1463 2102 1522 talem formam deus suscipit: non aut conditionem dependen
1339 1506 2096 1556 tem ab extrinseco. Probabilius est etiam quod talis est
1330 1543 2102 1610 baptizatus: modo picitur assensum praebeat tempore prolationis: cum
1330 1591 2085 1655 conditio iam inexistat siue ab extriseco siue ab intrir
1336 1633 2097 1699 seco conditio dependeat: nec incertitudo impedimentum
1330 1685 2106 1738 praestat. vt patet in multis conditionibus de praeterito: &
1320 1735 2093 1781 mitior pars vbi non constat de opposito, est tenenda.
1333 1772 2089 1823 Sed cotra: sequitur quod paruulus est baptizatus per hoc
1321 1815 2090 1871 quod sortes est in templo cum baptizo paruulum ea condi-
1326 1867 2093 1923 tione: & sic latebit an sit baptizatus, sicut potest latere
1330 1909 2096 1970 conditio, vtputa de aliquo aspectu planetarum in cae
1326 1945 2084 2013 lo. Illa ratio non vincit. vbi enim est dubium an paruu
1329 1989 2084 2057 lus sit baptizatus: est remedium sufficiens propter ambus
1330 2041 2092 2105 guitatem quae potest emergere in istis conditionibus, quia ca-
1329 2088 2094 2145 uendum est a tali modo baptizandi: & potissimum quando
1325 2125 2084 2194 est dubium de conditione, vt ego te baptizo si sol sit
1320 2170 2090 2228 in primo gradu cancri: vel in primo minuto illius
1319 2213 2074 2283 gradus. hic erit dubium an puer est baptizatus propte
1321 2263 2093 2318 dubitationem in quo minuto primi gradus cancri
1329 2313 2087 2360 nunc sit sol. secus est hic, ego te baptizo si non sis ba-
1324 2348 2086 2408 ptizatus: licet enim dubitauerim ante prolationem verbo
1326 2399 2081 2448 rum an is sit baptizatus, in fine non dubito: secus erat
1314 2437 2090 2492 in aliis. ⁋ Ad confirmationem conceditur antecedens &
1321 2485 2084 2540 negatur consequentia. quia nec audiens iudicat nec modus
1324 2525 2083 2577 loquendi innuit quod ille simplex praesbyter volebat non
1314 2576 2077 2621 minatiuum vocatiuum vel ablatiuum huius nominis patria
1324 2611 2090 2668 vel filia proferre. sed solum corrupte protulit. sed circa eum
1323 2659 2077 2710 dem casum & numerum maior est dissonantia conci
1322 2704 2081 2756 ptus mutando in plurale. Sed contra dicis: tantum
1320 2755 2084 2807 est mutare literam a tergo quantum a fronte: sed dicen-
1313 2798 2086 2862 do, baptizo te in nomine matris & filii, non est ba-
