2340 3360
486 333 1255 397 festa est haec maior: quia non aliam ob causam gna
490 380 1250 431 rus in arte nautica in naue praefertur perito calcifici. sed
492 428 1257 484 theologus nouit melius illa facere quae officio pasto
489 476 1256 520 rali incubunt. igitur. Probatur minor. nam actus po-
490 520 1252 569 tissimi in cura animarum sunt isti: ministrare sacra-
496 565 1250 612 menta / euangelizare verbum dei / discernere inter
489 602 1255 666 peccata mortalia / imponere poenitentias arbitrari
489 649 1253 703 as & consimilia. haec autem melius nouit theologus, vt
499 695 1264 749 cuilibet notum esse debet. Insuper nulla doctrina est
495 748 1255 794 ecclesiae aeque vtilis vt theologia: ergo theologus
489 780 1268 837 inter doctos in republica est maxime vtilis. Ante
492 824 1253 873 cedens patet ex Apostolo. ii. ad Timotheum. iii. di-
493 870 1253 920 cente. Tu vero permane in his quae didicisti & credi-
490 922 1261 968 ta sunt tibi: sciens a quo didiceris: & quia ab infan
493 954 1267 1012 tia sacras literas nosti, quae te possunt instruere ad
490 999 1267 1050 salutem per fidem quae est in Christo lesu. Omnis
496 1047 1261 1097 enim scripeura diuinitus inspirata vtilis est ad docen
492 1096 1258 1138 dum / ad arguendum / ad corripiendum / ad erudien
486 1137 1264 1179 dum in iustitia. Forte dicis. canonista nouit omnia
489 1179 1274 1232 haec per illa quae habet in corpore iuris. Contra. mul-
492 1230 1262 1271 ta habet theologus in iure non inserta seu vt di-
501 1269 1264 1320 cunt, incorporata. etiam non potest adeo perite disse-
501 1308 1267 1361 rere aut loqui vt theologus: quia circa artem illam
495 1356 1277 1409 non sic versatur. nam opposito dato non esset sim-
502 1402 1267 1457 plex canonista. In super conclusiones in theologia de-
498 1454 1273 1506 ductas canonista pro principio capit. sicut scien-
499 1484 1280 1539 tia subalternata pro principio sumit conclusiones scien
492 1544 1265 1592 tiae subalternantis. modo habens scientiam subalter
505 1572 1270 1631 nantem perfectius scit etiam eandem conclusionem
504 1624 1273 1676 quam habens scientiam subalternatam. extendimus au
509 1671 1267 1721 tem scire ad cognoscere: quia si quis credat princi
506 1714 1285 1764 pia suae artis in alia scientia probata: proprie non
504 1754 1274 1800 scit ea. modo conclusiones theologicae sunt princi
504 1806 1276 1856 pia in iure pontificio. Tertio arguitur loquendo de
513 1845 1276 1895 adeptis gradum in vtraque arte, nemo Parisiis effici-
514 1893 1271 1943 tur doctor theologus ante. xiiii. annos completos
511 1930 1273 1984 in studio illius facultatis post artes complete vi-
511 1973 1277 2023 sas: & nisi sine praesidente in Sorbona responderit
519 2019 1274 2074 spatio. xiii. horarum non trahendo spiritum, cuilibet
510 2066 1273 2119 arguenti in publico: sine aliis disputationibus publi
517 2106 1280 2156 cis sub praesidentibus. iiii. annorum spatio, omnes
514 2151 1285 2209 baccalaureos admissos in omnibus actibus publi-
513 2199 1276 2250 ce examinando: qui solent cursum vnum vel duos re
522 2240 1282 2299 gere in artibus in. iiii. vel. v. annnorum curriculo. quis
519 2289 1276 2341 etiam in vtroque iure gradum capit qui artium prima
517 2325 1286 2381 elementa degustauit: quo modo ergo istorum duo
511 2373 1264 2425 rum erit collatio:? Dicis. tempore quo in artibus re
523 2415 1274 2474 xit, a studio theologico retrahebatur. Respondeo.
518 2459 1279 2517 pro vno cursu non distrahebatur, quod patet sic. ar-
527 2504 1286 2561 guendo & respondendo multo promptior, graui-
517 2550 1289 2599 or, & maturior, eo quod discipulis adultis praefuit, eua-
523 2598 1277 2650 dit. Praeterea ratione vnius cursus facultas nostra
532 2639 1283 2694 Parisiensis de vno anno dispensare solet. ergo prae-
516 2687 1277 2741 supponit tunc virum magis proficere pro vno cur
522 2724 1286 2801 su regendo quam si non regeret. Pro secundo autem cur
1325 310 2105 383 su nihil dat, quia ille potius obest quam prodest. Nec
1337 376 2101 429 valet dicere quod tempore litis canonista efficitur ma-
1331 421 2110 484 gis gnarus. quia tu non vides episcopos & pasto
1341 476 2107 519 res in strepitu forensi pro rebus ecclesiae litigare. In-
1333 515 2095 565 super hoc est incidens & accidentarium, pro quo
1338 561 2104 606 aduocatum habere oportet: & non immediate in
1337 599 2107 649 hoc insistere. ltem nemo militans deo implicat se
1338 645 2107 697 negociis saecularibus: vt ei placeat cui se probauit. ii.
1351 695 2104 743 ad Timoth. ii. Immo hac via concluderes pastores
1344 730 2098 788 ecclesiae eligendos tempore quo ecclesia reparatio
1339 785 2119 831 ne eget / de numero latomorum pro ecclesiae materialis
1345 830 2117 875 reparatione. sicut enim praelati habent conductos la-
1347 866 2111 917 tomos: sic aduocatos stipendiarios habent. Rur-
1350 914 2120 961 sus nullus tantum verbo dei inuigilat (quod aperte
1353 961 2116 1012 videmus) quantum theologus. ergo ipse est praefe
1344 999 2114 1052 rendus. Praeterea etiam in corpore iuris theologia &
1352 1043 2110 1097 eius studium est maximis priuilegiis donatum: vt de
1350 1087 2120 1135 mag. in ca. Super specula. conceditur studentibus theolo-
1344 1129 2105 1191 giae vt quinquenio integro possint percipere fructus
1344 1175 2110 1228 suorum beneficiorum. Docentibus vero quidiu docue
1349 1216 2108 1274 rint: vt in quaest. sequente latius explicabitur. ltem leges
1353 1275 2110 1324 prohibentur legi & audiri Parisiis & in locis vicinis,
1354 1314 2110 1367 vt theologia floreat. de priuile. ca. Super specula. &
1351 1352 2113 1404 ca. i ne clerici vel monachi sae, nego. se im. prohiben
1356 1403 2116 1456 tur contentiones & lites tanqui saecularia negocia: &
1360 1441 2120 1498 prohibetur religiosis ne addiscant leges vel physi
1356 1490 2119 1534 cam. physica aut apud aliquos medicina vocatur.
1353 1526 2114 1584 & finis legis est ne se inuoluant processibus. Et idem est
1353 1575 2122 1622 si quis occupet se circa materiam litigiosam iuris
1350 1627 2132 1676 pontificii. Scio tamen dominos legistas & Panormi-
1353 1672 2128 1717 tanum canonistam religiosum: nimis canonistis con-
1351 1703 2120 1758 descendere propter vicinitatem quam ius pontificium
1350 1755 2117 1805 in aliquibus suis partibus cum legibus habet: nec sa-
1359 1795 2128 1853 tis poderare rationem quare leges his interdicuntur:
1359 1846 2120 1899 quae est haec: ne scilicet nimis se occupent in nego-
1359 1896 2129 1942 ciis saeculi & strepitu forensi: vbi est lucrum tempo-
1355 1931 2122 1980 rale cum iactura animae. Insuper, petitur ab ordinan
1366 1974 2120 2025 do episcopo an sciat vtrumque testamentum. In cuius
1353 2019 2128 2069 signum defert mitram. sed non petitur ex eo an sci
1353 2066 2129 2114 at vtrumque ius. Postremo, ecclesia optime fioruit ea
1357 2103 2114 2156 tempestate qua theologi eam rexerunt: sed vbi de-
1354 2149 2123 2212 uenit in canonistarum manus, qualiter gubernetur
1356 2201 1964 2264 nouerunt omnes. igitur conclusio vera.
1354 2252 2126 2337 Contra hanc conclusionem arguitur.
1359 2334 2114 2395 canonistae citius pastores ecclesiae eliguntur qui theo
1351 2378 2111 2424 logi ac eis prouidetur: & frequentius episcopis
1353 2423 2119 2472 assistunt.  Praeterea spiritualia non possunt ser-
1353 2474 2114 2516 uari sine temporalibus: & isti ad talia sunt vtiliores
1351 2505 2126 2551 theologis. nam etsi in propriis non litigant: aduocatis com-
1356 2551 2117 2606 sulere possunt.  Ad primum respondetur quod ad di
1352 2601 2128 2653 gnitates assumpti non assumuntur de per se ratione cano
1356 2641 2132 2696 num. nam post salutatam a limine grammaticam potentum
1350 2687 2126 2739 filii non submittentes manum ferulae in gymnasiis ar
1362 2732 2132 2795 tium in quibus seruatur rigor: ad leges huanas / diui
