2321 3302
505 241 1257 322 re. Non tamen nego quin theologus vocatus cum
493 307 1258 367 Aaron possit adire curiam dummodo detur ei ocium
505 350 1261 410 interdum respirandi / & curandi suam salutem. ⁋ Con
501 401 1256 466 cludendo patet esse peccatum minus idoneum pra
497 439 1262 510 ferre magis idoneo, vel hoc suggerere: & per con
501 481 1269 550 sequens ( si recte sentimus in hac quaestione prout
498 534 1265 597 putamus) male agit dans, eligens, vel suadens prae-
504 577 1269 633 ferre canonistam vel legistam theologo: & tenetur
496 611 1263 678 ad restitutiouem aliquam illi qui repellitur iniuste se
498 666 1262 719 cundum iudicium prudentis. Non est tamen idem
495 704 1260 777 beneficium habere, & esse in potentia propinqua ad
499 747 1255 813 habendum. nam si prohibeam inidoneum vel mi
501 790 1254 857 nus idoneum vel etiam aeque idoneum quatenus
496 835 1262 899 beneficium detur optimo, capiendo optimum ne
490 886 1257 946 gatiue: non pecco: & per consequens non teneor
486 936 1254 988 illi quem prohibeo ad aliquid. sed si sit magis ido
502 978 1256 1041 neus: teneor detestari peccatum meum quo eum
486 1022 1253 1074 prohibui a beneficio consequendo, & facere ei con
486 1068 1255 1127 pensationem. & quamquam non feci animo ei nocendi: fe
496 1113 1250 1161 ci tamen ei iniuriam: quia beneficium fuit ei debi-
490 1148 1252 1213 tum: hoc est, collatores tenebantur ei beneficium
486 1194 1252 1258 dare. quare laborabo vt alibi ei prouideatur: vel si
490 1235 995 1304 non possim, dabo ei pecuniam.
562 1288 1248 1405 ⁋ Distinctionis Vigesimae quartae
679 1375 1094 1464 Quaestio Vndecima.
868 1454 1254 1520 Ndecio circa hanc
877 1511 1248 1579 distinctionem prosequen-
873 1557 1241 1622 do illa quae beneficiatos
879 1602 1241 1668 concermunt/ quaeritur. Ar
895 1648 1242 1704 eneficiatus teneatur sub
869 1700 1243 1755 Foena peccati in suo be
870 1738 1235 1790 neficio continuo reside-
852 1783 1238 1843 re. Vulgariter continuo in
465 1829 1232 1884 telligo pro multo maiore parte temporis. ⁋ Responde,
475 1864 1233 1926 tur affirmatiue. nisi habuerit rationabilem causam
472 1911 1230 1972 se excusantem. probatur. propter officium datur bi
472 1955 1232 2013 neficium. ergo si in nullo officium exequatur, in-
475 1998 1231 2062 iuste colligit fructus bono pastori relictos: quos
478 2043 1233 2107 restituere tenetur. Secundo probatur idem. Dicit
469 2087 1230 2158 Apostolus. ii. ad Thessal. iii. Si quis non vult ope-
469 2133 1227 2191 rari nec manducet. ergo si nullo modo laboret in
472 2176 1230 2235 beneficio: nihil debet accipere de illo. Praeterea non
478 2229 1226 2282 veniens ad distributiones non facit fructus suos
478 2265 1221 2327 vt dicit pontifex in cap. vnico de cle, non residem
460 2312 1229 2378 libro sexto. & causa est: quia vt vulgo dicitur, non of
472 2352 1217 2414 ficiat. Rursus. intentio fundatoris erat quod benefi
465 2399 1228 2466 ciatus in hac ecclesia deo & patrono illius inserui-
469 2455 1231 2506 ret: ergo beneficium accipiens & officium non ad-
458 2492 1227 2555 implens / defraudat fundatorem. sicut agricola ca
478 2528 1216 2589 piens pecuniam vt laboret, non laborans tenetu
466 2584 1227 2636 pecuniam restituere. Propositum autem de residem
462 2627 1224 2684 tia habetur in variis capitibus de cleri, non resi. Por
462 2670 1220 2740 ro in cap. Quia non nulli. in. S. Cum igitur. ex conci. Late
1342 284 2106 351 ra. sic dicitur. Cum igitur ecclesia vel ecclesiasticum
1336 328 2108 398 ministerium committi debuerit: talis ad hoc perso-
1339 382 2102 444 na quaeratur quae residere in loco, & curam eius per
1336 420 2102 478 seipsam valeat exercere. Quia si aliter actum fuerit i
1336 466 2105 528 & qui receperit quod contra sacros canones accepit.-
1345 510 2103 575 amittat: & qui dederit / largiendi potestate priuetur.
1339 550 2103 616 ldem habetur. xxi. q. i. ca. i. &. lxx. distin. Sanctorum.
1342 593 2099 668 crebro enim beneficium datur intuitu personae. modo
1345 637 2105 703 frequenter vna persona valet tres alias: ergo non
1330 683 2094 759 sufficit aliam habere. Alia pars, scilicet nisi legiti-
1330 727 2100 799 me excusetur / manifesta est. ⁋ Sed quod aliqua excu-
1329 775 2093 833 satio non residendi sit legitima: probatur ratione
1329 810 2105 880 sic. ponatur aliquis praelatus alicuius ecclesiae mul
1335 859 2088 928 tum idoneus: cuius forte non est similis in sua re
1338 905 2100 967 gione: pro tali officio quatenus ad hostem regem
1339 958 2090 1012 mittatur orator pro pace componenda inter duo
1323 995 2099 1061 hostilia regna. nam bonum commune bono particu-
1323 1033 2106 1103 lari est praeferendum. primo Ethicorum. potissimum
1329 1084 2100 1153 quando particulare in bono communi includitur. & licet
1336 1135 2102 1190 aliquam iacturam habeat haec parua collectio seu
1330 1172 2100 1241 communitas particularis: est recompensatio in com
1330 1218 2093 1282 munitate. Secundo hoc idem suadeo aliter. vnum
1320 1261 2092 1324 membrum in corpore vero iacturam aliquam pati
1323 1301 2093 1371 tur, & se discrimini exponit pro reliqua parte prin
1317 1353 2088 1413 cipali. vt brachium pro capite conseruando. & fe-
1318 1394 2086 1452 riendus serpens partes posteriores ad caput prote-
1324 1441 2084 1500 gendum inuoluit. Sed dicis. pars principalior vel
1327 1489 2084 1544 totum partem minus principalem periculo expo
1326 1528 2081 1591 nit vt conseruetur totum sine quo etiam pars mi
1317 1569 2087 1641 nus principalis nequit esse. Ex hoc habetur propo
1311 1616 2082 1680 situm: quod scilicet rectores politiae possunt ecclesiae
1311 1665 2091 1729 praelatum a cura sui gregis licite euocare: & alter
1321 1714 2084 1777 parere tenetur. Tertio probatur. Contingit regem egere
1320 1756 2084 1817 consilio alicuius praelati quod est pro republica vti
1320 1793 2084 1858 le. ergo tunc praelatus non peccata sua cura dece
1308 1839 2073 1906 dendo secundum exigentiam temporis consilii dam
1318 1884 2081 1947 di. Non loquor de ambitiosis praelatis iam sufficienter
1308 1929 2085 1993 prouisis: vltro se ad principum curias conferentibus:
1314 1978 2078 2031 vt maiores honores habeant. notum est enim tales
1320 2020 2076 2075 peccare: & ambitione, & non residendo. Quarto osten
1306 2071 2067 2124 ditur idem. canonicus potest licite abesse a beneficio
1305 2113 2076 2177 quando est in officio episcopi sui: quia tunc ecclesiae
1312 2146 2063 2220 seruit. vii. qui. i. Scire. & de cleri, non resi. ca. De caetero
1312 2193 2076 2267 & ca. Ad audientiam. & potissimum quando epi
1302 2235 2070 2307 scopus rationabiliter ab ecclesia abest: quia in re
1307 2282 2069 2352 bus ambiguis consulere debet canonicus episco
1317 2331 2076 2389 po. Praeterea si in rationabili causa habeat duo bene
1300 2375 2073 2436 ficia quae potest habere in casu iuxta dicenda in
1311 2413 2070 2485 quaestione sequente: non potest in vtroque continuo
1309 2468 2066 2524 residere: sed sufficit nunc in vno, nunc in altero: quia
1303 2513 2067 2567 non potest naturaliter esse in duobus locis. Patet
1303 2545 2069 2611 hoc idem in debilitate vel aegritudine chronica / vel
1296 2591 2061 2657 in morbo perpetuo: quia licet tali morbo laboret,
1294 2639 2055 2699 alioquin bene meritus: non est beneficio pri
1288 2682 2054 2752 uandus. Ratione peregrinationis terrae sanctae
