<?xml version="1.0" encoding="UTF-8" standalone="yes"?>
<PcGts xmlns="http://schema.primaresearch.org/PAGE/gts/pagecontent/2013-07-15" xmlns:xsi="http://www.w3.org/2001/XMLSchema-instance" xsi:schemaLocation="http://schema.primaresearch.org/PAGE/gts/pagecontent/2013-07-15 http://schema.primaresearch.org/PAGE/gts/pagecontent/2013-07-15/pagecontent.xsd">
    <Metadata>
        <Creator>prov=University of Rostock/Institute of Mathematics/CITlab|PLANET AI GmbH/Gundram Leifert/gundram.leifert@planet-ai.de:name=cod-Bda113-model2(htr_id=24733)::::v=2.6.6
prov=University of Rostock/Institute of Mathematics/CITlab|PLANET AI GmbH/Tobias Gruening/tobias.gruening@planet-ai.de:name=de.uros.citlab.module.baseline2polygon.B2PSeamMultiOriented:v=2.6.6
prov=University of Rostock/Institute of Mathematics/CITlab|PLANET AI GmbH/Tobias Gruening/tobias.gruening@planet-ai.de:name=/net_tf/LA73_249_0mod360.pb:de.uros.citlab.segmentation.CITlab_LA_ML:v=2.6.6
Transkribus</Creator>
        <Created>2020-04-17T22:23:59.641+02:00</Created>
        <LastChange>2020-06-19T06:32:15.394+02:00</LastChange>
        <TranskribusMetadata docId="371227" pageId="14532725" pageNr="489" tsid="32171770" status="IN_PROGRESS" userId="25065" imgUrl="https://files.transkribus.eu/Get?id=NBSOYZEAPOSOIYGNLGPYSZHW&amp;fileType=view" xmlUrl="https://files.transkribus.eu/Get?id=MIZGTAQGFXZZZOYALBKSLUDL" imageId="10489102"/>
    </Metadata>
    <Page imageFilename="0489.jpg" imageWidth="2348" imageHeight="3319">
        <ReadingOrder>
            <OrderedGroup id="ro_1592575814389" caption="Regions reading order">
                <RegionRefIndexed index="0" regionRef="TextRegion_1592158113241_714"/>
                <RegionRefIndexed index="1" regionRef="TextRegion_1592158113241_713"/>
            </OrderedGroup>
        </ReadingOrder>
        <TextRegion orientation="0.0" id="TextRegion_1592158113241_714" custom="readingOrder {index:0;}">
            <Coords points="225,275 1038,275 1038,2785 225,2785"/>
            <TextLine id="r1l3" custom="readingOrder {index:0;}">
                <Coords points="222,402 981,392 1004,387 1004,334 222,351"/>
                <Baseline points="227,383 265,383 304,383 342,383 381,383 420,383 458,383 497,382 535,381 574,381 613,380 651,380 690,380 728,378 767,378 806,378 844,378 883,378 921,378 960,380 999,380"/>
                <TextEquiv>
                    <Unicode>multi nanque martyres pro opere consilii passi sunt: </Unicode>
                </TextEquiv>
            </TextLine>
            <TextLine id="r1l5" custom="readingOrder {index:1;}">
                <Coords points="240,456 308,433 422,450 489,430 995,429 986,388 239,398"/>
                <Baseline points="245,429 282,429 319,428 356,428 394,426 431,426 468,426 505,425 543,425 580,425 617,425 654,425 692,423 729,423 766,423 803,423 841,423 878,423 915,423 952,423 990,423"/>
                <TextEquiv>
                    <Unicode>quibus alioquin seruare vitam fuisset de praecepto.</Unicode>
                </TextEquiv>
            </TextLine>
            <TextLine id="r1l7" custom="readingOrder {index:2;}">
                <Coords points="229,482 993,483 982,429 229,442"/>
                <Baseline points="234,474 271,473 309,473 346,471 384,471 422,470 459,470 497,470 535,470 572,468 610,468 648,468 685,468 723,468 761,468 798,468 836,468 874,468 911,468 949,468 987,468"/>
                <TextEquiv>
                    <Unicode>sed de hoc copiosior futurus est sermo distinctio</Unicode>
                </TextEquiv>
            </TextLine>
            <TextLine id="r1l9" custom="readingOrder {index:3;}">
                <Coords points="230,540 268,531 277,540 324,547 348,542 361,530 399,529 413,538 423,528 454,523 454,493 411,482 392,490 362,479 338,492 307,480 273,487 231,482"/>
                <Baseline points="236,516 262,516 289,516 315,516 342,518 369,518 395,519 422,518 449,516"/>
                <TextEquiv>
                    <Unicode>ne. xlix. huius.</Unicode>
                </TextEquiv>
            </TextLine>
            <TextLine id="r1l12" custom="readingOrder {index:4;}">
                <Coords points="288,629 391,599 574,625 626,597 706,626 771,603 876,630 991,624 991,560 895,550 829,566 765,544 725,568 674,541 485,565 288,552"/>
                <Baseline points="293,606 327,605 362,602 396,602 431,600 466,599 500,599 535,599 570,599 604,599 639,599 674,599 708,599 743,599 778,597 812,597 847,597 882,597 916,597 951,597 986,596"/>
                <TextEquiv>
                    <Unicode>⁋ Distinctionis Vigesimae quartae</Unicode>
                </TextEquiv>
            </TextLine>
            <TextLine id="r1l14" custom="readingOrder {index:5;}">
                <Coords points="400,678 460,697 641,688 702,670 743,691 779,677 872,684 872,642 837,625 770,635 721,619 667,635 635,609 575,626 526,611 487,636 400,613"/>
                <Baseline points="405,668 430,668 456,666 482,666 507,665 533,665 559,663 584,663 610,663 636,663 661,662 687,662 713,662 738,662 764,662 790,663 815,663 841,664 867,665"/>
                <TextEquiv>
                    <Unicode>Quaestio Duodecima.</Unicode>
                </TextEquiv>
            </TextLine>
            <TextLine id="r1l17" custom="readingOrder {index:6;}">
                <Coords points="528,743 555,727 596,749 993,745 1004,688 815,687 770,704 722,684 658,699 597,684 528,699"/>
                <Baseline points="533,734 558,735 584,737 610,737 636,738 662,738 688,737 714,737 740,737 766,735 791,735 817,734 843,734 869,734 895,733 921,732 947,732 973,733 999,734"/>
                <TextEquiv>
                    <Unicode>ra Vodecimo in hac di</Unicode>
                </TextEquiv>
            </TextLine>
            <TextLine id="r1l19" custom="readingOrder {index:7;}">
                <Coords points="568,795 720,805 749,792 858,787 885,801 941,787 995,800 994,756 914,738 868,758 749,744 711,765 668,748 567,749"/>
                <Baseline points="573,786 599,786 625,787 651,788 677,788 703,786 729,786 755,786 781,785 807,785 833,783 859,783 885,782 911,782 937,782 963,782 990,782"/>
                <TextEquiv>
                    <Unicode>stinctione, &amp; nono circa ma</Unicode>
                </TextEquiv>
            </TextLine>
            <TextLine id="r1l21" custom="readingOrder {index:8;}">
                <Coords points="579,842 998,836 997,799 972,804 941,787 867,805 826,791 788,805 738,794 687,807 625,790 578,799"/>
                <Baseline points="584,830 609,831 635,831 660,831 686,831 711,830 737,830 762,830 788,830 814,828 839,828 865,828 890,827 916,827 941,827 967,827 993,827"/>
                <TextEquiv>
                    <Unicode>teriam benesiciorum quaeritur: an</Unicode>
                </TextEquiv>
            </TextLine>
            <TextLine id="r1l23" custom="readingOrder {index:9;}">
                <Coords points="571,891 817,877 892,880 906,893 963,876 992,886 991,835 570,849"/>
                <Baseline points="576,876 601,876 627,876 653,875 678,875 704,875 730,875 755,875 781,873 807,873 832,873 858,872 884,872 909,871 935,870 961,870 987,870"/>
                <TextEquiv>
                    <Unicode>quis possit sana conscientia</Unicode>
                </TextEquiv>
            </TextLine>
            <TextLine id="r1l25" custom="readingOrder {index:10;}">
                <Coords points="562,931 989,922 988,883 951,879 920,895 857,878 792,895 776,881 762,895 676,896 603,881 588,896 561,894"/>
                <Baseline points="567,918 593,919 619,920 645,920 671,921 697,921 723,920 749,920 775,920 801,918 827,918 853,917 879,916 905,915 931,915 957,915 984,915"/>
                <TextEquiv>
                    <Unicode>plura tenere beneficia cum</Unicode>
                </TextEquiv>
            </TextLine>
            <TextLine id="line_1592158150900_740" custom="readingOrder {index:11;}">
                <Coords points="561,992 593,970 624,984 665,969 994,968 993,931 970,921 932,935 858,923 804,937 745,937 728,924 579,939 560,929"/>
                <Baseline points="566,962 572,963 598,963 624,963 650,963 676,963 702,963 728,963 754,962 780,962 806,962 832,960 858,960 884,960 910,960 936,959 962,959 989,959"/>
                <TextEquiv>
                    <Unicode>dispensatione eius cuius in-</Unicode>
                </TextEquiv>
            </TextLine>
            <TextLine id="r1l29" custom="readingOrder {index:12;}">
                <Coords points="504,1026 571,1010 769,1012 798,1028 853,1011 947,1020 992,1011 992,968 864,966 837,982 645,970 565,993 530,976 504,994"/>
                <Baseline points="509,1007 534,1007 559,1008 584,1008 609,1008 634,1008 659,1008 685,1008 710,1008 735,1008 760,1007 785,1007 810,1007 836,1006 861,1005 886,1005 911,1004 936,1004 961,1004 987,1002"/>
                <TextEquiv>
                    <Unicode>ecua terest. In hac quaestione pri</Unicode>
                </TextEquiv>
            </TextLine>
            <TextLine id="line_1592158128286_724" custom="readingOrder {index:13;}">
                <Coords points="554,1057 607,1072 636,1058 751,1056 944,1054 969,1068 992,1062 992,1011 892,1023 876,1011 822,1028 749,1014 710,1027 643,1028 625,1014 589,1024 571,1009 554,1020"/>
                <Baseline points="559,1048 576,1050 610,1050 644,1052 678,1052 713,1052 747,1052 781,1052 815,1050 850,1050 884,1050 918,1049 952,1049 987,1049"/>
                <TextEquiv>
                    <Unicode>dmum / rationem nominis (dispen</Unicode>
                </TextEquiv>
            </TextLine>
            <TextLine id="r1l33" custom="readingOrder {index:14;}">
                <Coords points="229,1103 992,1100 992,1069 945,1055 229,1064"/>
                <Baseline points="234,1095 271,1095 309,1095 346,1095 384,1095 422,1095 459,1097 497,1097 535,1097 572,1097 610,1097 648,1097 685,1097 723,1095 761,1095 798,1095 836,1095 874,1094 911,1094 949,1094 987,1092"/>
                <TextEquiv>
                    <Unicode>satio, explicabimus: postea conclusiones ad quaestio-</Unicode>
                </TextEquiv>
            </TextLine>
            <TextLine id="r1l35" custom="readingOrder {index:15;}">
                <Coords points="222,1149 829,1160 997,1148 997,1099 411,1118 222,1101"/>
                <Baseline points="227,1139 265,1139 303,1140 341,1140 380,1140 418,1140 456,1141 494,1142 533,1142 571,1142 609,1142 647,1142 686,1142 724,1142 762,1142 800,1142 839,1140 877,1140 915,1139 953,1137 992,1136"/>
                <TextEquiv>
                    <Unicode>nis titulum responsiuas posituri. ⁋ Dispensare bifa</Unicode>
                </TextEquiv>
            </TextLine>
            <TextLine id="r1l37" custom="readingOrder {index:16;}">
                <Coords points="228,1195 954,1201 991,1192 991,1147 228,1151"/>
                <Baseline points="233,1184 270,1184 308,1185 345,1185 383,1185 421,1185 458,1185 496,1185 534,1185 571,1185 609,1185 647,1185 684,1185 722,1185 760,1185 797,1185 835,1184 873,1184 910,1182 948,1181 986,1181"/>
                <TextEquiv>
                    <Unicode>riam accipitur. vno modo proprie. &amp; sic est aliquem</Unicode>
                </TextEquiv>
            </TextLine>
            <TextLine id="r1l39" custom="readingOrder {index:17;}">
                <Coords points="228,1243 978,1246 988,1191 228,1200"/>
                <Baseline points="233,1229 270,1229 308,1229 345,1230 383,1230 420,1230 458,1230 495,1230 533,1230 570,1230 608,1230 645,1230 683,1229 720,1229 758,1229 795,1229 833,1229 870,1227 908,1227 945,1227 983,1226"/>
                <TextEquiv>
                    <Unicode>absoluere ab alicuius legis obseruantia, vt est prae</Unicode>
                </TextEquiv>
            </TextLine>
            <TextLine id="r1l41" custom="readingOrder {index:18;}">
                <Coords points="232,1286 992,1280 992,1245 934,1233 232,1240"/>
                <Baseline points="237,1274 274,1274 312,1274 349,1274 387,1274 424,1274 462,1274 499,1275 537,1274 574,1274 612,1274 649,1274 687,1274 724,1274 762,1274 799,1272 837,1272 874,1272 912,1271 949,1271 987,1271"/>
                <TextEquiv>
                    <Unicode>ceptum de lpmicidio. hoc modo cum Sansone deus</Unicode>
                </TextEquiv>
            </TextLine>
            <TextLine id="r1l43" custom="readingOrder {index:19;}">
                <Coords points="229,1323 995,1321 995,1284 970,1276 229,1284"/>
                <Baseline points="234,1317 271,1317 309,1317 347,1319 385,1319 423,1319 460,1319 498,1320 536,1320 574,1320 612,1319 649,1319 687,1319 725,1319 763,1318 801,1317 838,1317 876,1316 914,1316 952,1315 990,1314"/>
                <TextEquiv>
                    <Unicode>dispensauit de se occidendo. vt ludicum. xvi. legitur.</Unicode>
                </TextEquiv>
            </TextLine>
            <TextLine id="r1l45" custom="readingOrder {index:20;}">
                <Coords points="225,1379 985,1368 985,1322 225,1335"/>
                <Baseline points="230,1364 267,1362 305,1362 342,1362 380,1362 417,1362 455,1362 492,1362 530,1362 567,1362 605,1362 642,1362 680,1362 717,1362 755,1362 792,1362 830,1361 867,1361 905,1360 942,1359 980,1358"/>
                <TextEquiv>
                    <Unicode>pari forma rex dispensat: quia licet secundum commu</Unicode>
                </TextEquiv>
            </TextLine>
            <TextLine id="r1l47" custom="readingOrder {index:21;}">
                <Coords points="231,1417 948,1421 997,1408 997,1366 231,1381"/>
                <Baseline points="236,1406 273,1406 311,1406 349,1406 387,1407 425,1407 462,1407 500,1407 538,1407 576,1407 614,1407 651,1407 689,1407 727,1406 765,1406 803,1406 840,1406 878,1404 916,1404 954,1403 992,1403"/>
                <TextEquiv>
                    <Unicode>nem legem / homicide vltimum supplicium inferendum sit:</Unicode>
                </TextEquiv>
            </TextLine>
            <TextLine id="r1l49" custom="readingOrder {index:22;}">
                <Coords points="234,1467 873,1467 982,1458 982,1410 234,1418"/>
                <Baseline points="239,1451 275,1451 312,1451 349,1451 386,1451 423,1451 460,1451 497,1451 534,1451 571,1451 608,1451 644,1451 681,1451 718,1451 755,1451 792,1451 829,1449 866,1449 903,1449 940,1448 977,1448"/>
                <TextEquiv>
                    <Unicode>potest tamen rex hanc legem positiuam in sorte reuo</Unicode>
                </TextEquiv>
            </TextLine>
            <TextLine id="r1l51" custom="readingOrder {index:23;}">
                <Coords points="232,1505 990,1502 989,1460 945,1454 231,1468"/>
                <Baseline points="236,1494 273,1494 310,1494 348,1496 385,1496 423,1496 460,1496 497,1496 535,1496 572,1496 610,1496 647,1496 684,1496 722,1496 759,1494 797,1494 834,1494 871,1494 909,1494 946,1493 984,1493"/>
                <TextEquiv>
                    <Unicode>care. hoc modo quaerunt theologi in xxxvii. distin.</Unicode>
                </TextEquiv>
            </TextLine>
            <TextLine id="r1l53" custom="readingOrder {index:24;}">
                <Coords points="231,1549 992,1553 981,1500 231,1506"/>
                <Baseline points="236,1539 273,1539 311,1539 348,1539 386,1539 423,1539 461,1539 498,1539 536,1539 573,1540 611,1541 649,1541 686,1541 724,1539 761,1539 799,1539 836,1539 874,1539 911,1538 949,1538 987,1536"/>
                <TextEquiv>
                    <Unicode>iii. sententiarum: An deus possit dispensare in prae-</Unicode>
                </TextEquiv>
            </TextLine>
            <TextLine id="r1l55" custom="readingOrder {index:25;}">
                <Coords points="232,1596 975,1600 998,1557 886,1540 232,1560"/>
                <Baseline points="237,1584 274,1584 312,1584 350,1584 388,1584 426,1584 463,1584 501,1584 539,1584 577,1584 615,1584 652,1584 690,1584 728,1584 766,1584 804,1583 841,1583 879,1583 917,1581 955,1581 993,1581"/>
                <TextEquiv>
                    <Unicode>ceptis decalogi. Alio modo capitur dispensare ex-</Unicode>
                </TextEquiv>
            </TextLine>
            <TextLine id="r1l57" custom="readingOrder {index:26;}">
                <Coords points="228,1640 988,1639 988,1597 889,1587 228,1594"/>
                <Baseline points="233,1629 270,1629 308,1629 345,1628 383,1628 420,1628 458,1628 495,1628 533,1628 570,1628 608,1628 645,1628 683,1628 720,1628 758,1628 795,1628 833,1628 870,1627 908,1626 945,1626 983,1625"/>
                <TextEquiv>
                    <Unicode>tensius vt tantum valet quantum interpretari aliquem</Unicode>
                </TextEquiv>
            </TextLine>
            <TextLine id="r1l59" custom="readingOrder {index:27;}">
                <Coords points="226,1682 831,1688 994,1678 994,1640 226,1647"/>
                <Baseline points="231,1674 268,1673 306,1673 344,1673 382,1673 420,1673 458,1674 496,1674 534,1674 572,1674 610,1674 647,1674 685,1673 723,1673 761,1673 799,1673 837,1673 875,1671 913,1671 951,1671 989,1670"/>
                <TextEquiv>
                    <Unicode>non esse obnoxium legi communi in casu. Et sic iudex</Unicode>
                </TextEquiv>
            </TextLine>
            <TextLine id="r1l61" custom="readingOrder {index:28;}">
                <Coords points="220,1726 900,1735 992,1717 992,1677 220,1680"/>
                <Baseline points="225,1716 263,1716 301,1718 339,1718 377,1718 415,1718 453,1718 491,1719 529,1719 567,1719 606,1718 644,1718 682,1718 720,1718 758,1718 796,1716 834,1716 872,1716 910,1715 948,1715 987,1713"/>
                <TextEquiv>
                    <Unicode>inferior dispensat: id est interpretatur poenam legis con-</Unicode>
                </TextEquiv>
            </TextLine>
            <TextLine id="r1l63" custom="readingOrder {index:29;}">
                <Coords points="234,1768 980,1775 980,1730 928,1722 652,1741 234,1726"/>
                <Baseline points="239,1760 275,1761 312,1761 349,1761 386,1761 423,1761 459,1763 496,1763 533,1763 570,1763 607,1763 643,1763 680,1763 717,1763 754,1762 791,1761 827,1761 864,1761 901,1761 938,1760 975,1760"/>
                <TextEquiv>
                    <Unicode>munis de homicidio in illo qui occidit pro suae vit</Unicode>
                </TextEquiv>
            </TextLine>
            <TextLine id="r1l65" custom="readingOrder {index:30;}">
                <Coords points="229,1815 995,1813 994,1773 886,1766 669,1785 228,1770"/>
                <Baseline points="234,1805 271,1806 309,1806 347,1806 385,1806 423,1806 460,1808 498,1808 536,1808 574,1808 612,1808 649,1808 687,1808 725,1808 763,1806 801,1806 838,1806 876,1806 914,1805 952,1805 990,1803"/>
                <TextEquiv>
                    <Unicode>defensione, cum moderamine inculpatae tutelae. vel</Unicode>
                </TextEquiv>
            </TextLine>
            <TextLine id="r1l67" custom="readingOrder {index:31;}">
                <Coords points="225,1872 833,1868 985,1857 988,1819 225,1820"/>
                <Baseline points="230,1851 267,1851 305,1851 342,1851 380,1850 418,1851 455,1851 493,1851 531,1851 568,1851 606,1851 644,1851 681,1851 719,1851 757,1851 794,1851 832,1851 870,1850 907,1849 945,1848 983,1847"/>
                <TextEquiv>
                    <Unicode>prudens interpretatur hac poena non esse mulctan</Unicode>
                </TextEquiv>
            </TextLine>
            <TextLine id="r1l69" custom="readingOrder {index:32;}">
                <Coords points="226,1909 902,1914 991,1899 991,1864 226,1872"/>
                <Baseline points="231,1896 268,1896 306,1895 344,1895 382,1895 419,1895 457,1895 495,1896 533,1896 570,1896 608,1896 646,1896 684,1896 721,1895 759,1895 797,1895 835,1895 872,1895 910,1893 948,1893 986,1892"/>
                <TextEquiv>
                    <Unicode>dum iudicem &amp; lictorem / homines occidentes pro meri</Unicode>
                </TextEquiv>
            </TextLine>
            <TextLine id="r1l71" custom="readingOrder {index:33;}">
                <Coords points="222,1946 819,1960 986,1943 985,1899 221,1910"/>
                <Baseline points="227,1940 264,1940 302,1940 340,1940 377,1940 415,1940 453,1940 490,1940 528,1940 566,1940 604,1940 641,1940 679,1940 717,1940 754,1940 792,1940 830,1940 867,1938 905,1938 943,1937 981,1937"/>
                <TextEquiv>
                    <Unicode>tis. sed isti non possunt dispensare primo modo:</Unicode>
                </TextEquiv>
            </TextLine>
            <TextLine id="r1l73" custom="readingOrder {index:34;}">
                <Coords points="222,2002 923,1997 991,1991 991,1947 883,1967 604,1944 222,1955"/>
                <Baseline points="227,1983 266,1985 306,1985 346,1985 386,1986 426,1986 466,1986 506,1985 546,1985 586,1985 626,1985 666,1984 706,1983 746,1983 786,1983 826,1983 866,1982 906,1982 946,1982 986,1983"/>
                <TextEquiv>
                    <Unicode>quia hoc esset superioris legem in casu quo est lex i</Unicode>
                </TextEquiv>
            </TextLine>
            <TextLine id="r1l75" custom="readingOrder {index:35;}">
                <Coords points="222,2040 973,2048 995,2040 995,1992 222,2002"/>
                <Baseline points="227,2027 265,2028 303,2028 341,2028 379,2028 417,2028 455,2028 494,2028 532,2028 570,2028 608,2028 646,2028 684,2028 722,2028 761,2028 799,2028 837,2027 875,2027 913,2027 951,2027 990,2028"/>
                <TextEquiv>
                    <Unicode>reuocare: quod non licet. Hoc secundo modo circa legen</Unicode>
                </TextEquiv>
            </TextLine>
            <TextLine id="r1l77" custom="readingOrder {index:36;}">
                <Coords points="229,2080 986,2079 986,2043 884,2033 229,2037"/>
                <Baseline points="234,2072 271,2072 308,2073 346,2073 383,2073 420,2073 458,2073 495,2073 532,2073 570,2073 607,2073 644,2073 682,2073 719,2073 756,2073 794,2073 831,2073 868,2072 906,2072 943,2072 981,2072"/>
                <TextEquiv>
                    <Unicode>dei homo dispensare potest: locum ambiguum per ra</Unicode>
                </TextEquiv>
            </TextLine>
            <TextLine id="r1l79" custom="readingOrder {index:37;}">
                <Coords points="232,2124 910,2134 986,2119 986,2078 232,2079"/>
                <Baseline points="237,2115 274,2115 311,2116 348,2117 385,2117 423,2117 460,2117 497,2117 534,2117 571,2117 609,2118 646,2118 683,2117 720,2117 757,2117 795,2117 832,2117 869,2117 906,2117 943,2117 981,2117"/>
                <TextEquiv>
                    <Unicode>tionem naturalem vel per alium locum in eadem lege con-</Unicode>
                </TextEquiv>
            </TextLine>
            <TextLine id="r1l81" custom="readingOrder {index:38;}">
                <Coords points="225,2175 921,2179 985,2174 985,2127 225,2133"/>
                <Baseline points="230,2159 267,2159 305,2160 342,2160 380,2160 417,2160 455,2162 492,2162 530,2162 567,2162 605,2162 642,2162 680,2163 717,2162 755,2162 792,2162 830,2162 867,2162 905,2160 942,2160 980,2159"/>
                <TextEquiv>
                    <Unicode>tentum / exponendo &amp; declarando. Hoc etiam secundo</Unicode>
                </TextEquiv>
            </TextLine>
            <TextLine id="r1l83" custom="readingOrder {index:39;}">
                <Coords points="234,2220 986,2211 961,2168 234,2178"/>
                <Baseline points="239,2205 276,2204 313,2204 350,2204 387,2204 424,2204 461,2204 498,2204 535,2204 572,2204 610,2204 647,2204 684,2204 721,2205 758,2205 795,2205 832,2205 869,2205 906,2205 943,2204 981,2204"/>
                <TextEquiv>
                    <Unicode>modo potest aliquis licite dispensare cum aliquo: vt plu-</Unicode>
                </TextEquiv>
            </TextLine>
            <TextLine id="r1l85" custom="readingOrder {index:40;}">
                <Coords points="223,2256 974,2267 988,2212 223,2225"/>
                <Baseline points="228,2249 265,2249 303,2250 341,2250 379,2250 416,2250 454,2250 492,2249 530,2249 567,2249 605,2249 643,2249 681,2249 718,2249 756,2249 794,2249 832,2249 869,2249 907,2249 945,2249 983,2250"/>
                <TextEquiv>
                    <Unicode>ra habeat beneficia in casibus licitis: vt per sequen</Unicode>
                </TextEquiv>
            </TextLine>
            <TextLine id="r1l87" custom="readingOrder {index:41;}">
                <Coords points="222,2304 791,2299 991,2324 991,2266 939,2259 222,2266"/>
                <Baseline points="227,2292 266,2292 306,2294 346,2294 386,2294 426,2294 466,2294 506,2294 546,2294 586,2294 626,2294 666,2294 706,2294 746,2294 786,2294 826,2294 866,2294 906,2294 946,2295 986,2295"/>
                <TextEquiv>
                    <Unicode>tia intelligetur. in hac autem significatione vocabu-</Unicode>
                </TextEquiv>
            </TextLine>
            <TextLine id="r1l89" custom="readingOrder {index:42;}">
                <Coords points="232,2354 340,2345 364,2359 426,2346 449,2369 475,2344 491,2355 518,2344 538,2356 566,2349 565,2312 536,2316 516,2304 501,2315 435,2300 414,2314 388,2302 374,2314 254,2315 231,2304"/>
                <Baseline points="237,2339 264,2339 291,2339 318,2339 345,2339 372,2339 399,2339 426,2339 453,2339 480,2339 507,2339 534,2339 561,2337"/>
                <TextEquiv>
                    <Unicode>lum magis capimus.</Unicode>
                </TextEquiv>
            </TextLine>
            <TextLine id="r1l91" custom="readingOrder {index:43;}">
                <Coords points="234,2426 361,2404 398,2425 774,2407 997,2426 997,2372 906,2376 856,2351 661,2376 531,2371 507,2347 367,2375 308,2345 234,2357"/>
                <Baseline points="239,2403 276,2403 314,2402 351,2402 389,2402 427,2402 464,2402 502,2402 540,2402 577,2402 615,2403 653,2403 690,2403 728,2405 766,2405 803,2405 841,2405 879,2406 916,2406 954,2405 992,2405"/>
                <TextEquiv>
                    <Unicode>⁋ Hoc praelibato pono conclusiones:</Unicode>
                </TextEquiv>
            </TextLine>
            <TextLine id="r1l93" custom="readingOrder {index:44;}">
                <Coords points="229,2458 992,2469 992,2427 924,2417 229,2423"/>
                <Baseline points="234,2451 271,2451 309,2451 346,2451 384,2451 422,2451 459,2451 497,2451 535,2451 572,2451 610,2453 648,2453 685,2453 723,2453 761,2454 798,2454 836,2454 874,2455 911,2456 949,2456 987,2456"/>
                <TextEquiv>
                    <Unicode>quarum prima est. Aliquis sana conscientia per dispen</Unicode>
                </TextEquiv>
            </TextLine>
            <TextLine id="r1l95" custom="readingOrder {index:45;}">
                <Coords points="222,2505 992,2514 977,2465 222,2464"/>
                <Baseline points="227,2496 265,2495 303,2495 341,2495 379,2495 417,2495 455,2496 493,2496 531,2496 569,2496 607,2496 645,2498 683,2498 721,2498 759,2498 797,2499 835,2499 873,2499 911,2499 949,2499 987,2499"/>
                <TextEquiv>
                    <Unicode>sationem plura tenet beneficia probatur. aliquis ante</Unicode>
                </TextEquiv>
            </TextLine>
            <TextLine id="r1l97" custom="readingOrder {index:46;}">
                <Coords points="226,2560 989,2552 982,2510 226,2510"/>
                <Baseline points="231,2541 268,2541 306,2540 343,2540 381,2540 419,2540 456,2540 494,2541 532,2541 569,2541 607,2541 645,2543 682,2543 720,2543 758,2543 795,2544 833,2544 871,2544 908,2544 946,2544 984,2544"/>
                <TextEquiv>
                    <Unicode>prohibitionem pontificis: hoc est, ante legem latam</Unicode>
                </TextEquiv>
            </TextLine>
            <TextLine id="r1l99" custom="readingOrder {index:47;}">
                <Coords points="232,2596 992,2600 992,2558 893,2550 232,2554"/>
                <Baseline points="237,2582 274,2583 312,2583 349,2585 387,2585 424,2585 462,2586 499,2586 537,2586 574,2586 612,2586 649,2586 687,2586 724,2586 762,2587 799,2588 837,2588 874,2588 912,2589 949,2589 987,2591"/>
                <TextEquiv>
                    <Unicode>de non habendis pluribus beneficiis, licite plura te-</Unicode>
                </TextEquiv>
            </TextLine>
            <TextLine id="r1l101" custom="readingOrder {index:48;}">
                <Coords points="225,2637 985,2645 985,2600 953,2593 225,2595"/>
                <Baseline points="230,2628 267,2628 305,2628 342,2629 380,2630 417,2630 455,2630 492,2630 530,2630 567,2630 605,2631 642,2631 680,2631 717,2631 755,2631 792,2631 830,2631 867,2633 905,2633 942,2633 980,2634"/>
                <TextEquiv>
                    <Unicode>nere poterat. ergo vbi est eadem causa, pontifex</Unicode>
                </TextEquiv>
            </TextLine>
            <TextLine id="r1l103" custom="readingOrder {index:49;}">
                <Coords points="222,2680 989,2691 989,2648 925,2638 222,2635"/>
                <Baseline points="227,2670 264,2672 302,2673 340,2673 378,2675 416,2675 454,2675 491,2675 529,2675 567,2675 605,2675 643,2675 681,2675 719,2675 756,2675 794,2675 832,2676 870,2676 908,2676 946,2678 984,2678"/>
                <TextEquiv>
                    <Unicode>dispensare potest: id est interpretari suam legem in illo ca</Unicode>
                </TextEquiv>
            </TextLine>
            <TextLine id="r1l105" custom="readingOrder {index:50;}">
                <Coords points="226,2724 986,2733 986,2695 884,2682 226,2676"/>
                <Baseline points="231,2714 268,2715 306,2715 343,2717 381,2717 418,2718 456,2718 493,2718 531,2718 568,2720 606,2720 643,2720 681,2720 718,2720 756,2720 793,2721 831,2721 868,2721 906,2721 943,2721 981,2723"/>
                <TextEquiv>
                    <Unicode>su non esse tenendam. hoc est vti epicaia: vel natura</Unicode>
                </TextEquiv>
            </TextLine>
            <TextLine id="r1l107" custom="readingOrder {index:51;}">
                <Coords points="231,2777 988,2784 988,2731 231,2725"/>
                <Baseline points="236,2760 273,2760 310,2762 348,2762 385,2763 422,2763 460,2763 497,2765 534,2765 572,2766 609,2766 646,2766 684,2766 721,2766 758,2768 796,2768 833,2768 870,2768 908,2768 945,2768 983,2766"/>
                <TextEquiv>
                    <Unicode>li aequitate: in isto etiam reuocando legem communem quam</Unicode>
                </TextEquiv>
            </TextLine>
            <TextEquiv>
                <Unicode>multi nanque martyres pro opere consilii passi sunt: 
quibus alioquin seruare vitam fuisset de praecepto.
sed de hoc copiosior futurus est sermo distinctio
ne. xlix. huius.
⁋ Distinctionis Vigesimae quartae
Quaestio Duodecima.
ra Vodecimo in hac di
stinctione, &amp; nono circa ma
teriam benesiciorum quaeritur: an
quis possit sana conscientia
plura tenere beneficia cum
dispensatione eius cuius in-
ecua terest. In hac quaestione pri
dmum / rationem nominis (dispen
satio, explicabimus: postea conclusiones ad quaestio-
nis titulum responsiuas posituri. ⁋ Dispensare bifa
riam accipitur. vno modo proprie. &amp; sic est aliquem
absoluere ab alicuius legis obseruantia, vt est prae
ceptum de lpmicidio. hoc modo cum Sansone deus
dispensauit de se occidendo. vt ludicum. xvi. legitur.
pari forma rex dispensat: quia licet secundum commu
nem legem / homicide vltimum supplicium inferendum sit:
potest tamen rex hanc legem positiuam in sorte reuo
care. hoc modo quaerunt theologi in xxxvii. distin.
iii. sententiarum: An deus possit dispensare in prae-
ceptis decalogi. Alio modo capitur dispensare ex-
tensius vt tantum valet quantum interpretari aliquem
non esse obnoxium legi communi in casu. Et sic iudex
inferior dispensat: id est interpretatur poenam legis con-
munis de homicidio in illo qui occidit pro suae vit
defensione, cum moderamine inculpatae tutelae. vel
prudens interpretatur hac poena non esse mulctan
dum iudicem &amp; lictorem / homines occidentes pro meri
tis. sed isti non possunt dispensare primo modo:
quia hoc esset superioris legem in casu quo est lex i
reuocare: quod non licet. Hoc secundo modo circa legen
dei homo dispensare potest: locum ambiguum per ra
tionem naturalem vel per alium locum in eadem lege con-
tentum / exponendo &amp; declarando. Hoc etiam secundo
modo potest aliquis licite dispensare cum aliquo: vt plu-
ra habeat beneficia in casibus licitis: vt per sequen
tia intelligetur. in hac autem significatione vocabu-
lum magis capimus.
⁋ Hoc praelibato pono conclusiones:
quarum prima est. Aliquis sana conscientia per dispen
sationem plura tenet beneficia probatur. aliquis ante
prohibitionem pontificis: hoc est, ante legem latam
de non habendis pluribus beneficiis, licite plura te-
nere poterat. ergo vbi est eadem causa, pontifex
dispensare potest: id est interpretari suam legem in illo ca
su non esse tenendam. hoc est vti epicaia: vel natura
li aequitate: in isto etiam reuocando legem communem quam</Unicode>
            </TextEquiv>
        </TextRegion>
        <TextRegion orientation="0.0" id="TextRegion_1592158113241_713" custom="readingOrder {index:1;}">
            <Coords points="1038,275 1848,275 1848,2785 1038,2785"/>
            <TextLine id="r1l2" custom="readingOrder {index:0;}">
                <Coords points="1066,380 1625,397 1742,374 1794,393 1829,379 1829,333 1066,340"/>
                <Baseline points="1071,371 1108,372 1146,372 1183,374 1221,374 1259,374 1296,374 1334,374 1372,374 1409,374 1447,374 1485,374 1522,374 1560,372 1598,372 1635,372 1673,372 1711,372 1748,371 1786,371 1824,371"/>
                <TextEquiv>
                    <Unicode>inferior reuocare non potest. &amp; ita vtroque modo dispen</Unicode>
                </TextEquiv>
            </TextLine>
            <TextLine id="r1l4" custom="readingOrder {index:1;}">
                <Coords points="1077,431 1834,424 1823,379 1626,397 1077,379"/>
                <Baseline points="1082,417 1119,417 1156,419 1194,419 1231,419 1268,420 1306,420 1343,420 1380,420 1418,420 1455,419 1492,419 1530,419 1567,419 1604,419 1642,419 1679,417 1716,417 1754,418 1791,419 1829,419"/>
                <TextEquiv>
                    <Unicode>sat. ac per hoc si in hac lege non possit dispensare se</Unicode>
                </TextEquiv>
            </TextLine>
            <TextLine id="r1l6" custom="readingOrder {index:2;}">
                <Coords points="1071,472 1822,470 1803,427 1071,427"/>
                <Baseline points="1076,461 1113,461 1150,462 1187,462 1224,462 1261,462 1298,462 1335,462 1372,462 1409,462 1446,462 1483,462 1520,462 1557,462 1594,462 1631,462 1668,462 1705,462 1742,462 1779,461 1817,461"/>
                <TextEquiv>
                    <Unicode>cundo modo, non potest de iure &amp; licite primo mo</Unicode>
                </TextEquiv>
            </TextLine>
            <TextLine id="r1l8" custom="readingOrder {index:3;}">
                <Coords points="1068,514 1802,526 1828,517 1828,470 1068,477"/>
                <Baseline points="1073,504 1110,506 1148,506 1185,506 1223,506 1260,507 1298,507 1335,507 1373,507 1410,507 1448,507 1485,507 1523,507 1560,506 1598,506 1635,506 1673,506 1710,506 1748,506 1785,507 1823,507"/>
                <TextEquiv>
                    <Unicode>do: bene autem de facto in foro exteriore: quia dispen</Unicode>
                </TextEquiv>
            </TextLine>
            <TextLine id="r1l10" custom="readingOrder {index:4;}">
                <Coords points="1062,556 1829,564 1818,515 1062,517"/>
                <Baseline points="1067,551 1104,551 1142,551 1180,551 1218,551 1256,551 1294,551 1331,551 1369,552 1407,552 1445,552 1483,552 1521,552 1559,552 1596,552 1634,551 1672,551 1710,551 1748,551 1786,551 1824,552"/>
                <TextEquiv>
                    <Unicode>satio est iuris communis relaxatio pro causa licita / ab</Unicode>
                </TextEquiv>
            </TextLine>
            <TextLine id="r1l11" custom="readingOrder {index:5;}">
                <Coords points="1065,602 1834,603 1834,568 1722,556 1065,568"/>
                <Baseline points="1070,594 1109,594 1149,594 1189,594 1229,594 1269,594 1309,594 1349,594 1389,594 1429,596 1469,596 1509,596 1549,596 1589,596 1629,596 1669,596 1709,596 1749,596 1789,595 1829,594"/>
                <TextEquiv>
                    <Unicode>illo qui legem reuocandi habet potestatem vel inter-</Unicode>
                </TextEquiv>
            </TextLine>
            <TextLine id="r1l13" custom="readingOrder {index:6;}">
                <Coords points="1071,657 1828,648 1828,608 1748,602 1071,604"/>
                <Baseline points="1076,639 1113,639 1150,639 1188,639 1225,639 1262,638 1300,638 1337,638 1374,638 1412,638 1449,638 1486,638 1524,639 1561,639 1598,639 1636,639 1673,639 1710,639 1748,639 1785,638 1823,638"/>
                <TextEquiv>
                    <Unicode>pretandi auctoritatem. Hoc declaro per simile. aliquis</Unicode>
                </TextEquiv>
            </TextLine>
            <TextLine id="r1l15" custom="readingOrder {index:7;}">
                <Coords points="1072,688 1770,704 1829,689 1829,651 1072,659"/>
                <Baseline points="1077,683 1114,683 1151,683 1189,683 1226,683 1263,683 1301,683 1338,683 1375,683 1413,683 1450,683 1487,683 1525,684 1562,684 1599,684 1637,684 1674,684 1711,684 1749,684 1786,683 1824,683"/>
                <TextEquiv>
                    <Unicode>reipublicae admodum vtilis hominem occidit: in quo</Unicode>
                </TextEquiv>
            </TextLine>
            <TextLine id="r1l16" custom="readingOrder {index:8;}">
                <Coords points="1068,735 1831,743 1831,701 1807,693 1068,701"/>
                <Baseline points="1073,726 1110,726 1148,726 1185,728 1223,728 1261,728 1298,728 1336,728 1374,728 1411,728 1449,728 1487,728 1524,728 1562,728 1600,728 1637,728 1675,728 1713,728 1750,726 1788,726 1826,726"/>
                <TextEquiv>
                    <Unicode>tales circumstantiae occurrunt: vt naturalis aequitas de</Unicode>
                </TextEquiv>
            </TextLine>
            <TextLine id="r1l18" custom="readingOrder {index:9;}">
                <Coords points="1081,781 1838,792 1838,743 1816,738 1081,737"/>
                <Baseline points="1086,768 1123,770 1160,771 1198,771 1235,773 1272,773 1310,773 1347,773 1384,773 1422,773 1459,771 1496,771 1534,771 1571,771 1608,771 1646,771 1683,771 1720,771 1758,771 1795,772 1833,773"/>
                <TextEquiv>
                    <Unicode>claret hunc non esse poena capitis mulctandum: &amp;</Unicode>
                </TextEquiv>
            </TextLine>
            <TextLine id="r1l20" custom="readingOrder {index:10;}">
                <Coords points="1072,823 1786,832 1826,827 1826,783 1072,789"/>
                <Baseline points="1077,815 1114,815 1151,816 1188,816 1225,816 1263,816 1300,816 1337,816 1374,816 1411,816 1449,816 1486,816 1523,816 1560,816 1597,816 1635,816 1672,816 1709,816 1746,816 1783,816 1821,816"/>
                <TextEquiv>
                    <Unicode>tunc legem suam reuocat rex, quam inferior reuocare</Unicode>
                </TextEquiv>
            </TextLine>
            <TextLine id="r1l22" custom="readingOrder {index:11;}">
                <Coords points="1072,871 1821,876 1829,825 1072,834"/>
                <Baseline points="1077,861 1114,861 1151,861 1189,861 1226,861 1263,861 1301,861 1338,861 1375,861 1413,861 1450,861 1487,861 1525,861 1562,861 1599,861 1637,860 1674,860 1711,860 1749,860 1786,861 1824,861"/>
                <TextEquiv>
                    <Unicode>nequit. ⁋ Prosequendo propositum, quod in casu liceat</Unicode>
                </TextEquiv>
            </TextLine>
            <TextLine id="r1l24" custom="readingOrder {index:12;}">
                <Coords points="1065,923 1831,916 1831,873 1746,866 1065,873"/>
                <Baseline points="1070,908 1107,906 1145,906 1183,906 1221,906 1259,905 1296,905 1334,905 1372,905 1410,905 1448,905 1485,905 1523,905 1561,905 1599,905 1637,905 1674,905 1712,905 1750,905 1788,905 1826,905"/>
                <TextEquiv>
                    <Unicode>plura habere beneficia / probatur sic. &amp; capio hanc</Unicode>
                </TextEquiv>
            </TextLine>
            <TextLine id="r1l26" custom="readingOrder {index:13;}">
                <Coords points="1071,956 1730,966 1828,954 1828,917 1071,923"/>
                <Baseline points="1076,948 1113,948 1150,950 1188,950 1225,950 1262,950 1300,950 1337,950 1374,950 1412,950 1449,948 1486,948 1524,948 1561,948 1598,948 1636,947 1673,947 1710,947 1748,947 1785,948 1823,948"/>
                <TextEquiv>
                    <Unicode>maximam. Si omnium beneficiorum fructus in vnius</Unicode>
                </TextEquiv>
            </TextLine>
            <TextLine id="r1l28" custom="readingOrder {index:14;}">
                <Coords points="1063,1014 1823,1011 1831,962 1063,968"/>
                <Baseline points="1068,995 1105,995 1143,995 1181,995 1219,995 1257,995 1295,995 1333,995 1371,993 1409,993 1447,993 1484,993 1522,993 1560,992 1598,992 1636,993 1674,993 1712,993 1750,994 1788,995 1826,996"/>
                <TextEquiv>
                    <Unicode>aerario essent, vtpote summi pontificis: &amp; ipse per</Unicode>
                </TextEquiv>
            </TextLine>
            <TextLine id="r1l30" custom="readingOrder {index:15;}">
                <Coords points="1069,1044 1823,1051 1807,1000 1069,1010"/>
                <Baseline points="1074,1037 1111,1037 1148,1038 1185,1038 1222,1038 1260,1038 1297,1038 1334,1038 1371,1038 1408,1037 1446,1037 1483,1037 1520,1037 1557,1037 1594,1037 1632,1037 1669,1037 1706,1037 1743,1037 1780,1037 1818,1037"/>
                <TextEquiv>
                    <Unicode>suos deberet dare stipendia cuilibet in politia eccle</Unicode>
                </TextEquiv>
            </TextLine>
            <TextLine id="r1l32" custom="readingOrder {index:16;}">
                <Coords points="1068,1090 1832,1087 1832,1059 1789,1043 1068,1045"/>
                <Baseline points="1073,1082 1110,1082 1148,1082 1186,1082 1223,1083 1261,1083 1299,1083 1336,1083 1374,1083 1412,1083 1450,1082 1487,1082 1525,1082 1563,1082 1600,1082 1638,1082 1676,1082 1713,1082 1751,1082 1789,1082 1827,1082"/>
                <TextEquiv>
                    <Unicode>siae militanti: inaequaliter laborantibus inaequalia de-</Unicode>
                </TextEquiv>
            </TextLine>
            <TextLine id="r1l34" custom="readingOrder {index:17;}">
                <Coords points="1074,1133 1688,1147 1826,1137 1826,1087 1074,1093"/>
                <Baseline points="1079,1127 1116,1127 1153,1128 1190,1128 1227,1128 1264,1128 1301,1128 1338,1128 1375,1128 1412,1127 1450,1127 1487,1127 1524,1127 1561,1127 1598,1127 1635,1127 1672,1127 1709,1125 1746,1125 1783,1125 1821,1125"/>
                <TextEquiv>
                    <Unicode>beret conferre praemia &amp; stipendia more regis in bel-</Unicode>
                </TextEquiv>
            </TextLine>
            <TextLine id="r1l36" custom="readingOrder {index:18;}">
                <Coords points="1066,1179 1832,1176 1831,1141 1793,1133 1385,1133 1303,1155 1065,1136"/>
                <Baseline points="1071,1172 1108,1172 1146,1172 1184,1172 1222,1172 1260,1172 1297,1172 1335,1172 1373,1172 1411,1172 1449,1172 1486,1172 1524,1170 1562,1170 1600,1170 1638,1170 1675,1170 1713,1170 1751,1169 1789,1169 1827,1169"/>
                <TextEquiv>
                    <Unicode>lo. hoc patet. Na vnius labor duorum vel trium la-</Unicode>
                </TextEquiv>
            </TextLine>
            <TextLine id="r1l38" custom="readingOrder {index:19;}">
                <Coords points="1071,1228 1835,1231 1835,1185 1796,1176 1569,1194 1071,1178"/>
                <Baseline points="1076,1215 1113,1215 1151,1215 1189,1215 1226,1215 1264,1215 1302,1214 1339,1214 1377,1215 1415,1215 1453,1215 1490,1215 1528,1215 1566,1215 1603,1215 1641,1215 1679,1215 1716,1214 1754,1214 1792,1214 1830,1214"/>
                <TextEquiv>
                    <Unicode>bores in valore exuperat. vnus enim erudite &amp; de-</Unicode>
                </TextEquiv>
            </TextLine>
            <TextLine id="r1l40" custom="readingOrder {index:20;}">
                <Coords points="1066,1269 1826,1269 1826,1232 1705,1220 1066,1232"/>
                <Baseline points="1071,1259 1108,1259 1146,1259 1183,1259 1221,1259 1258,1259 1296,1259 1333,1259 1371,1259 1408,1259 1446,1259 1483,1259 1521,1259 1558,1259 1596,1259 1633,1259 1671,1259 1708,1259 1746,1259 1783,1259 1821,1259"/>
                <TextEquiv>
                    <Unicode>uote seminat verbum dei in vinea domini: &amp; cum hoc ce-</Unicode>
                </TextEquiv>
            </TextLine>
            <TextLine id="r1l42" custom="readingOrder {index:21;}">
                <Coords points="1072,1311 1823,1312 1823,1273 1765,1262 1512,1284 1072,1264"/>
                <Baseline points="1077,1304 1114,1304 1151,1305 1188,1305 1225,1305 1262,1305 1299,1305 1336,1305 1373,1305 1410,1304 1447,1304 1484,1304 1521,1304 1558,1304 1595,1304 1632,1304 1669,1304 1706,1304 1743,1304 1780,1304 1818,1304"/>
                <TextEquiv>
                    <Unicode>lebrat. modo notum est quod haec opera est reipublicae</Unicode>
                </TextEquiv>
            </TextLine>
            <TextLine id="r1l44" custom="readingOrder {index:22;}">
                <Coords points="1069,1356 1838,1361 1837,1313 1780,1308 1068,1321"/>
                <Baseline points="1074,1346 1113,1347 1153,1349 1193,1349 1233,1349 1273,1349 1313,1349 1353,1349 1393,1349 1433,1349 1473,1347 1513,1347 1553,1347 1593,1347 1633,1347 1673,1347 1713,1347 1753,1347 1793,1347 1833,1347"/>
                <TextEquiv>
                    <Unicode>multo vtilior opera vnius simplicis solum celebran</Unicode>
                </TextEquiv>
            </TextLine>
            <TextLine id="r1l46" custom="readingOrder {index:23;}">
                <Coords points="1069,1400 1832,1410 1820,1357 1068,1356"/>
                <Baseline points="1074,1391 1111,1392 1149,1392 1186,1394 1224,1394 1262,1394 1299,1394 1337,1394 1375,1394 1412,1392 1450,1392 1488,1392 1525,1392 1563,1391 1601,1391 1638,1391 1676,1392 1714,1392 1751,1392 1789,1394 1827,1395"/>
                <TextEquiv>
                    <Unicode>tis vel in choro cantantis. ergo plus meretur in prae</Unicode>
                </TextEquiv>
            </TextLine>
            <TextLine id="r1l48" custom="readingOrder {index:24;}">
                <Coords points="1069,1443 1828,1448 1828,1411 1765,1398 1707,1416 1584,1397 1069,1409"/>
                <Baseline points="1074,1436 1111,1437 1148,1437 1186,1437 1223,1437 1261,1437 1298,1437 1336,1437 1373,1437 1411,1437 1448,1437 1485,1437 1523,1436 1560,1436 1598,1436 1635,1436 1673,1436 1710,1436 1748,1436 1785,1437 1823,1437"/>
                <TextEquiv>
                    <Unicode>mio. Qui enim non laborat non manducet: &amp; qui labo-</Unicode>
                </TextEquiv>
            </TextLine>
            <TextLine id="r1l50" custom="readingOrder {index:25;}">
                <Coords points="1057,1495 1829,1491 1829,1448 1057,1453"/>
                <Baseline points="1062,1481 1100,1481 1138,1482 1176,1482 1214,1482 1252,1482 1290,1482 1328,1482 1366,1482 1404,1482 1443,1481 1481,1481 1519,1481 1557,1479 1595,1479 1633,1479 1671,1479 1709,1479 1747,1479 1785,1481 1824,1481"/>
                <TextEquiv>
                    <Unicode>rat manducet: &amp; qui plus laborat / plus manducabit.</Unicode>
                </TextEquiv>
            </TextLine>
            <TextLine id="r1l52" custom="readingOrder {index:26;}">
                <Coords points="1072,1533 1823,1540 1823,1490 1798,1485 1072,1496"/>
                <Baseline points="1077,1524 1114,1526 1151,1526 1188,1527 1225,1527 1262,1527 1299,1527 1336,1527 1373,1526 1410,1526 1447,1526 1484,1526 1521,1524 1558,1524 1595,1524 1632,1524 1669,1524 1706,1524 1743,1524 1780,1525 1818,1526"/>
                <TextEquiv>
                    <Unicode>vnus enim maiore cibo eget quam alter &amp; quo ad se &amp;</Unicode>
                </TextEquiv>
            </TextLine>
            <TextLine id="r1l54" custom="readingOrder {index:27;}">
                <Coords points="1065,1578 1668,1590 1825,1576 1825,1544 1064,1532"/>
                <Baseline points="1070,1568 1107,1569 1145,1569 1182,1571 1220,1571 1257,1571 1295,1572 1332,1572 1370,1572 1407,1571 1445,1571 1482,1571 1520,1571 1557,1570 1595,1569 1632,1569 1670,1569 1707,1569 1745,1568 1782,1568 1820,1568"/>
                <TextEquiv>
                    <Unicode>suos, quibus est dignus. Sed non fit talis pecuniaria</Unicode>
                </TextEquiv>
            </TextLine>
            <TextLine id="r1l56" custom="readingOrder {index:28;}">
                <Coords points="1057,1633 1824,1626 1835,1576 1181,1597 1057,1579"/>
                <Baseline points="1062,1613 1100,1614 1138,1614 1177,1614 1215,1616 1254,1616 1292,1616 1330,1616 1369,1616 1407,1616 1446,1616 1484,1616 1522,1614 1561,1614 1599,1614 1638,1614 1676,1614 1714,1614 1753,1614 1791,1613 1830,1613"/>
                <TextEquiv>
                    <Unicode>solutio ex pontificis aerario: nec expedit. sed benefi</Unicode>
                </TextEquiv>
            </TextLine>
            <TextLine id="r1l58" custom="readingOrder {index:29;}">
                <Coords points="1069,1665 1741,1676 1835,1670 1835,1624 1069,1632"/>
                <Baseline points="1074,1658 1111,1658 1149,1658 1187,1658 1225,1659 1263,1659 1300,1659 1338,1659 1376,1659 1414,1659 1452,1659 1489,1659 1527,1659 1565,1659 1603,1659 1641,1659 1678,1659 1716,1659 1754,1658 1792,1658 1830,1658"/>
                <TextEquiv>
                    <Unicode>cia sic laborantibus sunt partita pro praemiis temporali</Unicode>
                </TextEquiv>
            </TextLine>
            <TextLine id="r1l60" custom="readingOrder {index:30;}">
                <Coords points="1066,1717 1829,1709 1829,1668 1801,1665 1066,1664"/>
                <Baseline points="1071,1704 1108,1704 1146,1703 1183,1703 1221,1703 1259,1703 1296,1703 1334,1703 1372,1703 1409,1704 1447,1704 1485,1704 1522,1704 1560,1704 1598,1704 1635,1704 1673,1704 1711,1703 1748,1703 1786,1703 1824,1703"/>
                <TextEquiv>
                    <Unicode>bus: quia nemo suis stipendiis militat vnquam. Quis</Unicode>
                </TextEquiv>
            </TextLine>
            <TextLine id="r1l62" custom="readingOrder {index:31;}">
                <Coords points="1062,1754 1822,1755 1822,1721 1736,1710 1062,1715"/>
                <Baseline points="1067,1748 1104,1748 1142,1748 1179,1748 1217,1748 1254,1749 1292,1749 1329,1749 1367,1749 1404,1749 1442,1749 1479,1748 1517,1748 1554,1748 1592,1748 1629,1748 1667,1748 1704,1746 1742,1746 1779,1746 1817,1746"/>
                <TextEquiv>
                    <Unicode>namque pascit gregemn &amp; de lacte gregis non maducatu</Unicode>
                </TextEquiv>
            </TextLine>
            <TextLine id="r1l64" custom="readingOrder {index:32;}">
                <Coords points="1065,1810 1837,1804 1826,1753 1065,1754"/>
                <Baseline points="1070,1793 1108,1794 1146,1794 1184,1794 1222,1794 1260,1794 1298,1794 1336,1794 1374,1793 1412,1793 1451,1793 1489,1793 1527,1793 1565,1793 1603,1793 1641,1793 1679,1793 1717,1793 1755,1793 1793,1793 1832,1793"/>
                <TextEquiv>
                    <Unicode>primae ad Corinthios. ix. hoc est non tenetur etiam si</Unicode>
                </TextEquiv>
            </TextLine>
            <TextLine id="r1l66" custom="readingOrder {index:33;}">
                <Coords points="1068,1842 1707,1860 1823,1844 1823,1801 1068,1810"/>
                <Baseline points="1073,1836 1110,1836 1147,1836 1184,1837 1222,1838 1259,1838 1296,1838 1333,1838 1371,1838 1408,1838 1445,1838 1482,1838 1520,1838 1557,1838 1594,1838 1631,1836 1669,1836 1706,1836 1743,1836 1780,1835 1818,1835"/>
                <TextEquiv>
                    <Unicode>patrimonium habeat aliunde. modo contingit virum</Unicode>
                </TextEquiv>
            </TextLine>
            <TextLine id="r1l68" custom="readingOrder {index:34;}">
                <Coords points="1063,1895 1775,1897 1822,1886 1822,1842 1705,1861 1531,1841 1063,1850"/>
                <Baseline points="1068,1881 1105,1881 1142,1881 1180,1881 1217,1883 1255,1883 1292,1883 1330,1883 1367,1883 1405,1883 1442,1883 1479,1883 1517,1883 1554,1883 1592,1883 1629,1883 1667,1883 1704,1881 1742,1881 1779,1880 1817,1880"/>
                <TextEquiv>
                    <Unicode>habere exile beneficium: &amp; pro suo praemio insuffi-</Unicode>
                </TextEquiv>
            </TextLine>
            <TextLine id="r1l70" custom="readingOrder {index:35;}">
                <Coords points="1066,1935 1826,1948 1817,1886 1067,1897"/>
                <Baseline points="1071,1925 1108,1925 1146,1926 1183,1926 1221,1926 1258,1926 1296,1926 1333,1926 1371,1926 1408,1926 1446,1926 1483,1926 1521,1926 1558,1926 1596,1926 1633,1926 1671,1926 1708,1928 1746,1928 1783,1928 1821,1928"/>
                <TextEquiv>
                    <Unicode>ciens: ergo licite talis potest aliud capere quousque</Unicode>
                </TextEquiv>
            </TextLine>
            <TextLine id="r1l72" custom="readingOrder {index:36;}">
                <Coords points="1068,1981 1822,1985 1822,1947 1771,1933 1068,1936"/>
                <Baseline points="1073,1970 1110,1970 1147,1970 1184,1971 1221,1971 1259,1971 1296,1971 1333,1971 1370,1971 1407,1971 1445,1971 1482,1971 1519,1971 1556,1971 1593,1971 1631,1971 1668,1971 1705,1971 1742,1971 1779,1970 1817,1970"/>
                <TextEquiv>
                    <Unicode>habeat praemium sufficiens secundum sui operis va-</Unicode>
                </TextEquiv>
            </TextLine>
            <TextLine id="r1l74" custom="readingOrder {index:37;}">
                <Coords points="1066,2027 1826,2022 1826,1981 1066,1980"/>
                <Baseline points="1071,2015 1108,2015 1146,2015 1183,2016 1221,2016 1258,2016 1296,2016 1333,2016 1371,2016 1408,2016 1446,2016 1483,2016 1521,2016 1558,2016 1596,2016 1633,2016 1671,2016 1708,2016 1746,2015 1783,2015 1821,2015"/>
                <TextEquiv>
                    <Unicode>lorem. ergo dispensatio super pluralitate beneficiorum in </Unicode>
                </TextEquiv>
            </TextLine>
            <TextLine id="r1l76" custom="readingOrder {index:38;}">
                <Coords points="1056,2066 1822,2070 1822,2024 1056,2024"/>
                <Baseline points="1061,2060 1098,2060 1136,2060 1174,2060 1212,2060 1250,2060 1287,2061 1325,2061 1363,2061 1401,2061 1439,2061 1476,2061 1514,2061 1552,2060 1590,2060 1628,2060 1665,2060 1703,2060 1741,2060 1779,2061 1817,2061"/>
                <TextEquiv>
                    <Unicode>casu est licita: cum in aliquo sit ratio reuocandi legen</Unicode>
                </TextEquiv>
            </TextLine>
            <TextLine id="r1l78" custom="readingOrder {index:39;}">
                <Coords points="1062,2112 1289,2111 1316,2133 1345,2111 1834,2108 1834,2068 1062,2066"/>
                <Baseline points="1067,2103 1105,2103 1143,2105 1181,2105 1219,2105 1257,2105 1295,2105 1333,2106 1371,2106 1409,2106 1448,2106 1486,2106 1524,2106 1562,2106 1600,2106 1638,2105 1676,2105 1714,2105 1752,2105 1790,2105 1829,2105"/>
                <TextEquiv>
                    <Unicode>de non habendis pluribus: &amp; auctoritas in dispen-</Unicode>
                </TextEquiv>
            </TextLine>
            <TextLine id="r1l80" custom="readingOrder {index:40;}">
                <Coords points="1060,2158 1835,2158 1835,2120 1743,2113 1357,2113 1316,2134 1276,2113 1060,2112"/>
                <Baseline points="1065,2147 1103,2147 1141,2148 1179,2148 1218,2148 1256,2148 1294,2150 1332,2150 1371,2150 1409,2150 1447,2150 1485,2150 1524,2151 1562,2151 1600,2151 1638,2151 1677,2151 1715,2151 1753,2151 1791,2150 1830,2150"/>
                <TextEquiv>
                    <Unicode>sante. ergo conciusio vera. ⁋ Secundo probatur</Unicode>
                </TextEquiv>
            </TextLine>
            <TextLine id="r1l82" custom="readingOrder {index:41;}">
                <Coords points="1062,2206 1841,2204 1841,2162 1807,2157 1062,2159"/>
                <Baseline points="1067,2190 1105,2192 1143,2192 1182,2193 1220,2193 1259,2194 1297,2195 1336,2195 1374,2195 1413,2195 1451,2195 1489,2195 1528,2195 1566,2195 1605,2195 1643,2195 1682,2195 1720,2193 1759,2193 1797,2193 1836,2192"/>
                <TextEquiv>
                    <Unicode>idem. Nam de prebendis. c. De multa prouidentia.</Unicode>
                </TextEquiv>
            </TextLine>
            <TextLine id="r1l84" custom="readingOrder {index:42;}">
                <Coords points="1062,2249 1816,2247 1816,2215 1755,2201 1062,2206"/>
                <Baseline points="1067,2235 1104,2235 1141,2237 1178,2237 1215,2237 1253,2237 1290,2238 1327,2238 1364,2238 1401,2238 1439,2238 1476,2238 1513,2238 1550,2238 1587,2238 1625,2238 1662,2238 1699,2238 1736,2238 1773,2238 1811,2238"/>
                <TextEquiv>
                    <Unicode>S. vltimo dicitur. Circa sublimes tamen &amp; litera-</Unicode>
                </TextEquiv>
            </TextLine>
            <TextLine id="r1l86" custom="readingOrder {index:43;}">
                <Coords points="1063,2295 1804,2293 1822,2246 1063,2249"/>
                <Baseline points="1068,2280 1105,2280 1142,2282 1180,2282 1217,2282 1255,2282 1292,2283 1330,2283 1367,2283 1405,2283 1442,2283 1479,2283 1517,2283 1554,2283 1592,2283 1629,2283 1667,2282 1704,2282 1742,2282 1779,2280 1817,2279"/>
                <TextEquiv>
                    <Unicode>tas personas quae maioribus beneficiis sunt hono- </Unicode>
                </TextEquiv>
            </TextLine>
            <TextLine id="r1l88" custom="readingOrder {index:44;}">
                <Coords points="1069,2343 1681,2349 1826,2331 1826,2285 1701,2304 1069,2295"/>
                <Baseline points="1074,2324 1111,2324 1148,2325 1186,2326 1223,2327 1260,2327 1298,2327 1335,2328 1372,2328 1410,2328 1447,2328 1484,2328 1522,2328 1559,2328 1596,2328 1634,2327 1671,2327 1708,2327 1746,2325 1783,2325 1821,2324"/>
                <TextEquiv>
                    <Unicode>randae: cum ratio postulauerit per sedem apostolicam</Unicode>
                </TextEquiv>
            </TextLine>
            <TextLine id="r1l90" custom="readingOrder {index:45;}">
                <Coords points="1063,2390 1088,2373 1817,2387 1816,2341 1756,2331 1680,2349 1062,2341"/>
                <Baseline points="1068,2369 1105,2370 1142,2370 1179,2372 1216,2372 1254,2373 1291,2373 1328,2373 1365,2373 1402,2373 1440,2372 1477,2372 1514,2372 1551,2372 1588,2372 1626,2370 1663,2370 1700,2370 1737,2369 1774,2369 1812,2369"/>
                <TextEquiv>
                    <Unicode>poterit dispensari. signanter (cum ratio postulaue-</Unicode>
                </TextEquiv>
            </TextLine>
            <TextLine id="r1l92" custom="readingOrder {index:46;}">
                <Coords points="1057,2420 1817,2431 1817,2387 1788,2376 1057,2388"/>
                <Baseline points="1062,2414 1099,2415 1137,2417 1174,2417 1212,2418 1249,2418 1287,2418 1324,2418 1362,2417 1399,2417 1437,2417 1474,2417 1512,2415 1549,2415 1587,2415 1624,2414 1662,2414 1699,2414 1737,2414 1774,2414 1812,2415"/>
                <TextEquiv>
                    <Unicode>rit ⁋ Tertio a posteriore arguitur sic. nisi conclu-</Unicode>
                </TextEquiv>
            </TextLine>
            <TextLine id="r1l94" custom="readingOrder {index:47;}">
                <Coords points="1063,2472 1817,2465 1817,2431 1747,2421 1368,2440 1063,2420"/>
                <Baseline points="1068,2459 1105,2460 1142,2460 1179,2460 1216,2460 1254,2460 1291,2460 1328,2460 1365,2460 1402,2460 1440,2460 1477,2460 1514,2460 1551,2459 1588,2459 1626,2459 1663,2459 1700,2459 1737,2459 1774,2459 1812,2459"/>
                <TextEquiv>
                    <Unicode>sio esset vera: filios principum eruditos &amp; probos</Unicode>
                </TextEquiv>
            </TextLine>
            <TextLine id="r1l96" custom="readingOrder {index:48;}">
                <Coords points="1059,2516 1803,2514 1817,2471 1059,2472"/>
                <Baseline points="1064,2502 1101,2503 1138,2504 1176,2504 1213,2505 1251,2505 1288,2505 1325,2505 1363,2505 1400,2505 1438,2505 1475,2504 1512,2504 1550,2504 1587,2504 1625,2504 1662,2504 1699,2504 1737,2504 1774,2504 1812,2504"/>
                <TextEquiv>
                    <Unicode>eminenter literatos, &amp; moribus graues ad duo be-</Unicode>
                </TextEquiv>
            </TextLine>
            <TextLine id="r1l98" custom="readingOrder {index:49;}">
                <Coords points="1059,2555 1732,2569 1829,2559 1829,2508 1059,2522"/>
                <Baseline points="1064,2546 1102,2547 1140,2547 1178,2549 1216,2549 1254,2549 1292,2550 1330,2550 1368,2549 1406,2549 1444,2549 1482,2549 1520,2549 1558,2549 1596,2549 1634,2549 1672,2549 1710,2549 1748,2549 1786,2549 1824,2549"/>
                <TextEquiv>
                    <Unicode>neficia non admittes quantuncunque exilia, plusquam filium</Unicode>
                </TextEquiv>
            </TextLine>
            <TextLine id="r1l100" custom="readingOrder {index:50;}">
                <Coords points="1062,2604 1799,2614 1822,2609 1822,2556 1062,2565"/>
                <Baseline points="1067,2592 1104,2592 1142,2594 1179,2594 1217,2594 1254,2594 1292,2594 1329,2594 1367,2594 1404,2594 1442,2593 1479,2592 1517,2592 1554,2592 1592,2592 1629,2592 1667,2592 1704,2594 1742,2594 1779,2595 1817,2597"/>
                <TextEquiv>
                    <Unicode>agricolae vel viticolae etiam mediocriter institutum, quod</Unicode>
                </TextEquiv>
            </TextLine>
            <TextLine id="r1l102" custom="readingOrder {index:51;}">
                <Coords points="1056,2646 1822,2650 1809,2606 1056,2603"/>
                <Baseline points="1061,2639 1098,2637 1136,2637 1174,2637 1212,2636 1250,2636 1287,2636 1325,2636 1363,2637 1401,2637 1439,2637 1476,2637 1514,2637 1552,2638 1590,2639 1628,2639 1665,2639 1703,2639 1741,2639 1779,2639 1817,2639"/>
                <TextEquiv>
                    <Unicode>concedere / rationi no est consentaneum. ⁋ Quarto ar- </Unicode>
                </TextEquiv>
            </TextLine>
            <TextLine id="r1l104" custom="readingOrder {index:52;}">
                <Coords points="1059,2699 1797,2701 1814,2651 1059,2658"/>
                <Baseline points="1064,2684 1101,2682 1138,2682 1175,2682 1213,2682 1250,2681 1287,2681 1324,2681 1362,2681 1399,2681 1436,2681 1473,2681 1511,2681 1548,2682 1585,2682 1622,2682 1660,2682 1697,2682 1734,2682 1771,2682 1809,2684"/>
                <TextEquiv>
                    <Unicode>guitur sic. duo mediocres duo tenent beneficia: ergo</Unicode>
                </TextEquiv>
            </TextLine>
            <TextLine id="r1l106" custom="readingOrder {index:53;}">
                <Coords points="1069,2738 1743,2749 1813,2737 1813,2694 1069,2703"/>
                <Baseline points="1074,2726 1110,2726 1147,2726 1184,2724 1220,2724 1257,2724 1294,2724 1330,2724 1367,2724 1404,2726 1441,2726 1477,2726 1514,2726 1551,2727 1587,2727 1624,2727 1661,2727 1697,2727 1734,2729 1771,2729 1808,2729"/>
                <TextEquiv>
                    <Unicode>vnus illis duobus equiualens in vtilitate reipubl</Unicode>
                </TextEquiv>
            </TextLine>
            <TextLine id="r1l108" custom="readingOrder {index:54;}">
                <Coords points="1062,2780 1145,2799 1207,2779 1829,2787 1829,2741 1805,2735 1062,2745"/>
                <Baseline points="1067,2772 1104,2772 1142,2771 1180,2771 1218,2771 1256,2771 1294,2771 1331,2771 1369,2772 1407,2772 1445,2772 1483,2774 1521,2774 1559,2774 1596,2774 1634,2775 1672,2775 1710,2775 1748,2775 1786,2774 1824,2774"/>
                <TextEquiv>
                    <Unicode>cae potest duo similia beneficia tenere. consequentia</Unicode>
                </TextEquiv>
            </TextLine>
            <TextEquiv>
                <Unicode>inferior reuocare non potest. &amp; ita vtroque modo dispen
sat. ac per hoc si in hac lege non possit dispensare se
cundo modo, non potest de iure &amp; licite primo mo
do: bene autem de facto in foro exteriore: quia dispen
satio est iuris communis relaxatio pro causa licita / ab
illo qui legem reuocandi habet potestatem vel inter-
pretandi auctoritatem. Hoc declaro per simile. aliquis
reipublicae admodum vtilis hominem occidit: in quo
tales circumstantiae occurrunt: vt naturalis aequitas de
claret hunc non esse poena capitis mulctandum: &amp;
tunc legem suam reuocat rex, quam inferior reuocare
nequit. ⁋ Prosequendo propositum, quod in casu liceat
plura habere beneficia / probatur sic. &amp; capio hanc
maximam. Si omnium beneficiorum fructus in vnius
aerario essent, vtpote summi pontificis: &amp; ipse per
suos deberet dare stipendia cuilibet in politia eccle
siae militanti: inaequaliter laborantibus inaequalia de-
beret conferre praemia &amp; stipendia more regis in bel-
lo. hoc patet. Na vnius labor duorum vel trium la-
bores in valore exuperat. vnus enim erudite &amp; de-
uote seminat verbum dei in vinea domini: &amp; cum hoc ce-
lebrat. modo notum est quod haec opera est reipublicae
multo vtilior opera vnius simplicis solum celebran
tis vel in choro cantantis. ergo plus meretur in prae
mio. Qui enim non laborat non manducet: &amp; qui labo-
rat manducet: &amp; qui plus laborat / plus manducabit.
vnus enim maiore cibo eget quam alter &amp; quo ad se &amp;
suos, quibus est dignus. Sed non fit talis pecuniaria
solutio ex pontificis aerario: nec expedit. sed benefi
cia sic laborantibus sunt partita pro praemiis temporali
bus: quia nemo suis stipendiis militat vnquam. Quis
namque pascit gregemn &amp; de lacte gregis non maducatu
primae ad Corinthios. ix. hoc est non tenetur etiam si
patrimonium habeat aliunde. modo contingit virum
habere exile beneficium: &amp; pro suo praemio insuffi-
ciens: ergo licite talis potest aliud capere quousque
habeat praemium sufficiens secundum sui operis va-
lorem. ergo dispensatio super pluralitate beneficiorum in 
casu est licita: cum in aliquo sit ratio reuocandi legen
de non habendis pluribus: &amp; auctoritas in dispen-
sante. ergo conciusio vera. ⁋ Secundo probatur
idem. Nam de prebendis. c. De multa prouidentia.
S. vltimo dicitur. Circa sublimes tamen &amp; litera-
tas personas quae maioribus beneficiis sunt hono- 
randae: cum ratio postulauerit per sedem apostolicam
poterit dispensari. signanter (cum ratio postulaue-
rit ⁋ Tertio a posteriore arguitur sic. nisi conclu-
sio esset vera: filios principum eruditos &amp; probos
eminenter literatos, &amp; moribus graues ad duo be-
neficia non admittes quantuncunque exilia, plusquam filium
agricolae vel viticolae etiam mediocriter institutum, quod
concedere / rationi no est consentaneum. ⁋ Quarto ar- 
guitur sic. duo mediocres duo tenent beneficia: ergo
vnus illis duobus equiualens in vtilitate reipubl
cae potest duo similia beneficia tenere. consequentia</Unicode>
            </TextEquiv>
        </TextRegion>
    </Page>
</PcGts>
