2319 3321
484 303 1243 373 est nota: cum illos duos valeat. & patet per simile.
483 367 1241 420 Nam vnus spatiosus & grossus lapis tantum in pa
489 415 1247 462 riete loci occupat quantum duo minores. & vnus
487 460 1250 512 in bello duplex praemium habet a rege in respectu
483 505 1256 556 ad alium, nec valet dicere: habeat ergo vnum in du
484 547 1247 604 plomaius. cum illud habere nequeat. ⁋ Quinto. ali
493 593 1253 644 quis est quem oportet secundum suum statum etiam
487 635 1240 680 temperate viuendo habere vnum famulum vel duos
483 676 1256 737 huic autem vnius beneficii parui prouentus non suffi
482 726 1255 774 ciunt. Nec valet dicere. cum omnem operam suam cir-
490 776 1238 826 ca subditos applicet: tenentur subditi augere prae
495 819 1256 868 uentus, & maiores dare illi qui plus meretur qui da
480 861 1253 914 re soleant minus merentibus. Quia licet hoc sit ve
495 903 1250 949 rum quando quis non habet aliam prouisionem:
489 946 1247 998 tamen non soluit argumentum: quia forte est sacelli
483 990 1243 1040 non habens subditos: vel ei aliud offertur benefi
477 1036 1256 1091 cium. ⁋ Vltimo ad idem arguitur sic. plus alimenti
489 1080 1256 1129 magnum membrum, vt caput in corpore vero susci-
486 1121 1256 1176 pit qui membrum paruum vt digitus vel articulus.
489 1173 1246 1231 ergo conformiter aequum est esse in corpore mystico
486 1218 1259 1304 ⁋ Secunda conclusio. Est contra ius
486 1293 1262 1338 naturae & aequitatem naturalem quod quis extra latitu-
495 1331 1258 1389 dinem sufficientiae sit pluralis in beneficiis: hoc est
490 1386 1259 1435 plura teneat quam ratio exigit vel patitur, probatur. ima
487 1427 1262 1482 ginemur sicut in prima conclusione dictum est,
481 1473 1259 1524 quantum daretur viro pro labore suo in ecclesia,
477 1513 1256 1569 supposito quod omnes idonei & laborantes haberent
489 1568 1259 1618 portionem proportionabilem suis meritis, si omnes
478 1610 1256 1663 beneficiorum prouentus in vnam massam collige-
496 1651 1255 1699 entur: tunc praeter rationem esset quod duobus aequali-
496 1697 1259 1748 ter laborantibus: vnus haberet plus quam tribus vel
499 1742 1259 1797 quatuor sufficeret: aliis aeque laborantibus & nihil
495 1792 1246 1841 praemii habentibus: & male ageret sic prouentus
490 1831 1256 1884 distribuens, & alter capiendo: & a fortiore auide
493 1875 1250 1927 petendo. Sed dicis: non est ita nunc de beneficiis: quia
486 1921 1245 1968 non prouidetur omnibus idoneis. sed si Petrus vno
490 1956 1249 2013 dignus non caperet plura: alia inidoneis conferren
486 2001 1257 2059 tur. Hoc non valet. nam contingit virum vno be-
489 2042 1259 2102 neficio esse dignum, qui tamen transcendendo sit
487 2089 1247 2146 etiam inidoneus cum aliis. & haec est causa quare ple
478 2135 1257 2197 risque idoneis non prouidetur. ⁋ Secundo arguitur
481 2187 1247 2243 ad idem. monstrosum est in corpore vero quod vnum
477 2226 1248 2281 menbrum plus nutrimenti ad se notabiliter trahar
483 2267 1249 2320 quam illud membrum requirat: quia hoc est in reliquo-
478 2321 1251 2373 rum membrorum iacturam & attenuationem: & est
486 2362 1253 2414 dyscrasia seu disproportio in membris. ergo sic est
480 2400 1246 2455 in corpore mystico praeter omnem rationem quod vnus
490 2446 1240 2497 beneficiorum multitudine sit stipatus / alio idonec
487 2492 1242 2546 patiente famen: nedum necessaria non habente: sed
496 2537 1244 2581 vix paucula pro libris comparandis: qui tamen eius
480 2585 1251 2640 modi instrumentis pro suae artis exercitio eget. im
483 2624 1241 2683 mo Apostolus qui scientiam infusam cum acquod
480 2663 1245 2720 sita habebat: & libros: & membranas sibi com
475 2713 1255 2775 parauit: vt patet secundae ad Timoth. iiii. vbi dicit
1321 315 2105 379 Penulam quam reliqui Troade apud Carpum / ve-
1336 380 2102 423 niens affer tecum & libros: maxime autem & men-
1324 415 2087 459 branas. glossa interlinearis. vt ibi scribam epistolas
1333 459 2101 506 meas. difficile est igitur pauperi sine necessariis in
1335 503 2099 563 literis proficere. Quamuis enim non cuilibet studioso
1336 545 2102 591 viro opus fuerit tata librorum congerie, quantam
1336 590 2086 637 Pisistratus Atheniensis / Philadelphus / & Pam
1338 640 2099 690 philus martyr habuerunt: tamen aliquibus opus
1329 685 2093 741 est. Aut sic formo argumentum. Est contra aequita-
1335 725 2096 785 tem naturalem quod talis artificum dispositio in repu-
1330 765 2099 821 blica fiat vt ars vtilis in republica male exercea-
1335 817 2096 864 tur. sed sic est quando multi nimis abundant: &
1332 855 2099 909 multi penuria premuntur. Nam circa temporalia
1332 902 2105 963 diuites plus aequo occupantur: ita vt verbo & exem
1335 948 2093 999 plo populum non aedificent nec instituant: & sic in-
1330 991 2099 1043 strumenta suae artis negligunt. & si viros circa tem-
1335 1031 2093 1091 poralia intentos, ad praedicationem & caetera officia
1330 1077 2095 1130 consueta adhibeant: ii non poenitus praecordia mo
1342 1123 2089 1170 uent: quia auaritia notantur, & Iac aliis debitum
1328 1166 2103 1222 sugunt: malum quoque exemplar sic faciendi mul
1329 1214 2089 1270 tis ministrant, nec vnquam auaritiae peccatum & reli-
1342 1238 2105 1312 qua quibus infecti sunt, in sermone ae viuum tam
1346 1306 2089 1359 gent. Nam si extremis forte digitis attingant (quod
1333 1355 2101 1400 raro faciunt) verbo ipsa vita repugnat. propterea
1335 1396 2099 1438 ex industria, Actuum primo, de saluatore nostro
1336 1431 2098 1486 Lucas recitat. Quae coepit lesus facere & docere.
1342 1479 2099 1534 quod etiam satis apostolus Timotheo faciendum
1333 1523 2105 1575 monuerat. ltaque theologus nimis multa capiens,
1326 1564 2106 1620 suae artis instrumenta negligit, quemadmodum enim
1339 1612 2099 1660 opulentus artifex quispiam non laborat: sed suae
1326 1655 2093 1701 artis fastidiosus ad aliam sortem se transfert: sic
1333 1699 2105 1755 iste factus diues qui solet esse canis contra vitia
1335 1741 2104 1802 latrans, iam obmutescit: sub vmbra & praetextu
1329 1790 2107 1849 impotentiae, & senectutis se protegens: & tamen
1336 1834 2099 1884 in ea aetate optime hoc facere potest. Ex contrario
1333 1879 2087 1925 autem: quia libros inops habere nequit: peius ob
1329 1927 2096 1976 defectum instrumentorum operatur. ⁋ Tertio ar-
1325 1972 2093 2028 guitur ad idem: quia dato opposito quod non est sta-
1330 2015 2096 2063 tus in latitudine sufficientiae beneficli vel benefi-
1338 2056 2095 2111 ciorum: sequitur haec conclusio: quod vnus capere po-
1333 2102 2099 2158 test licite omnia beneficia totius Europae: aliis ni-
1333 2141 2092 2192 hil habentibus. hoc consequens nemo sanae men-
1333 2193 2084 2249 tis concedet: ergo nec antecedens quod est illius illa
1341 2231 2098 2274 ti basis, admittere debet. ⁋ Quarto sic. per con-
1324 2271 2089 2322 formitatem rationis si aliquis hostis regem & ren-
1336 2320 2087 2374 publicam ferro & igne inuaderet: & rex non habe
1332 2371 2102 2424 ret magna stipendia suis militibus danda: nunquid
1330 2407 2092 2456 milites omnes contenti esse debent vt diminua-
1333 2449 2086 2504 tur sibi stipendium: & ne pauci insufficientes con
1323 2501 2099 2548 tra hostem bellare omnem pecuniam regis habeant
1320 2537 2087 2596 aliis idoneis relictis? igitur cum beneficia data sini
1333 2587 2092 2642 deo & eius ministris, vt contra diabolum, mundum
1321 2632 2098 2679 & carnem pugnent: licet non quilibet idoneus in be-
1323 2674 2102 2722 neficiorum partitione sufficientem prouisionem
1317 2718 2104 2783 habere possit, secundum valorem operae suae: debet
