2340 3360
471 309 1237 369 net, peccat. probatur. quilibet exponens se peri-
474 359 1241 412 culo confundenti peccati peccat: sic facit tenens
477 402 1234 460 plura &c. igitur. haec conclusio est clara ex dictis in
480 448 1228 504 quaestione secunda prologi. Et ex ea sequitur quod
484 484 1244 544 quito plura tenet extra latitudinem sufficientiae: tan
487 542 1238 586 to magis peccat. Secundo sequitur quod tenetur re-
489 577 1235 625 inquere quod habet vltra latitudinem sufficientiae
480 620 1250 670 vel quod est multum probabiliter extra latitudi-
474 664 1235 718 nem sufficientiae. Tertio sequitur: si vir animae suae
481 711 1238 755 salutem diligat: tutum esse ei se a puncto termi-
477 754 1244 802 natiuo illius latitudinis in ascendendo elongare.
490 799 1250 845 vnde non est hic sicut in virtute & vitio: quia vir
492 839 1243 888 us habet duo extrema vitiosa, exuperando, & de-
475 885 1244 932 ficiendo: hic autem in deficiendo non est pecca-
486 932 1238 982 tum, videlicet nullum beneficium habendo, vel
489 974 1243 1032 vnum quod sufficit alicui pro praemio: cum sit
486 1020 1244 1064 maiore dignus: immo isti bene agunt. Est tamen
490 1061 1247 1110 excessus in ascendendo. vt si centum franci viro
480 1106 1240 1156 idoneo sufficiant: iam manet in latitudine suffi
474 1161 1256 1206 cientiae. & si quantuncunque parum vltra capiat / pec-
487 1205 1250 1244 cat: nisi per ignorantiam inuincibilem excusetur.
480 1238 1253 1284 sed crebro est hic ignorantia vincibilis: quia bene
477 1281 1253 1333 ficia accipiens non confert cum prudentibus de la-
475 1326 863 1389 titudinem suae sufficientiae.
477 1387 1249 1473 ⁋ Ex his patet quinta conclusio: quod
490 1464 1241 1512 prudens & bonus manet contentus in beneficio
493 1512 1250 1563 vel beneficiis, suis meritis non aequiualentibus pro
480 1555 1255 1609 praemio. Dixi bonus, quia stat virum bene iudica
474 1599 1246 1650 re in intellectu & non conformiter agere in effectu:
481 1648 1250 1699 qui tunc erit prudens & non bonus. sed si solum
474 1690 1240 1740 bonum vere prudentem more beati Thomae ap-
489 1731 1255 1774 pellaueris, de nominibus non certemus. Probatur
493 1773 1250 1819 conclusio. ista via est ei securior ad salutem: & transcen
477 1819 1246 1876 dendo via est periculosa ex praecedentibus: ergo
483 1867 1253 1910 est acceptanda. semper intelligo quando viri neu
489 1907 1243 1963 tri prudentes qui eum cognouerunt iudicant eum
480 1951 1244 1999 dignum esse centum francis vel ducentis in vno: sed proba
490 1994 1250 2041 bile est eis quod si capiat a. summam, vel b. summam, ma-
486 2038 1237 2085 le ageret: iudicant tamen quod si adhuc paulo plus ha
483 2085 1246 2132 beret quam habeat: non peccaret. ⁋ Secundo arguitur
490 2130 1241 2184 ad idem. Si debet plura capere ad extremu vsque
490 2169 1243 2219 excessiue suae sufficientiae: hoc ideo est vt sit ma-
492 2221 1240 2278 gis idoneus vel vt aliquam portionem det pauperi-
485 2260 1247 2312 bus: vel aliorum inidoneorum promotionem praepe-
489 2308 1252 2355 diat. sed nullum istorum expedit. multa enim licent
479 2348 1252 2407 quae non expediunt. secundum apostolum. i. ad Co-
477 2392 1237 2444 rinth. vi. Non primum. tum propter periculum. Et si
490 2436 1238 2492 obiicias a prudentibus conclusum, iam illic non
493 2487 1250 2532 esse periculum: est tamen honestius a foedo extre
479 2525 1255 2576 mo se elongare: & a vulgaribus cum notabiliter di-
480 2571 1249 2620 stat ab extremo / cognoscetur esse in latitudinem suae
483 2612 1249 2660 sufficientiae: vbi si suam completam latitudinem haberet:
481 2659 1241 2708 dubitabit vulgus an plus aequo habeat: & per consequens
475 2705 1250 2778 subditos minus aedificabit. Tum secundo quod istos pauca
1314 309 2087 366 habentes tam sapientes quam insipientes maxine laudant. & si
1320 356 2083 406 conformiter ad hoc bn viuant, multum aedificant: quia
1321 405 2081 459 non minus vita docet quam verba. vnde. x. Ethicorum. viii.
1323 449 2092 503 Veritas tamen in iis quae in actionem eueniunt ex ope
1318 492 2093 549 ribus iudicatur & vita. in his enim praecipue certitu-
1333 532 2087 584 do veritatis consistit. Si verba bona operibus sint con
1332 579 2084 635 sona: acceptanda sunt. sin vero discrepant, verba
1327 622 2087 668 sunt tamen putanda. Hinc sapiens non quaesiuit ma-
1330 665 2093 720 gnas opes, Prouer. xxx. inquiens. Mendicitatem &
1332 715 2090 756 diuitias ne dederis mihi: tribue tantenum victui meo ne-
1327 755 2092 802 cessaria. Et philosophorum princeps in capite praefa
1320 800 2086 849 to decimi: postquam conclusit felicem non egere mul-
1321 839 2102 893 tis bonis externis: nec in vita contemplatiua nec acti
1333 896 2095 937 ua: ad hoc duos sapientes introducit ad suum di-
1320 931 2086 988 ctum corroborandum: dicens. Solon enim bene for
1320 976 2086 1031 tasse de felicibus sensit: qui quidem eos felices esse
1327 1024 2102 1075 dixit, qui mediocriter res habuerint externas: &
1332 1064 2086 1109 pulcherrimas res vt putabat, egere modesteque vi-
1327 1109 2092 1157 uere. fieri enim potest vt mediocriter possidentes agant
1332 1158 2086 1203 ea quae agere oportet. videtur autem & Anaxago-
1327 1199 2093 1249 ras non locupletem neque potentem / felicem ipsum exi-
1326 1243 2086 1294 stimasse. paulo post concludens quod rerum externa-
1329 1288 2086 1334 rum pauca felici sufficiant. Consentanee igitur no-
1333 1330 2092 1381 stris sententiis & sapientum opiniones esse viden-
1320 1374 2086 1424 tur, at enim habent quidem & talia quandam fidem.
1320 1418 2095 1477 Non secundum: quia si vix habeat pro se: non tene-
1327 1463 2096 1512 tur dare pauperibus citra extremam necessitatem.
1339 1512 2096 1553 Nec tertium. nam cum ei beneficium oblatum sit, vero
1329 1552 2092 1609 simile est quod ad petitionem eius collator conferet ali
1323 1598 2092 1647 cui idoneo nihil habenti: quia alioquin posset illud
1329 1640 2084 1696 beneficium acceptare: alicui idoneo conferendo per
1329 1684 2081 1730 resignationem. ⁋ Ex hac conclusione cum praedictis
1329 1730 2087 1789 in eadem distinctione de caeco amore quem erga
1321 1772 2087 1837 nosipsos habemus, iudicantes nos plus valere quid
1330 1819 2084 1870 valeamus: sequitur quod non est salutis animae suae memor,
1321 1862 2093 1915 beneficia sibi oblata quatenus ea retineat temere
1321 1911 2081 1967 suscipiens, quando apud prudentes iudicatur
1329 1950 2084 2003 totam latitudinem sufficientiae suae, & amplius
1317 1994 1609 2051 iam transcendisse.
1325 2044 2095 2132 ⁋ Ex omnibus in hac quaestione di-
1329 2127 2086 2174 ctis & obiter occurrentibus haec colligenda veniunt.
1320 2172 2089 2218 Licet habere plura beneficia frequentius sit malum: tamen
1330 2220 2092 2265 non est per se peccatum. Nam stat aliquem plura habere si-
1323 2264 2096 2311 ne peccato. vt patet ex conclusione prima. Sed hoc ple
1329 2305 2080 2363 rumque euenire solet: vt cum quis habet vnum beneficium
1335 2344 2087 2401 plusquam oportet: citius acquirat plura quam a principio. iam
1329 2388 2092 2449 enim excaecatus est vno oculo: & sine ratione ad beneficia
1321 2433 2089 2490 anhelat more nauis sine ancora in pelago fluctuam
1326 2487 2081 2539 tis. Praeterea sortes potest tenere plura licite: tamen plato
1324 2529 2087 2575 minus idoneus non potest, hic enim fallitur putans
1326 2566 2096 2626 idem esse de se & viro plurimum idoneo. Sed ha-
1332 2612 2095 2668 bens vltra latitudinem suae sufficientiae scienter,
1330 2658 2087 2718 vel per non sufficientae inquisitionem cum viris neutris
1321 2698 2099 2759 & deum timentibus per ignorantiam vincibilem, peccat: &
