2284 3328
460 313 1226 397 Guilielmi Parisiensis vnanimiter ab omnibus: dem
468 382 1222 446 ptis duobus: quibus postea male euenit: quod si quis
465 426 1214 480 haberet viginti libras Parisienses in vno benefi
468 478 1220 529 cio: non poterat sana conscientia aliud accipere.
468 515 1221 577 ⁋ Respondetur. illa tempestate forte pauci erant in
462 559 1230 627 facultate. forte etiam quis tantum habebat tunc pro vi
456 607 1217 661 ginti libris, quantum nunc pro centum francis. Sed di
462 651 1216 701 circunstantiis & motiuis tunc facultatem mouentibus non
456 690 1226 744 legi: est mihi vero simile quod sit vnum fictitium & commentum.
460 739 1219 800 Non enim ausim doctorem theologum eruditum
457 788 1229 839 vel in aliis ei aequalentem, & moribus grauem damnare: vel
462 828 1234 878 dicere esse extra statum salutis: qui habet in variis bene
452 870 1223 920 ficiis pecuniam ad se alendum cum duobus famulis, pro
454 915 1229 964 supellectile / & libris in quadam mediocritate hone
459 960 1235 1009 sta. Et si opus sit ei equo: quis totum illud reproba-
462 1001 1229 1062 bit: saltem quod talis sit extra latitudinem sufficientiae:
459 1055 1225 1104 esto sit plebeius nemo asseret. Et si praeterea fuerii
463 1089 1225 1150 claris natalibus ortus: ad paulo maius admitti potest
462 1137 1235 1205 ergo ille de quo loquor non est propterea extra statum
453 1182 1231 1235 saiutis: etiam si haberet circiter ducenta scuta. & potest
452 1225 1231 1290 illud per pragmaticam sanctionem vallari: quae tantam
453 1276 1082 1344 summa in denominationibus admittit.
456 1336 1219 1413 ⁋ Contra secundam conclusionem ar-
462 1399 1222 1457 gumentor: & est obiectio contra solutionem praeceder
454 1452 1232 1506 tem. lste de quo loquor est episcopatu dignus To
462 1488 1235 1540 letano vel Maguntinensi. tunc sic. iste Magutinensis
468 1542 1223 1591 potest habere vltra sexaginta milia ducatorum: erge
456 1587 1229 1636 tantum potest habere in pluribus. consequentia tenei
463 1630 1232 1682 quia est eadem summa pecuniae collecta: & idem ho
456 1665 1223 1724 mo: & aequaliter laborans. ⁋ Respondetur consequi
465 1710 1238 1767 tia est nulla. Ratio: quia iste pinguis episcopatus est
463 1758 1238 1814 vnicus & indiuisibilis in potentia propinqua. opor-
459 1799 1228 1849 tet ergo vt vni concedatur vigilanti pastori: quemad
459 1848 1229 1902 modu est iste de quo loquimur. sed non potest tantum
468 1888 1228 1944 habere in pluribus. Non enim video aliquem episcopa
468 1941 1226 1992 tum quin totum hominem requirat: & sufficiente prouisio
459 1979 1217 2030 nem habeat: etiam pro viro idoneo & nobili. de talibus
465 2022 1235 2067 autem magnis beneficiis vel dignitatibus non locutus
468 2065 1222 2112 sum. Contra hoc arguitur. quod Rothomagensis epsoatu
468 2112 1228 2157 sit magnus & valeat duodecim milia ducatorum: &
474 2156 1235 2205 Meldensis minor / bis mille ducatos valens: est vnum
478 2204 1238 2254 positiuum humanum: & nulla illius danda est ratio: er
471 2249 1222 2301 go cum vnus possit habere episcopatum Rothoma
468 2287 1238 2344 gensem: tota dioecesim sicut oportet visitando: si
469 2342 1238 2389 tota illa dioecesis in duos episcopatus esset diuisa:
465 2378 1235 2428 ambitus non esset maior: ergo ille qui ante, totam dioe
475 2425 1228 2474 cesim inuisere poterat: nunc vtramque visitare potest
480 2466 1226 2521 & dispensationem habet a maximo pontifice, quam du
478 2519 1223 2564 os episcopatus potest coniungere, & vnum ma
471 2565 1238 2612 gnum diuidere. ergo qui poterat tenere episcopa-
472 2603 1229 2648 tum Rothomagensem per legem communem / poterii
478 2640 1229 2694 per dispensationem tenere a. & b per modum vnius. sit a
484 2689 1237 2734 vna dimidietas illius dioecesis, & b. altera. Respon-
472 2731 1230 2798 detur concedendo quod non est ratio naturalis vel diui
1299 310 2065 387 na alia ab hominium voluntate: quare Meldensis epi-
1296 386 2060 432 scopatus sit subsextuplus ad Rothomagensem.
1298 432 2065 473 tamen minor eorum eruditissimo & nobilissimo vi-
1302 475 2057 529 ro sufficere potest: & totum hominem requirit. Et quan
1299 516 2069 564 do infers. si vnus possit habere episcopatum Rotho
1303 566 2053 618 magensem: potest duos habere quando fieret partitio
1299 608 2059 654 De partitione postea loquar: sed pronunc nego con
1296 653 2053 706 sequentiam: quia vnus illorum episcopatuum est pri
1300 694 2057 745 mium temporale ei sufficiens, & eius praesentiam seu resi
1302 741 2075 785 dentiam requirens, pro ordinibus & multis aliis mi-
1305 781 2074 840 nistrandis. Legimus siquidem cum quidam rogart
1309 830 2072 878 Paulum Secundum pro duobus episcopatibus vni
1305 872 2080 923 dandis, asserens esse filium regis: respondisse pon-
1302 915 2065 964 tificem, etsi filius dei esset non dispensarem. Dico hant
1308 965 2078 1013 responsionem vicario dei dignam. Nunquam enim admitto
1312 1008 2071 1068 quod quis possit habere duo beneficia: vbi alterum
1309 1056 2078 1105 sufficit suo statui, & vtilitati quam reipublicae affert,
1309 1098 2084 1147 etiam respectum habendo ad idoneos qui nihil habent.
1313 1140 2075 1198 Non esset etiam rationabile coniungere duos paruos
1315 1190 2075 1239 episcopatus: quorum vterque viro maxime idoneo
1306 1233 2081 1278 necessarius est pro episcopi dignitate. Potius ma-
1305 1278 2081 1332 gnorum partitionem admitterem / multiplicando pasto-
1303 1322 2084 1367 res, quorum quilibet sufficientem prouisionem haberet.
1314 1360 2078 1409 Sed consuetudines & regionum leges ( nisi valde ex-
1317 1410 2066 1456 orbitantes fuerint) non sunt variandae. Ne transgre
1308 1451 2072 1500 diaris terminos antiquos quos posuerunt patres tui-
1308 1494 2077 1541 inquit sapiens Prouer. xxii. Arist. ii. Poli. vi. re-
1317 1540 2081 1596 prehendens Hippodami leges, inter quas haec fuit repre
1315 1582 2068 1633 hensa, quod ii qui vtile quippiam ciuitati reperirent / hono
1311 1630 2072 1675 ribus afficerentur: dicit artem propter meliorem superueniem
1315 1673 2075 1718 tem mutandam: non autem legem. Nam lex (inquit) nullam
1311 1717 2072 1763 vim habet ad suadendum nisi ex more. Mos autem
1308 1761 2082 1811 non fit nisi temporis longitudine. quare facile mutare le-
1320 1811 2071 1862 ges ex praesentibus in alias nouas: infirmam facere est
1318 1853 2069 1903 vim legis. Oportet ergo loqui de facto & non de
1318 1903 2075 1953 possibili. Et ostendo solutionem esse rationabilem:
1324 1939 2078 1997 quia concesso hoc quod argumentum quaerit: deduce-
1312 1988 2072 2037 re potes quod duo habere possint episcopatus omnes
1306 2028 2072 2076 in Francia. ⁋ Secundo arguitur. si quis haberet
1306 2075 2078 2132 duas praebendas in eadem ecclesia: non sequerentur
1308 2118 2069 2163 inconvenientia illata: cum semper maneret in eodem
1320 2162 2077 2228 loco: sed difficilius iura admittunt quem posse ha
1312 2207 2078 2267 bere duo beneficia in eodem loco qui in variis: er-
1317 2251 2071 2310 go si non sequatur inconueniens ad dispensatio-
1308 2303 2071 2348 nem duorum beneficiorum in eodem loco: nec se-
1317 2339 2071 2386 quetur inconueniens ad dispensationem plurium
1306 2383 2075 2429 in variis locis. ⁋ Respondetur. iura hoc faciunt
1309 2427 2075 2474 ne diminuatur numerus ministrorum dei: quia si
1312 2474 2069 2523 quis haberet duo beneficia in eadem ecclesia: ipse
1320 2518 2069 2569 vtrique deseruiret: & sic duorum vel trium canonicorum
1308 2553 2078 2606 loca vnus occuparet: ac tandem notabiliter diminue
1311 2607 2072 2662 retur numerus. & hoc stante beneficiorum partitione. nam
1315 2650 2070 2708 quod vnum sit grande & dignitas: aliud vero non: ab
1315 2694 2081 2741 initio fuit voluntarium. Potest tamen dari casus in quo
1305 2739 2075 2794 quis haberet dispensationem ad habenda duo bene
