<?xml version="1.0" encoding="UTF-8" standalone="yes"?>
<PcGts xmlns="http://schema.primaresearch.org/PAGE/gts/pagecontent/2013-07-15" xmlns:xsi="http://www.w3.org/2001/XMLSchema-instance" xsi:schemaLocation="http://schema.primaresearch.org/PAGE/gts/pagecontent/2013-07-15 http://schema.primaresearch.org/PAGE/gts/pagecontent/2013-07-15/pagecontent.xsd">
    <Metadata>
        <Creator>prov=University of Rostock/Institute of Mathematics/CITlab|PLANET AI GmbH/Gundram Leifert/gundram.leifert@planet-ai.de:name=cod-Bda113-model2(htr_id=24733)::::v=2.6.6
prov=University of Rostock/Institute of Mathematics/CITlab|PLANET AI GmbH/Tobias Gruening/tobias.gruening@planet-ai.de:name=de.uros.citlab.module.baseline2polygon.B2PSeamMultiOriented:v=2.6.6
prov=University of Rostock/Institute of Mathematics/CITlab|PLANET AI GmbH/Tobias Gruening/tobias.gruening@planet-ai.de:name=/net_tf/LA73_249_0mod360.pb:de.uros.citlab.segmentation.CITlab_LA_ML:v=2.6.6
Transkribus</Creator>
        <Created>2020-04-17T22:24:01.689+02:00</Created>
        <LastChange>2020-06-19T06:36:43.309+02:00</LastChange>
        <TranskribusMetadata docId="371227" pageId="14532732" pageNr="496" tsid="32171792" status="IN_PROGRESS" userId="25065" imgUrl="https://files.transkribus.eu/Get?id=SMFNVEJEAMSWCOKTFUSRDPTD&amp;fileType=view" xmlUrl="https://files.transkribus.eu/Get?id=BGHFJXOSHIWOGVABDBZXWKLC" imageId="10489109"/>
    </Metadata>
    <Page imageFilename="0496.jpg" imageWidth="2366" imageHeight="3324">
        <ReadingOrder>
            <OrderedGroup id="ro_1592575815372" caption="Regions reading order">
                <RegionRefIndexed index="0" regionRef="TextRegion_1592158367896_847"/>
                <RegionRefIndexed index="1" regionRef="TextRegion_1592158367896_846"/>
            </OrderedGroup>
        </ReadingOrder>
        <TextRegion orientation="0.0" id="TextRegion_1592158367896_847" custom="readingOrder {index:0;}">
            <Coords points="557,230 1370,230 1370,2751 557,2751"/>
            <TextLine id="r1l3" custom="readingOrder {index:0;}">
                <Coords points="559,358 1313,356 1311,281 1211,309 1135,292 1094,312 752,313 671,289 558,314"/>
                <Baseline points="563,351 600,351 637,351 674,350 711,350 749,348 786,348 823,348 860,347 897,347 935,345 972,345 1009,345 1046,344 1083,344 1121,342 1158,342 1195,342 1232,342 1269,341 1307,341"/>
                <TextEquiv>
                    <Unicode>&amp; magis &amp; periculosius peccabit detinendo: sed non</Unicode>
                </TextEquiv>
            </TextLine>
            <TextLine id="r1l5" custom="readingOrder {index:1;}">
                <Coords points="552,400 1306,397 1289,346 551,360"/>
                <Baseline points="557,398 594,396 631,395 668,395 705,393 743,393 780,392 817,392 854,390 891,390 929,390 966,390 1003,389 1040,389 1077,389 1115,389 1152,387 1189,387 1226,387 1263,386 1301,386"/>
                <TextEquiv>
                    <Unicode>debemus cooperari peccatis istorum, quia hoc esser</Unicode>
                </TextEquiv>
            </TextLine>
            <TextLine id="r1l7" custom="readingOrder {index:2;}">
                <Coords points="559,454 1321,431 1320,402 1283,390 1011,412 558,402"/>
                <Baseline points="564,441 601,440 639,439 676,438 714,437 752,437 789,435 827,435 864,435 902,434 940,434 977,434 1015,433 1052,432 1090,432 1128,432 1165,431 1203,431 1240,431 1278,431 1316,431"/>
                <TextEquiv>
                    <Unicode>ad mandatum inferioris legem dei nos ad opposi-</Unicode>
                </TextEquiv>
            </TextLine>
            <TextLine id="r1l9" custom="readingOrder {index:3;}">
                <Coords points="555,497 1257,490 1312,481 1312,442 555,452"/>
                <Baseline points="560,483 597,483 634,483 672,482 709,482 746,482 784,480 821,480 858,480 896,480 933,479 970,479 1008,479 1045,479 1082,477 1120,477 1157,476 1194,476 1232,474 1269,474 1307,473"/>
                <TextEquiv>
                    <Unicode>tum obligantis relinquere. Quod patet per theoricam</Unicode>
                </TextEquiv>
            </TextLine>
            <TextLine id="r1l11" custom="readingOrder {index:4;}">
                <Coords points="553,536 1307,528 1306,493 1245,480 552,496"/>
                <Baseline points="558,528 595,528 632,528 669,527 706,527 744,527 781,525 818,525 855,524 892,524 930,522 967,522 1004,521 1041,521 1078,519 1116,519 1153,518 1190,518 1227,518 1264,516 1302,516"/>
                <TextEquiv>
                    <Unicode>distinctio. xxxviii. inferius recitandam. Si inferio-</Unicode>
                </TextEquiv>
            </TextLine>
            <TextLine id="r1l13" custom="readingOrder {index:5;}">
                <Coords points="553,579 1272,580 1313,572 1312,523 552,537"/>
                <Baseline points="558,573 595,573 633,572 670,570 708,570 745,570 783,569 820,568 858,567 895,567 933,566 970,566 1008,566 1045,564 1083,564 1120,564 1158,563 1195,563 1233,563 1270,562 1308,561"/>
                <TextEquiv>
                    <Unicode>ri praecipiat abbas aliquid facere in quo iuste dispen-</Unicode>
                </TextEquiv>
            </TextLine>
            <TextLine id="r1l15" custom="readingOrder {index:6;}">
                <Coords points="559,628 1311,616 1310,577 1231,568 558,579"/>
                <Baseline points="564,618 601,617 638,615 675,615 712,614 749,612 786,612 823,611 860,611 897,611 934,609 971,609 1008,609 1045,608 1082,608 1119,608 1156,608 1193,606 1230,606 1267,606 1305,606"/>
                <TextEquiv>
                    <Unicode>sare nequit: &amp; si hoc inferiori constiterit: non est ei pa</Unicode>
                </TextEquiv>
            </TextLine>
            <TextLine id="r1l17" custom="readingOrder {index:7;}">
                <Coords points="559,666 1056,674 1160,652 1257,673 1319,654 1319,617 559,628"/>
                <Baseline points="564,660 601,659 639,659 676,658 714,657 751,657 789,656 826,656 864,655 901,654 939,654 976,654 1014,653 1051,653 1089,653 1126,653 1164,651 1201,651 1239,651 1276,651 1314,650"/>
                <TextEquiv>
                    <Unicode>rendum: immo maximus pontifex non vult quod si-</Unicode>
                </TextEquiv>
            </TextLine>
            <TextLine id="r1l19" custom="readingOrder {index:8;}">
                <Coords points="564,711 1283,711 1306,707 1306,656 1258,674 564,664"/>
                <Baseline points="569,704 605,702 642,702 678,701 715,701 752,701 788,699 825,699 861,699 898,699 935,698 971,698 1008,698 1044,698 1081,698 1118,696 1154,696 1191,696 1227,696 1264,695 1301,695"/>
                <TextEquiv>
                    <Unicode>bi scribenti pro indigno pareatur: vt dicit in ca. Cum</Unicode>
                </TextEquiv>
            </TextLine>
            <TextLine id="r1l21" custom="readingOrder {index:9;}">
                <Coords points="552,759 1307,743 1306,707 1234,700 551,720"/>
                <Baseline points="557,747 594,747 631,747 668,746 706,746 743,746 780,744 817,744 855,744 892,743 929,743 966,743 1004,742 1041,741 1078,741 1115,741 1153,740 1190,740 1227,739 1264,738 1302,738"/>
                <TextEquiv>
                    <Unicode>teneamur. praefato. vbi Alexander tertius sic ait</Unicode>
                </TextEquiv>
            </TextLine>
            <TextLine id="r1l23" custom="readingOrder {index:10;}">
                <Coords points="561,798 1315,790 1306,743 561,757"/>
                <Baseline points="566,791 603,791 640,790 677,789 714,789 752,788 789,788 826,788 863,788 900,786 938,786 975,786 1012,785 1049,785 1086,785 1124,783 1161,783 1198,783 1235,783 1272,782 1310,782"/>
                <TextEquiv>
                    <Unicode>Cum teneamur. &amp; infra. Si mandatum nostrum pro alicu</Unicode>
                </TextEquiv>
            </TextLine>
            <TextLine id="r1l25" custom="readingOrder {index:11;}">
                <Coords points="556,844 1305,840 1313,793 556,802"/>
                <Baseline points="561,834 598,834 635,834 673,834 710,834 747,833 785,833 822,833 859,831 897,831 934,830 971,830 1009,828 1046,828 1083,828 1121,827 1158,827 1195,827 1233,827 1270,828 1308,828"/>
                <TextEquiv>
                    <Unicode>ius prouisione receperis: qui aliud beneficium habeat</Unicode>
                </TextEquiv>
            </TextLine>
            <TextLine id="r1l27" custom="readingOrder {index:12;}">
                <Coords points="565,890 1319,879 1318,843 1276,832 564,840"/>
                <Baseline points="570,879 607,879 644,878 681,878 718,876 756,876 793,876 830,875 867,875 904,875 942,874 979,873 1016,873 1053,873 1090,872 1128,872 1165,872 1202,872 1239,872 1276,872 1314,870"/>
                <TextEquiv>
                    <Unicode>de quo valeat commode sustentari: nisi forte in lite-</Unicode>
                </TextEquiv>
            </TextLine>
            <TextLine id="r1l29" custom="readingOrder {index:13;}">
                <Coords points="556,929 1312,923 1311,883 1276,878 555,889"/>
                <Baseline points="561,924 598,923 635,923 672,922 710,921 747,921 784,920 822,920 859,920 896,918 934,918 971,918 1008,918 1045,918 1083,917 1120,917 1157,917 1195,917 1232,917 1269,917 1307,917"/>
                <TextEquiv>
                    <Unicode>ris ipsis de hoc mentio habeatur: aut si non potest ei</Unicode>
                </TextEquiv>
            </TextLine>
            <TextLine id="r1l31" custom="readingOrder {index:14;}">
                <Coords points="559,979 1324,973 1324,921 559,927"/>
                <Baseline points="564,969 601,968 639,966 677,966 715,965 752,965 790,964 828,963 866,963 903,963 941,962 979,962 1017,962 1054,962 1092,962 1130,962 1168,961 1205,960 1243,960 1281,960 1319,959"/>
                <TextEquiv>
                    <Unicode>sine scandalo prouideri: aequanimiter sustinemus: si</Unicode>
                </TextEquiv>
            </TextLine>
            <TextLine id="r1l33" custom="readingOrder {index:15;}">
                <Coords points="568,1022 1315,1013 1315,975 1246,966 568,975"/>
                <Baseline points="573,1011 609,1010 646,1010 683,1010 720,1010 757,1008 794,1008 830,1008 867,1007 904,1007 941,1007 978,1005 1015,1005 1052,1005 1088,1005 1125,1005 1162,1005 1199,1004 1236,1004 1273,1004 1310,1004"/>
                <TextEquiv>
                    <Unicode>pro eo mandatum nostrum non duxeris exequendum.</Unicode>
                </TextEquiv>
            </TextLine>
            <TextLine id="r1l35" custom="readingOrder {index:16;}">
                <Coords points="558,1066 1321,1060 1320,1018 1273,1011 557,1015"/>
                <Baseline points="563,1055 600,1055 638,1055 675,1053 713,1053 751,1053 788,1052 826,1052 864,1052 901,1052 939,1052 977,1051 1014,1050 1052,1050 1090,1050 1127,1050 1165,1050 1203,1050 1240,1050 1278,1050 1316,1050"/>
                <TextEquiv>
                    <Unicode>Et istud patet. itu. de verbo. signi. l. Nepos. xxii. qui.</Unicode>
                </TextEquiv>
            </TextLine>
            <TextLine id="r1l37" custom="readingOrder {index:17;}">
                <Coords points="553,1108 1301,1113 1322,1063 553,1066"/>
                <Baseline points="558,1101 597,1100 637,1098 677,1097 717,1097 757,1096 797,1095 837,1095 877,1095 917,1095 957,1095 997,1095 1037,1095 1077,1095 1117,1095 1157,1095 1197,1094 1237,1094 1277,1094 1317,1094"/>
                <TextEquiv>
                    <Unicode>ii. Faciat homo. &amp; in. c. Nihil cum scandalo. de prae-</Unicode>
                </TextEquiv>
            </TextLine>
            <TextLine id="r1l39" custom="readingOrder {index:18;}">
                <Coords points="555,1156 1312,1150 1324,1107 555,1109"/>
                <Baseline points="560,1145 599,1144 639,1143 679,1142 719,1142 759,1140 799,1140 839,1140 879,1140 919,1139 959,1139 999,1139 1039,1139 1079,1139 1119,1139 1159,1139 1199,1137 1239,1137 1279,1137 1319,1136"/>
                <TextEquiv>
                    <Unicode>scrip. ⁋ Septimo arguitur. habeat Titius duo be</Unicode>
                </TextEquiv>
            </TextLine>
            <TextLine id="r1l41" custom="readingOrder {index:19;}">
                <Coords points="559,1198 1227,1201 1319,1189 1319,1151 559,1157"/>
                <Baseline points="564,1188 601,1187 639,1187 676,1185 714,1185 751,1185 789,1185 826,1184 864,1184 901,1184 939,1184 976,1184 1014,1184 1051,1184 1089,1184 1126,1184 1164,1184 1201,1182 1239,1182 1276,1182 1314,1182"/>
                <TextEquiv>
                    <Unicode>neficia: quorum altero est dignus: sed non vtroque. Tunc</Unicode>
                </TextEquiv>
            </TextLine>
            <TextLine id="r1l43" custom="readingOrder {index:20;}">
                <Coords points="558,1239 1286,1236 1325,1229 1325,1195 558,1199"/>
                <Baseline points="563,1232 600,1232 638,1231 676,1230 714,1230 752,1230 790,1229 827,1229 865,1229 903,1229 941,1229 979,1227 1017,1227 1055,1227 1092,1227 1130,1227 1168,1226 1206,1226 1244,1226 1282,1225 1320,1224"/>
                <TextEquiv>
                    <Unicode>sic. neutrum istorum tenetur relinquere: &amp; tamen edo- </Unicode>
                </TextEquiv>
            </TextLine>
            <TextLine id="r1l45" custom="readingOrder {index:21;}">
                <Coords points="561,1283 1268,1288 1322,1277 1322,1239 561,1240"/>
                <Baseline points="566,1275 603,1275 641,1275 678,1275 716,1275 753,1274 791,1274 828,1274 866,1274 903,1274 941,1272 979,1272 1016,1272 1054,1272 1091,1272 1129,1271 1166,1271 1204,1271 1241,1271 1279,1270 1317,1269"/>
                <TextEquiv>
                    <Unicode>cetur esse superflue pluralis. igitur. maior patet: quia</Unicode>
                </TextEquiv>
            </TextLine>
            <TextLine id="r1l47" custom="readingOrder {index:22;}">
                <Coords points="559,1326 1306,1326 1327,1282 559,1285"/>
                <Baseline points="564,1320 601,1320 639,1319 677,1317 715,1317 753,1317 791,1317 829,1316 867,1316 905,1316 943,1316 980,1316 1018,1316 1056,1316 1094,1316 1132,1316 1170,1316 1208,1316 1246,1314 1284,1313 1322,1313"/>
                <TextEquiv>
                    <Unicode>nec istud istorum tenetur relinquanre: nec illud istorum.</Unicode>
                </TextEquiv>
            </TextLine>
            <TextLine id="r1l49" custom="readingOrder {index:23;}">
                <Coords points="565,1372 1315,1370 1315,1328 1266,1320 565,1327"/>
                <Baseline points="570,1364 607,1364 644,1364 681,1362 718,1362 755,1362 792,1362 829,1362 866,1362 903,1362 940,1361 977,1361 1014,1361 1051,1361 1088,1361 1125,1361 1162,1361 1199,1359 1236,1359 1273,1358 1310,1358"/>
                <TextEquiv>
                    <Unicode>Et potest sic fieri argumentum. lstud istorum potest tenere</Unicode>
                </TextEquiv>
            </TextLine>
            <TextLine id="r1l51" custom="readingOrder {index:24;}">
                <Coords points="567,1415 1327,1414 1327,1374 1224,1360 1181,1378 567,1373"/>
                <Baseline points="572,1407 609,1407 647,1407 684,1407 722,1407 759,1407 797,1406 834,1406 872,1406 909,1406 947,1406 984,1406 1022,1406 1059,1406 1097,1404 1134,1404 1172,1404 1209,1404 1247,1404 1284,1403 1322,1403"/>
                <TextEquiv>
                    <Unicode>icite: &amp; istud istorum potest tenere licite: ergo vtrumque isto</Unicode>
                </TextEquiv>
            </TextLine>
            <TextLine id="r1l53" custom="readingOrder {index:25;}">
                <Coords points="559,1460 1235,1466 1321,1453 1321,1409 559,1423"/>
                <Baseline points="564,1452 601,1452 639,1451 676,1451 714,1451 752,1451 789,1449 827,1449 864,1449 902,1449 940,1449 977,1449 1015,1449 1052,1449 1090,1449 1128,1449 1165,1448 1203,1448 1240,1448 1278,1448 1316,1448"/>
                <TextEquiv>
                    <Unicode>rum potest tenere licite. Respondetur. argumentum est sophisticum</Unicode>
                </TextEquiv>
            </TextLine>
            <TextLine id="r1l55" custom="readingOrder {index:26;}">
                <Coords points="564,1506 1333,1499 1333,1461 1276,1452 564,1460"/>
                <Baseline points="569,1496 608,1496 648,1496 688,1494 728,1494 768,1494 808,1494 848,1494 888,1494 928,1494 968,1494 1008,1494 1048,1494 1088,1493 1128,1493 1168,1493 1208,1493 1248,1492 1288,1491 1328,1490"/>
                <TextEquiv>
                    <Unicode>Nam eodem modo argumentabor. vnum istorum tenetur</Unicode>
                </TextEquiv>
            </TextLine>
            <TextLine id="r1l57" custom="readingOrder {index:27;}">
                <Coords points="559,1546 1319,1554 1319,1504 1293,1496 559,1508"/>
                <Baseline points="564,1541 601,1540 639,1539 676,1539 714,1539 751,1539 789,1539 826,1538 864,1538 901,1538 939,1538 976,1538 1014,1538 1051,1538 1089,1538 1126,1538 1164,1538 1201,1538 1239,1538 1276,1539 1314,1539"/>
                <TextEquiv>
                    <Unicode>relinquere: &amp; aequa est ratio in vtroque: ergo vtrumque</Unicode>
                </TextEquiv>
            </TextLine>
            <TextLine id="r1l59" custom="readingOrder {index:28;}">
                <Coords points="558,1596 1324,1592 1324,1554 1260,1541 558,1554"/>
                <Baseline points="563,1586 600,1586 638,1584 676,1584 714,1584 752,1584 789,1584 827,1583 865,1583 903,1583 941,1583 978,1583 1016,1583 1054,1583 1092,1583 1130,1581 1167,1581 1205,1581 1243,1581 1281,1580 1319,1580"/>
                <TextEquiv>
                    <Unicode>tenetur relinquere. Sed concedo quod neutrum istorum</Unicode>
                </TextEquiv>
            </TextLine>
            <TextLine id="r1l61" custom="readingOrder {index:29;}">
                <Coords points="562,1635 1209,1641 1327,1633 1327,1596 562,1597"/>
                <Baseline points="567,1629 604,1629 642,1628 680,1628 718,1628 755,1626 793,1626 831,1626 869,1626 906,1626 944,1626 982,1628 1020,1628 1057,1628 1095,1628 1133,1626 1171,1626 1208,1626 1246,1626 1284,1625 1322,1625"/>
                <TextEquiv>
                    <Unicode>tenetur resignare: necesse est tamen si velit esse in</Unicode>
                </TextEquiv>
            </TextLine>
            <TextLine id="r1l63" custom="readingOrder {index:30;}">
                <Coords points="562,1680 1333,1679 1332,1634 1306,1629 561,1641"/>
                <Baseline points="567,1674 605,1673 643,1673 681,1672 719,1671 757,1671 795,1671 833,1671 871,1670 909,1670 947,1670 985,1670 1023,1670 1061,1671 1099,1671 1137,1671 1175,1671 1213,1670 1251,1670 1289,1670 1328,1670"/>
                <TextEquiv>
                    <Unicode>statu salutis vt alterum resignet. Et concedo quod vtrun-</Unicode>
                </TextEquiv>
            </TextLine>
            <TextLine id="r1l65" custom="readingOrder {index:31;}">
                <Coords points="555,1732 1277,1730 1330,1725 1330,1679 555,1681"/>
                <Baseline points="560,1719 598,1719 636,1718 674,1718 713,1717 751,1716 789,1716 827,1716 866,1716 904,1716 942,1716 980,1716 1019,1715 1057,1715 1095,1715 1133,1715 1172,1715 1210,1715 1248,1713 1286,1713 1325,1712"/>
                <TextEquiv>
                    <Unicode>quod istorum licite potest tenere. sicut demostrando </Unicode>
                </TextEquiv>
            </TextLine>
            <TextLine id="r1l67" custom="readingOrder {index:32;}">
                <Coords points="559,1772 1189,1776 1327,1767 1327,1728 559,1734"/>
                <Baseline points="564,1763 601,1762 639,1761 677,1761 715,1761 753,1760 791,1760 829,1760 867,1760 905,1761 943,1761 980,1761 1018,1761 1056,1761 1094,1761 1132,1760 1170,1760 1208,1760 1246,1759 1284,1758 1322,1757"/>
                <TextEquiv>
                    <Unicode>duos grossos lapides, eorum quemlibet potest leuare</Unicode>
                </TextEquiv>
            </TextLine>
            <TextLine id="r1l69" custom="readingOrder {index:33;}">
                <Coords points="564,1814 1225,1821 1330,1809 1330,1765 564,1771"/>
                <Baseline points="569,1808 606,1808 644,1806 682,1806 720,1806 758,1806 795,1806 833,1806 871,1805 909,1805 947,1805 984,1805 1022,1805 1060,1805 1098,1804 1136,1803 1173,1803 1211,1803 1249,1803 1287,1802 1325,1802"/>
                <TextEquiv>
                    <Unicode>sortes, &amp; parum vltra vnum istorum: non tam en potest:</Unicode>
                </TextEquiv>
            </TextLine>
            <TextLine id="r1l71" custom="readingOrder {index:34;}">
                <Coords points="559,1860 932,1873 1142,1852 1208,1873 1325,1856 1325,1808 559,1816"/>
                <Baseline points="564,1851 601,1850 639,1850 677,1850 715,1850 753,1850 790,1850 828,1850 866,1850 904,1850 942,1850 979,1850 1017,1850 1055,1850 1093,1850 1131,1850 1168,1849 1206,1848 1244,1848 1282,1847 1320,1845"/>
                <TextEquiv>
                    <Unicode>leuare ambos: vel non potest leuare vtrumque istorum.</Unicode>
                </TextEquiv>
            </TextLine>
            <TextLine id="r1l73" custom="readingOrder {index:35;}">
                <Coords points="559,1903 1337,1897 1307,1852 1208,1872 558,1864"/>
                <Baseline points="564,1898 602,1897 640,1896 679,1896 717,1896 756,1896 794,1896 832,1896 871,1895 909,1895 948,1895 986,1895 1024,1895 1063,1895 1101,1893 1140,1893 1178,1893 1216,1892 1255,1892 1293,1890 1332,1890"/>
                <TextEquiv>
                    <Unicode>sic in proposito sortes non potest tenere vtruque isto-</Unicode>
                </TextEquiv>
            </TextLine>
            <TextLine id="r1l75" custom="readingOrder {index:36;}">
                <Coords points="562,1946 965,1953 989,1946 989,1901 941,1911 837,1900 819,1912 757,1899 669,1919 606,1897 562,1906"/>
                <Baseline points="567,1941 593,1941 619,1941 645,1941 671,1941 697,1941 723,1941 749,1941 775,1941 801,1941 827,1941 853,1941 879,1941 905,1941 931,1941 957,1941 984,1941"/>
                <TextEquiv>
                    <Unicode>rum cum animae suae salute.</Unicode>
                </TextEquiv>
            </TextLine>
            <TextLine id="r1l77" custom="readingOrder {index:37;}">
                <Coords points="562,2034 1271,2038 1322,2027 1321,1970 1261,1944 1140,1964 1090,1944 959,1961 919,1990 743,1988 636,1949 561,1982"/>
                <Baseline points="567,2024 604,2021 642,2020 679,2019 717,2019 754,2018 792,2018 829,2018 867,2018 904,2018 942,2018 979,2018 1017,2018 1054,2016 1092,2016 1129,2016 1167,2016 1204,2015 1242,2014 1279,2012 1317,2010"/>
                <TextEquiv>
                    <Unicode>⁋ Octauo arguitur. multi antequam ade. </Unicode>
                </TextEquiv>
            </TextLine>
            <TextLine id="r1l79" custom="readingOrder {index:38;}">
                <Coords points="561,2085 1328,2070 1327,2022 560,2033"/>
                <Baseline points="566,2066 603,2066 641,2066 679,2066 717,2066 755,2066 793,2066 830,2066 868,2066 906,2066 944,2066 982,2064 1020,2064 1058,2064 1095,2064 1133,2064 1171,2064 1209,2063 1247,2063 1285,2063 1323,2063"/>
                <TextEquiv>
                    <Unicode>pti sunt beneficia palam concionando dixerunt id</Unicode>
                </TextEquiv>
            </TextLine>
            <TextLine id="r1l81" custom="readingOrder {index:39;}">
                <Coords points="561,2127 1328,2121 1333,2076 561,2085"/>
                <Baseline points="566,2109 604,2110 642,2111 680,2111 718,2111 756,2111 794,2111 832,2111 870,2111 908,2111 947,2109 985,2109 1023,2109 1061,2109 1099,2108 1137,2108 1175,2108 1213,2108 1251,2108 1289,2108 1328,2108"/>
                <TextEquiv>
                    <Unicode>quod assero: qui postea beneficiis adeptis &amp; rerum ex-</Unicode>
                </TextEquiv>
            </TextLine>
            <TextLine id="r1l83" custom="readingOrder {index:40;}">
                <Coords points="561,2171 1318,2164 1327,2120 561,2127"/>
                <Baseline points="566,2157 603,2156 641,2154 679,2154 717,2153 755,2153 792,2153 830,2153 868,2153 906,2153 944,2153 981,2154 1019,2154 1057,2154 1095,2154 1133,2154 1170,2154 1208,2153 1246,2153 1284,2151 1322,2150"/>
                <TextEquiv>
                    <Unicode>perientia cognita / obmutuerunt, &amp; oppositum docue</Unicode>
                </TextEquiv>
            </TextLine>
            <TextLine id="r1l85" custom="readingOrder {index:41;}">
                <Coords points="558,2218 1264,2216 1333,2201 1333,2164 558,2174"/>
                <Baseline points="563,2199 601,2199 639,2199 677,2199 716,2199 754,2199 792,2199 830,2199 869,2199 907,2199 945,2199 983,2199 1022,2199 1060,2199 1098,2199 1136,2199 1175,2199 1213,2199 1251,2198 1289,2198 1328,2196"/>
                <TextEquiv>
                    <Unicode>runt facto. secundum illud apostoli. i. ad Corinth.</Unicode>
                </TextEquiv>
            </TextLine>
            <TextLine id="r1l87" custom="readingOrder {index:42;}">
                <Coords points="561,2250 1285,2259 1331,2242 1331,2203 561,2219"/>
                <Baseline points="566,2243 604,2243 642,2243 680,2243 718,2243 756,2243 794,2244 832,2244 870,2244 908,2244 946,2244 984,2244 1022,2244 1060,2244 1098,2244 1136,2244 1174,2243 1212,2243 1250,2241 1288,2240 1326,2240"/>
                <TextEquiv>
                    <Unicode>xiii. Cum essem paruulus loquebar vt paruulus:</Unicode>
                </TextEquiv>
            </TextLine>
            <TextLine id="r1l89" custom="readingOrder {index:43;}">
                <Coords points="564,2298 1283,2304 1331,2292 1331,2247 1117,2266 564,2250"/>
                <Baseline points="569,2286 606,2286 644,2286 682,2287 720,2288 758,2288 796,2289 833,2289 871,2289 909,2289 947,2289 985,2289 1023,2289 1061,2289 1098,2289 1136,2289 1174,2289 1212,2288 1250,2286 1288,2285 1326,2283"/>
                <TextEquiv>
                    <Unicode>sapiebam vt paruulus: cogitabam vt paruulus: quan</Unicode>
                </TextEquiv>
            </TextLine>
            <TextLine id="r1l92" custom="readingOrder {index:44;}">
                <Coords points="567,2337 1330,2337 1313,2293 567,2298"/>
                <Baseline points="572,2330 609,2331 647,2331 684,2333 722,2333 760,2333 797,2333 835,2334 873,2334 910,2334 948,2334 986,2334 1023,2334 1061,2334 1099,2334 1136,2334 1174,2333 1212,2332 1249,2331 1287,2330 1325,2328"/>
                <TextEquiv>
                    <Unicode>do autem factus sum vir / euacuaui ea quae erant par</Unicode>
                </TextEquiv>
            </TextLine>
            <TextLine id="r1l93" custom="readingOrder {index:45;}">
                <Coords points="561,2391 1282,2392 1331,2382 1331,2336 561,2337"/>
                <Baseline points="566,2375 604,2376 642,2377 680,2378 718,2378 756,2378 794,2379 832,2379 870,2379 908,2379 946,2379 984,2379 1022,2379 1060,2378 1098,2378 1136,2378 1174,2376 1212,2376 1250,2375 1288,2374 1326,2373"/>
                <TextEquiv>
                    <Unicode>uuli. ⁋ Respondeo. si testis deponat contraria plus</Unicode>
                </TextEquiv>
            </TextLine>
            <TextLine id="r1l95" custom="readingOrder {index:46;}">
                <Coords points="571,2431 1086,2444 1323,2426 1331,2383 571,2388"/>
                <Baseline points="576,2418 613,2420 651,2421 688,2421 726,2422 763,2423 801,2423 838,2423 876,2424 913,2424 951,2424 988,2424 1026,2424 1063,2423 1101,2423 1138,2423 1176,2422 1213,2421 1251,2420 1288,2420 1326,2418"/>
                <TextEquiv>
                    <Unicode>ei creditur in prima depositione quam in secunda. Se</Unicode>
                </TextEquiv>
            </TextLine>
            <TextLine id="r1l97" custom="readingOrder {index:47;}">
                <Coords points="576,2469 1171,2485 1324,2473 1324,2422 1093,2444 576,2436"/>
                <Baseline points="581,2462 617,2463 654,2463 691,2465 728,2466 765,2468 802,2468 839,2468 876,2468 913,2468 950,2468 986,2468 1023,2468 1060,2468 1097,2466 1134,2466 1171,2465 1208,2464 1245,2463 1282,2462 1319,2460"/>
                <TextEquiv>
                    <Unicode>cundo iste ante erat illius vitii expers. nunquam autem vitio</Unicode>
                </TextEquiv>
            </TextLine>
            <TextLine id="r1l99" custom="readingOrder {index:48;}">
                <Coords points="576,2516 1325,2513 1325,2476 1277,2470 1011,2489 576,2469"/>
                <Baseline points="581,2505 619,2507 658,2508 697,2508 736,2510 775,2510 814,2510 853,2511 892,2511 931,2511 969,2511 1008,2511 1047,2511 1086,2511 1125,2510 1164,2510 1203,2508 1242,2507 1281,2507 1320,2505"/>
                <TextEquiv>
                    <Unicode>infectus saltem publico contra illud latrabit. Nam</Unicode>
                </TextEquiv>
            </TextLine>
            <TextLine id="r1l101" custom="readingOrder {index:49;}">
                <Coords points="568,2556 1321,2564 1335,2515 930,2534 569,2515"/>
                <Baseline points="573,2547 610,2549 648,2550 686,2551 724,2552 762,2553 799,2553 837,2554 875,2555 913,2555 951,2555 988,2555 1026,2555 1064,2555 1102,2555 1140,2555 1177,2553 1215,2553 1253,2552 1291,2550 1329,2549"/>
                <TextEquiv>
                    <Unicode>consuetudine dilatatur conscientia: &amp; peruertitur iu</Unicode>
                </TextEquiv>
            </TextLine>
            <TextLine id="r1l103" custom="readingOrder {index:50;}">
                <Coords points="574,2599 960,2620 1337,2606 1329,2558 842,2576 574,2557"/>
                <Baseline points="579,2591 616,2592 654,2594 691,2595 729,2596 767,2597 804,2598 842,2598 880,2600 917,2600 955,2600 993,2600 1030,2600 1068,2600 1106,2600 1143,2599 1181,2598 1219,2597 1256,2596 1294,2594 1332,2592"/>
                <TextEquiv>
                    <Unicode>dicium: &amp; difficillime curabilis est. sicut Aristoteles</Unicode>
                </TextEquiv>
            </TextLine>
            <TextLine id="r1l105" custom="readingOrder {index:51;}">
                <Coords points="568,2640 922,2664 1336,2643 1336,2606 1286,2602 941,2621 568,2599"/>
                <Baseline points="573,2633 610,2634 648,2636 686,2637 724,2639 762,2640 800,2641 838,2642 876,2643 914,2643 952,2644 989,2645 1027,2645 1065,2644 1103,2643 1141,2643 1179,2642 1217,2642 1255,2640 1293,2639 1331,2637"/>
                <TextEquiv>
                    <Unicode>loquitur. vii. Ethicorum. de intemperantia gradu, non enim ha-</Unicode>
                </TextEquiv>
            </TextLine>
            <TextLine id="r1l107" custom="readingOrder {index:52;}">
                <Coords points="568,2696 1185,2705 1340,2689 1340,2639 953,2665 568,2640"/>
                <Baseline points="573,2678 611,2678 649,2679 687,2680 725,2681 763,2682 801,2684 839,2684 877,2685 915,2686 954,2687 992,2688 1030,2688 1068,2688 1106,2688 1144,2688 1182,2687 1220,2687 1258,2685 1296,2684 1335,2681"/>
                <TextEquiv>
                    <Unicode>bet conscientiam iam remurmurantem more sentis si-</Unicode>
                </TextEquiv>
            </TextLine>
            <TextLine id="r1l109" custom="readingOrder {index:53;}">
                <Coords points="571,2733 684,2754 744,2736 799,2756 1340,2750 1340,2698 1276,2688 571,2696"/>
                <Baseline points="576,2721 615,2723 655,2724 695,2726 735,2727 775,2729 815,2729 855,2732 895,2732 935,2733 975,2733 1015,2735 1055,2735 1095,2735 1135,2735 1175,2733 1215,2733 1255,2731 1295,2729 1335,2727"/>
                <TextEquiv>
                    <Unicode>cut incontinens in gradu qui ad bonum facile ducibilis</Unicode>
                </TextEquiv>
            </TextLine>
            <TextEquiv>
                <Unicode>&amp; magis &amp; periculosius peccabit detinendo: sed non
debemus cooperari peccatis istorum, quia hoc esser
ad mandatum inferioris legem dei nos ad opposi-
tum obligantis relinquere. Quod patet per theoricam
distinctio. xxxviii. inferius recitandam. Si inferio-
ri praecipiat abbas aliquid facere in quo iuste dispen-
sare nequit: &amp; si hoc inferiori constiterit: non est ei pa
rendum: immo maximus pontifex non vult quod si-
bi scribenti pro indigno pareatur: vt dicit in ca. Cum
teneamur. praefato. vbi Alexander tertius sic ait
Cum teneamur. &amp; infra. Si mandatum nostrum pro alicu
ius prouisione receperis: qui aliud beneficium habeat
de quo valeat commode sustentari: nisi forte in lite-
ris ipsis de hoc mentio habeatur: aut si non potest ei
sine scandalo prouideri: aequanimiter sustinemus: si
pro eo mandatum nostrum non duxeris exequendum.
Et istud patet. itu. de verbo. signi. l. Nepos. xxii. qui.
ii. Faciat homo. &amp; in. c. Nihil cum scandalo. de prae-
scrip. ⁋ Septimo arguitur. habeat Titius duo be
neficia: quorum altero est dignus: sed non vtroque. Tunc
sic. neutrum istorum tenetur relinquere: &amp; tamen edo- 
cetur esse superflue pluralis. igitur. maior patet: quia
nec istud istorum tenetur relinquanre: nec illud istorum.
Et potest sic fieri argumentum. lstud istorum potest tenere
icite: &amp; istud istorum potest tenere licite: ergo vtrumque isto
rum potest tenere licite. Respondetur. argumentum est sophisticum
Nam eodem modo argumentabor. vnum istorum tenetur
relinquere: &amp; aequa est ratio in vtroque: ergo vtrumque
tenetur relinquere. Sed concedo quod neutrum istorum
tenetur resignare: necesse est tamen si velit esse in
statu salutis vt alterum resignet. Et concedo quod vtrun-
quod istorum licite potest tenere. sicut demostrando 
duos grossos lapides, eorum quemlibet potest leuare
sortes, &amp; parum vltra vnum istorum: non tam en potest:
leuare ambos: vel non potest leuare vtrumque istorum.
sic in proposito sortes non potest tenere vtruque isto-
rum cum animae suae salute.
⁋ Octauo arguitur. multi antequam ade. 
pti sunt beneficia palam concionando dixerunt id
quod assero: qui postea beneficiis adeptis &amp; rerum ex-
perientia cognita / obmutuerunt, &amp; oppositum docue
runt facto. secundum illud apostoli. i. ad Corinth.
xiii. Cum essem paruulus loquebar vt paruulus:
sapiebam vt paruulus: cogitabam vt paruulus: quan
do autem factus sum vir / euacuaui ea quae erant par
uuli. ⁋ Respondeo. si testis deponat contraria plus
ei creditur in prima depositione quam in secunda. Se
cundo iste ante erat illius vitii expers. nunquam autem vitio
infectus saltem publico contra illud latrabit. Nam
consuetudine dilatatur conscientia: &amp; peruertitur iu
dicium: &amp; difficillime curabilis est. sicut Aristoteles
loquitur. vii. Ethicorum. de intemperantia gradu, non enim ha-
bet conscientiam iam remurmurantem more sentis si-
cut incontinens in gradu qui ad bonum facile ducibilis</Unicode>
            </TextEquiv>
        </TextRegion>
        <TextRegion orientation="0.0" id="TextRegion_1592158367896_846" custom="readingOrder {index:1;}">
            <Coords points="1370,230 2184,230 2184,2751 1370,2751"/>
            <TextLine id="r1l2" custom="readingOrder {index:0;}">
                <Coords points="1386,352 2092,353 2182,339 2182,304 1824,309 1784,286 1386,310"/>
                <Baseline points="1391,339 1430,339 1469,339 1508,339 1548,339 1587,338 1626,338 1666,338 1705,336 1744,336 1784,336 1823,336 1862,336 1901,335 1941,335 1980,335 2019,335 2059,335 2098,335 2137,336 2177,336"/>
                <TextEquiv>
                    <Unicode>est. Ad oculum vides quod comedens allium / porrum / ce</Unicode>
                </TextEquiv>
            </TextLine>
            <TextLine id="r1l4" custom="readingOrder {index:1;}">
                <Coords points="1395,404 2167,388 2148,343 1394,357"/>
                <Baseline points="1400,387 1438,386 1476,384 1514,383 1552,383 1590,381 1628,381 1666,380 1704,380 1742,380 1781,380 1819,380 1857,380 1895,380 1933,380 1971,380 2009,380 2047,380 2085,380 2123,380 2162,380"/>
                <TextEquiv>
                    <Unicode>pe / vel habens anhelitum foetidum / odorem non percipit in </Unicode>
                </TextEquiv>
            </TextLine>
            <TextLine id="r1l6" custom="readingOrder {index:2;}">
                <Coords points="1386,436 2168,440 2167,388 2128,385 1386,401"/>
                <Baseline points="1391,428 1429,428 1468,428 1506,426 1545,426 1583,426 1622,426 1660,425 1699,425 1737,425 1776,425 1815,425 1853,425 1892,425 1930,425 1969,425 2007,425 2046,425 2084,425 2123,425 2162,425"/>
                <TextEquiv>
                    <Unicode>aliis: quem illo cibo vacuus facile deprehendit. Et</Unicode>
                </TextEquiv>
            </TextLine>
            <TextLine id="r1l8" custom="readingOrder {index:3;}">
                <Coords points="1386,479 2124,481 2180,468 2180,445 1898,428 1386,447"/>
                <Baseline points="1391,473 1430,473 1469,471 1508,471 1547,471 1587,471 1626,471 1665,470 1704,470 1743,470 1783,470 1822,470 1861,470 1900,468 1939,468 1979,468 2018,468 2057,468 2096,467 2135,467 2175,467"/>
                <TextEquiv>
                    <Unicode>talpa in terra rodens propter pelliculam oculum am-</Unicode>
                </TextEquiv>
            </TextLine>
            <TextLine id="r1l10" custom="readingOrder {index:4;}">
                <Coords points="1392,528 2153,527 2161,479 1392,481"/>
                <Baseline points="1397,518 1436,518 1476,517 1516,516 1556,516 1596,516 1636,515 1676,515 1716,515 1756,515 1796,513 1836,513 1876,513 1916,513 1956,513 1996,513 2036,513 2076,513 2116,512 2156,512"/>
                <TextEquiv>
                    <Unicode>bientem nihil videt. Ex quo liquet quod isti erant solum</Unicode>
                </TextEquiv>
            </TextLine>
            <TextLine id="r1l12" custom="readingOrder {index:5;}">
                <Coords points="1389,574 2176,568 2176,529 1389,530"/>
                <Baseline points="1394,561 1432,561 1471,561 1510,561 1549,561 1588,561 1627,561 1665,560 1704,560 1743,560 1782,560 1821,558 1860,558 1899,558 1937,558 1976,558 2015,558 2054,557 2093,557 2132,557 2171,557"/>
                <TextEquiv>
                    <Unicode>seminiuerbii doctores &amp; non operatores: facto osten</Unicode>
                </TextEquiv>
            </TextLine>
            <TextLine id="r1l14" custom="readingOrder {index:6;}">
                <Coords points="1398,612 2164,620 2164,563 1398,569"/>
                <Baseline points="1403,605 1440,605 1478,603 1516,603 1554,603 1592,603 1629,602 1667,602 1705,602 1743,602 1781,602 1818,602 1856,602 1894,603 1932,603 1970,603 2007,603 2045,603 2083,603 2121,602 2159,602"/>
                <TextEquiv>
                    <Unicode>dentes se esse ambitiosos &amp; auaros: quibus si crescant</Unicode>
                </TextEquiv>
            </TextLine>
            <TextLine id="r1l16" custom="readingOrder {index:7;}">
                <Coords points="1399,659 2147,658 2168,620 1399,622"/>
                <Baseline points="1404,651 1443,650 1483,650 1523,648 1563,648 1603,648 1643,647 1683,647 1723,647 1763,647 1803,645 1843,645 1883,645 1923,645 1963,645 2003,645 2043,645 2083,645 2123,645 2163,645"/>
                <TextEquiv>
                    <Unicode>opes: insatiabiles sunt. secundum illud Nasonis.</Unicode>
                </TextEquiv>
            </TextLine>
            <TextLine id="r1l18" custom="readingOrder {index:8;}">
                <Coords points="1401,704 2149,706 2176,696 2176,664 1564,654 1401,679"/>
                <Baseline points="1406,693 1444,693 1482,693 1520,693 1559,693 1597,693 1635,693 1673,692 1712,692 1750,692 1788,692 1826,692 1865,690 1903,690 1941,690 1979,690 2018,690 2056,690 2094,690 2132,691 2171,692"/>
                <TextEquiv>
                    <Unicode>Creuerunt &amp; opes: &amp; opum furiosa libido. Et se-</Unicode>
                </TextEquiv>
            </TextLine>
            <TextLine id="r1l20" custom="readingOrder {index:9;}">
                <Coords points="1395,744 2180,740 2180,716 2126,698 1395,713"/>
                <Baseline points="1400,737 1438,738 1477,738 1516,738 1555,737 1593,737 1632,737 1671,737 1710,737 1748,735 1787,735 1826,735 1865,735 1903,734 1942,734 1981,734 2020,734 2058,734 2097,735 2136,735 2175,735"/>
                <TextEquiv>
                    <Unicode>cundum poema Solonis primo Politicorum. Cre-</Unicode>
                </TextEquiv>
            </TextLine>
            <TextLine id="r1l22" custom="readingOrder {index:10;}">
                <Coords points="1387,790 2118,797 2167,789 2167,746 1387,752"/>
                <Baseline points="1392,783 1430,782 1469,782 1507,782 1546,781 1584,780 1623,780 1661,780 1700,780 1738,780 1777,780 1815,780 1854,780 1892,780 1931,780 1969,780 2008,780 2046,779 2085,779 2123,779 2162,779"/>
                <TextEquiv>
                    <Unicode>scit amor diuitiarum in abissum. Non me fugit ple-</Unicode>
                </TextEquiv>
            </TextLine>
            <TextLine id="r1l24" custom="readingOrder {index:11;}">
                <Coords points="1387,833 2177,833 2176,798 2100,791 1386,796"/>
                <Baseline points="1392,827 1431,827 1470,827 1509,825 1548,825 1587,825 1626,825 1665,825 1704,825 1743,824 1782,824 1821,824 1860,824 1899,824 1938,824 1977,824 2016,824 2055,823 2094,822 2133,822 2172,822"/>
                <TextEquiv>
                    <Unicode>rosque dixisse a principio paucissimis se contentos</Unicode>
                </TextEquiv>
            </TextLine>
            <TextLine id="r1l26" custom="readingOrder {index:12;}">
                <Coords points="1386,874 2180,881 2180,835 2152,831 1386,833"/>
                <Baseline points="1391,869 1430,869 1469,870 1508,870 1547,870 1587,870 1626,869 1665,869 1704,869 1743,869 1783,869 1822,869 1861,869 1900,867 1939,867 1979,867 2018,869 2057,869 2096,869 2135,870 2175,870"/>
                <TextEquiv>
                    <Unicode>futuros: si quandam mediocritatem haberent: qui post</Unicode>
                </TextEquiv>
            </TextLine>
            <TextLine id="r1l28" custom="readingOrder {index:13;}">
                <Coords points="1404,921 2153,924 2168,878 1404,890"/>
                <Baseline points="1409,915 1446,915 1484,915 1522,915 1559,915 1597,914 1635,914 1672,914 1710,914 1748,914 1786,914 1823,914 1861,914 1899,914 1936,914 1974,914 2012,914 2049,912 2087,912 2125,912 2163,912"/>
                <TextEquiv>
                    <Unicode>ea tentatione superueniente / longe diuersum osten-</Unicode>
                </TextEquiv>
            </TextLine>
            <TextLine id="r1l30" custom="readingOrder {index:14;}">
                <Coords points="1393,968 2120,974 2177,961 2177,913 2109,933 1393,930"/>
                <Baseline points="1398,959 1436,959 1475,959 1514,959 1552,959 1591,959 1630,959 1668,957 1707,957 1746,957 1785,957 1823,957 1862,956 1901,956 1939,956 1978,956 2017,957 2055,957 2094,957 2133,957 2172,959"/>
                <TextEquiv>
                    <Unicode>derunt. homines enim vt in pluribus sunt mali. Est eadem</Unicode>
                </TextEquiv>
            </TextLine>
            <TextLine id="r1l32" custom="readingOrder {index:15;}">
                <Coords points="1395,1019 2173,1008 2161,966 1394,980"/>
                <Baseline points="1400,1007 1438,1005 1476,1004 1515,1004 1553,1004 1592,1002 1630,1002 1668,1002 1707,1002 1745,1002 1784,1002 1822,1002 1860,1002 1899,1002 1937,1002 1976,1002 2014,1002 2052,1002 2091,1001 2129,1001 2168,1001"/>
                <TextEquiv>
                    <Unicode>quaestio quaere sunt plures mali quam boni: &amp; quaere plures</Unicode>
                </TextEquiv>
            </TextLine>
            <TextLine id="r1l34" custom="readingOrder {index:16;}">
                <Coords points="1389,1054 2037,1065 2170,1056 2170,1007 1389,1017"/>
                <Baseline points="1394,1047 1432,1047 1471,1047 1509,1047 1548,1047 1586,1046 1625,1046 1663,1046 1702,1046 1740,1046 1779,1046 1818,1046 1856,1046 1895,1046 1933,1046 1972,1046 2010,1046 2049,1046 2087,1046 2126,1047 2165,1047"/>
                <TextEquiv>
                    <Unicode>mercatores decipiant in contractibus quam recte agat: &amp; tamen</Unicode>
                </TextEquiv>
            </TextLine>
            <TextLine id="r1l36" custom="readingOrder {index:17;}">
                <Coords points="1401,1102 2176,1100 2176,1066 2148,1056 1401,1060"/>
                <Baseline points="1406,1092 1444,1092 1482,1091 1520,1091 1559,1091 1597,1090 1635,1089 1673,1089 1712,1089 1750,1089 1788,1089 1826,1089 1865,1089 1903,1089 1941,1089 1979,1089 2018,1089 2056,1090 2094,1091 2132,1092 2171,1092"/>
                <TextEquiv>
                    <Unicode>in multis bene iudicant. sufficiat tibi corporalis me-</Unicode>
                </TextEquiv>
            </TextLine>
            <TextLine id="r1l38" custom="readingOrder {index:18;}">
                <Coords points="1392,1153 1928,1157 2039,1136 2078,1154 2179,1138 2179,1102 1392,1108"/>
                <Baseline points="1397,1137 1435,1137 1474,1137 1513,1136 1552,1136 1591,1135 1630,1134 1668,1134 1707,1134 1746,1134 1785,1134 1824,1134 1863,1134 1902,1134 1940,1134 1979,1134 2018,1135 2057,1136 2096,1136 2135,1136 2174,1136"/>
                <TextEquiv>
                    <Unicode>dici exemplum: qui multa bona praecepta dat aegroto</Unicode>
                </TextEquiv>
            </TextLine>
            <TextLine id="r1l40" custom="readingOrder {index:19;}">
                <Coords points="1398,1196 2183,1194 2183,1144 1398,1156"/>
                <Baseline points="1403,1182 1441,1182 1480,1181 1519,1181 1558,1181 1596,1179 1635,1179 1674,1179 1713,1179 1751,1178 1790,1178 1829,1178 1868,1178 1906,1178 1945,1178 1984,1178 2023,1178 2061,1179 2100,1179 2139,1179 2178,1179"/>
                <TextEquiv>
                    <Unicode>quae ipse non obseruat: &amp; more aliorum ex intemperantia</Unicode>
                </TextEquiv>
            </TextLine>
            <TextLine id="r1l42" custom="readingOrder {index:20;}">
                <Coords points="1402,1233 2070,1240 2180,1228 2180,1200 1654,1183 1402,1201"/>
                <Baseline points="1407,1224 1445,1224 1483,1224 1522,1224 1560,1224 1599,1223 1637,1223 1675,1223 1714,1223 1752,1223 1791,1223 1829,1221 1867,1221 1906,1221 1944,1221 1983,1221 2021,1222 2059,1223 2098,1223 2136,1223 2175,1223"/>
                <TextEquiv>
                    <Unicode>vel alia ratione in morbos labitur. At illud aposto-</Unicode>
                </TextEquiv>
            </TextLine>
            <TextLine id="r1l44" custom="readingOrder {index:21;}">
                <Coords points="1405,1279 2186,1284 2168,1228 1405,1234"/>
                <Baseline points="1410,1268 1448,1268 1487,1268 1525,1268 1564,1268 1602,1268 1641,1268 1679,1268 1718,1268 1756,1266 1795,1266 1834,1266 1872,1266 1911,1265 1949,1265 1988,1265 2026,1266 2065,1266 2103,1266 2142,1268 2181,1269"/>
                <TextEquiv>
                    <Unicode>i sic debet exponi in proposito. Cum fui paruulus id </Unicode>
                </TextEquiv>
            </TextLine>
            <TextLine id="r1l46" custom="readingOrder {index:22;}">
                <Coords points="1396,1319 2177,1321 2177,1289 2130,1274 1396,1283"/>
                <Baseline points="1401,1314 1439,1313 1478,1313 1516,1311 1555,1311 1593,1311 1632,1311 1670,1311 1709,1310 1747,1310 1786,1310 1825,1310 1863,1310 1902,1310 1940,1311 1979,1311 2017,1311 2056,1311 2094,1311 2133,1311 2172,1311"/>
                <TextEquiv>
                    <Unicode>est humilis, feci vt paruulus: id est humiliter sen-</Unicode>
                </TextEquiv>
            </TextLine>
            <TextLine id="r1l48" custom="readingOrder {index:23;}">
                <Coords points="1405,1366 2158,1370 2174,1321 1405,1325"/>
                <Baseline points="1410,1356 1449,1356 1489,1356 1529,1356 1569,1355 1609,1355 1649,1355 1689,1355 1729,1355 1769,1355 1809,1355 1849,1355 1889,1355 1929,1355 1969,1355 2009,1355 2049,1356 2089,1356 2129,1356 2169,1356"/>
                <TextEquiv>
                    <Unicode>tiebam. nunc autem factus delitus / &amp; senex / euacuaui</Unicode>
                </TextEquiv>
            </TextLine>
            <TextLine id="r1l50" custom="readingOrder {index:24;}">
                <Coords points="1395,1410 1879,1403 2023,1424 2165,1408 2165,1370 1395,1381"/>
                <Baseline points="1400,1403 1438,1401 1476,1401 1514,1401 1552,1401 1590,1400 1628,1400 1666,1400 1704,1400 1742,1398 1780,1398 1818,1398 1856,1398 1894,1398 1932,1398 1970,1398 2008,1398 2046,1398 2084,1398 2122,1398 2160,1398"/>
                <TextEquiv>
                    <Unicode>ea quae paruuli sunt, hoc est humilitatis: quia habitus</Unicode>
                </TextEquiv>
            </TextLine>
            <TextLine id="r1l52" custom="readingOrder {index:25;}">
                <Coords points="1402,1455 2108,1468 2174,1456 2174,1407 1402,1410"/>
                <Baseline points="1407,1445 1445,1445 1483,1445 1521,1445 1559,1445 1597,1444 1635,1443 1673,1443 1711,1443 1749,1443 1788,1443 1826,1443 1864,1443 1902,1443 1940,1443 1978,1443 2016,1443 2054,1445 2092,1445 2130,1446 2169,1446"/>
                <TextEquiv>
                    <Unicode>iste ambitionis in me genitus humilitatem tanquam com</Unicode>
                </TextEquiv>
            </TextLine>
            <TextLine id="r1l54" custom="readingOrder {index:26;}">
                <Coords points="1410,1494 2171,1498 2171,1464 2137,1456 1410,1457"/>
                <Baseline points="1415,1490 1452,1490 1490,1490 1527,1488 1565,1488 1602,1488 1640,1488 1677,1488 1715,1487 1752,1487 1790,1487 1828,1487 1865,1487 1903,1488 1940,1488 1978,1488 2015,1488 2053,1490 2090,1490 2128,1490 2166,1491"/>
                <TextEquiv>
                    <Unicode>trarium eiecit. Senes vt vides sunt auari, &amp; testatur</Unicode>
                </TextEquiv>
            </TextLine>
            <TextLine id="r1l56" custom="readingOrder {index:27;}">
                <Coords points="1404,1548 2186,1538 2186,1511 2147,1496 1404,1497"/>
                <Baseline points="1409,1536 1447,1535 1486,1534 1524,1533 1563,1533 1602,1533 1640,1532 1679,1532 1717,1532 1756,1532 1795,1532 1833,1532 1872,1532 1910,1532 1949,1532 1988,1533 2026,1533 2065,1533 2103,1535 2142,1535 2181,1535"/>
                <TextEquiv>
                    <Unicode>Arist. quarti Ethico. primo. credunt enim se in se</Unicode>
                </TextEquiv>
            </TextLine>
            <TextLine id="r1l58" custom="readingOrder {index:28;}">
                <Coords points="1398,1586 2177,1587 2177,1548 2152,1541 1398,1546"/>
                <Baseline points="1403,1578 1441,1578 1479,1577 1518,1577 1556,1576 1595,1575 1633,1575 1672,1575 1710,1575 1749,1577 1787,1577 1825,1577 1864,1577 1902,1577 1941,1578 1979,1578 2018,1578 2056,1578 2095,1578 2133,1578 2172,1577"/>
                <TextEquiv>
                    <Unicode>nio amicis destitui: &amp; multis egere: propterea colli-</Unicode>
                </TextEquiv>
            </TextLine>
            <TextLine id="r1l60" custom="readingOrder {index:29;}">
                <Coords points="1408,1640 2169,1636 2177,1587 1408,1594"/>
                <Baseline points="1413,1623 1452,1623 1492,1623 1532,1622 1572,1622 1612,1622 1652,1622 1692,1622 1732,1622 1772,1622 1812,1622 1852,1622 1892,1622 1932,1622 1972,1622 2012,1622 2052,1623 2092,1623 2132,1623 2172,1623"/>
                <TextEquiv>
                    <Unicode>gunt: &amp; crebro nimis auide. Sed beneficiato non</Unicode>
                </TextEquiv>
            </TextLine>
            <TextLine id="r1l62" custom="readingOrder {index:30;}">
                <Coords points="1398,1674 2177,1683 2177,1634 2133,1627 1398,1643"/>
                <Baseline points="1403,1668 1441,1667 1479,1667 1518,1665 1556,1665 1595,1665 1633,1664 1672,1664 1710,1664 1749,1664 1787,1664 1825,1664 1864,1664 1902,1665 1941,1665 1979,1665 2018,1665 2056,1667 2095,1667 2133,1667 2172,1668"/>
                <TextEquiv>
                    <Unicode>debet esse animus congregandi: cum beneficia sint</Unicode>
                </TextEquiv>
            </TextLine>
            <TextLine id="r1l64" custom="readingOrder {index:31;}">
                <Coords points="1404,1728 2176,1715 2166,1686 2072,1674 1404,1678"/>
                <Baseline points="1409,1713 1447,1713 1485,1712 1523,1712 1561,1710 1599,1710 1637,1710 1675,1709 1713,1709 1751,1709 1790,1709 1828,1709 1866,1709 1904,1709 1942,1709 1980,1710 2018,1710 2056,1710 2094,1710 2132,1712 2171,1712"/>
                <TextEquiv>
                    <Unicode>perpetua. Multi nanque sunt vnico beneficio con-</Unicode>
                </TextEquiv>
            </TextLine>
            <TextLine id="r1l66" custom="readingOrder {index:32;}">
                <Coords points="1399,1764 2186,1774 2186,1718 1399,1732"/>
                <Baseline points="1404,1757 1442,1756 1481,1755 1520,1755 1559,1755 1598,1755 1637,1754 1675,1754 1714,1754 1753,1754 1792,1754 1831,1754 1870,1754 1909,1754 1947,1755 1986,1755 2025,1755 2064,1756 2103,1757 2142,1758 2181,1758"/>
                <TextEquiv>
                    <Unicode>tenti. multi etiam idonei / nullo gaudent: &amp; religiosi</Unicode>
                </TextEquiv>
            </TextLine>
            <TextLine id="r1l68" custom="readingOrder {index:33;}">
                <Coords points="1404,1815 2176,1809 2176,1771 2048,1761 1404,1766"/>
                <Baseline points="1409,1802 1447,1800 1485,1800 1523,1799 1561,1799 1599,1797 1637,1797 1675,1797 1713,1797 1751,1797 1790,1797 1828,1798 1866,1799 1904,1799 1942,1800 1980,1800 2018,1800 2056,1802 2094,1802 2132,1802 2171,1803"/>
                <TextEquiv>
                    <Unicode>ad beneficia non sunt admissi: quibus in hac parte</Unicode>
                </TextEquiv>
            </TextLine>
            <TextLine id="r1l70" custom="readingOrder {index:34;}">
                <Coords points="1405,1855 2122,1863 2173,1847 2174,1824 2023,1804 1406,1815"/>
                <Baseline points="1410,1844 1447,1844 1485,1844 1523,1844 1561,1844 1599,1844 1637,1844 1675,1844 1713,1842 1751,1842 1789,1842 1826,1842 1864,1842 1902,1842 1940,1842 1978,1844 2016,1844 2054,1845 2092,1845 2130,1847 2168,1848"/>
                <TextEquiv>
                    <Unicode>credendum est tanquam non suspectis. Nec dicere po-</Unicode>
                </TextEquiv>
            </TextLine>
            <TextLine id="r1l72" custom="readingOrder {index:35;}">
                <Coords points="1404,1897 2174,1905 2154,1856 1404,1852"/>
                <Baseline points="1409,1890 1447,1889 1485,1888 1523,1887 1561,1887 1599,1887 1637,1886 1675,1886 1713,1886 1751,1886 1789,1886 1827,1887 1865,1887 1903,1887 1941,1887 1979,1889 2017,1889 2055,1890 2093,1890 2131,1892 2169,1892"/>
                <TextEquiv>
                    <Unicode>tes. vellent plura si possent habere. Nam primo-</Unicode>
                </TextEquiv>
            </TextLine>
            <TextLine id="r1l74" custom="readingOrder {index:36;}">
                <Coords points="1404,1941 2177,1941 2177,1906 2131,1895 1404,1900"/>
                <Baseline points="1409,1935 1447,1934 1485,1934 1523,1934 1561,1932 1599,1932 1637,1932 1676,1931 1714,1931 1752,1931 1790,1931 1828,1931 1866,1931 1904,1931 1943,1931 1981,1932 2019,1932 2057,1932 2095,1934 2133,1935 2172,1937"/>
                <TextEquiv>
                    <Unicode>sic dicere potes de luxu &amp; aliis vitiis: sed fratrum</Unicode>
                </TextEquiv>
            </TextLine>
            <TextLine id="r1l76" custom="readingOrder {index:37;}">
                <Coords points="1407,1986 2176,1989 2176,1941 1407,1941"/>
                <Baseline points="1412,1977 1451,1977 1491,1977 1531,1977 1571,1976 1611,1976 1651,1976 1691,1976 1731,1976 1771,1976 1811,1976 1851,1976 1891,1976 1931,1976 1971,1976 2011,1977 2051,1977 2091,1978 2131,1979 2171,1980"/>
                <TextEquiv>
                    <Unicode>facta ambigua in meliorem partem interprtari debes.</Unicode>
                </TextEquiv>
            </TextLine>
            <TextLine id="r1l78" custom="readingOrder {index:38;}">
                <Coords points="1417,2032 2186,2042 2186,1988 1417,1987"/>
                <Baseline points="1422,2022 1461,2022 1501,2022 1541,2022 1581,2022 1621,2022 1661,2021 1701,2021 1741,2021 1781,2019 1821,2019 1861,2019 1901,2019 1941,2019 1981,2019 2021,2021 2061,2022 2101,2024 2141,2025 2181,2028"/>
                <TextEquiv>
                    <Unicode>Secundo. multi beneficiis acquirendis non inhiant: qui</Unicode>
                </TextEquiv>
            </TextLine>
            <TextLine id="r1l80" custom="readingOrder {index:39;}">
                <Coords points="1423,2076 2183,2074 2183,2043 2138,2030 1423,2035"/>
                <Baseline points="1428,2066 1465,2066 1503,2067 1540,2067 1578,2067 1615,2066 1653,2066 1690,2066 1728,2066 1765,2066 1803,2066 1840,2066 1878,2066 1915,2066 1953,2066 1990,2066 2028,2066 2065,2067 2103,2067 2140,2069 2178,2069"/>
                <TextEquiv>
                    <Unicode>possent versari in principum, &amp; episcoporum curiis:</Unicode>
                </TextEquiv>
            </TextLine>
            <TextLine id="r1l82" custom="readingOrder {index:40;}">
                <Coords points="1410,2122 2180,2125 2180,2085 2091,2072 1410,2080"/>
                <Baseline points="1415,2111 1453,2110 1491,2109 1529,2109 1567,2108 1605,2108 1643,2108 1681,2108 1719,2108 1757,2108 1795,2108 1833,2109 1871,2109 1909,2109 1947,2109 1985,2109 2023,2111 2061,2111 2099,2111 2137,2112 2175,2112"/>
                <TextEquiv>
                    <Unicode>&amp; aliis viis beneficia acquirere si vellent: sed satius</Unicode>
                </TextEquiv>
            </TextLine>
            <TextLine id="r1l84" custom="readingOrder {index:41;}">
                <Coords points="1407,2172 2116,2169 2177,2165 2177,2123 1407,2125"/>
                <Baseline points="1412,2154 1450,2154 1488,2154 1526,2154 1564,2154 1602,2154 1640,2154 1678,2154 1716,2153 1754,2153 1792,2153 1830,2153 1868,2153 1906,2153 1944,2154 1982,2154 2020,2154 2058,2154 2096,2154 2134,2156 2172,2156"/>
                <TextEquiv>
                    <Unicode>existimant tam deo placendo quam homines non scan-</Unicode>
                </TextEquiv>
            </TextLine>
            <TextLine id="r1l86" custom="readingOrder {index:42;}">
                <Coords points="1408,2209 2183,2208 2183,2175 2078,2162 1408,2172"/>
                <Baseline points="1413,2198 1451,2198 1489,2199 1527,2199 1566,2199 1604,2199 1642,2199 1680,2199 1719,2199 1757,2198 1795,2198 1833,2198 1872,2198 1910,2198 1948,2198 1986,2199 2025,2199 2063,2199 2101,2199 2139,2200 2178,2201"/>
                <TextEquiv>
                    <Unicode>dalizando hoc non efficere. Sed vt Quintilianus</Unicode>
                </TextEquiv>
            </TextLine>
            <TextLine id="r1l88" custom="readingOrder {index:43;}">
                <Coords points="1408,2250 2140,2266 2177,2252 2178,2220 1409,2211"/>
                <Baseline points="1413,2243 1452,2243 1492,2243 1532,2243 1572,2243 1612,2243 1652,2243 1692,2243 1732,2243 1772,2243 1812,2243 1852,2243 1892,2243 1932,2243 1972,2244 2012,2244 2052,2246 2092,2248 2132,2250 2172,2252"/>
                <TextEquiv>
                    <Unicode>ait, Sceleri nunquam defuit excusatio. sub vmbra pro-</Unicode>
                </TextEquiv>
            </TextLine>
            <TextLine id="r1l90" custom="readingOrder {index:44;}">
                <Coords points="1410,2296 1994,2291 2125,2316 2174,2297 2174,2259 2094,2250 1410,2249"/>
                <Baseline points="1415,2289 1452,2288 1490,2288 1528,2287 1565,2286 1603,2286 1641,2286 1678,2286 1716,2286 1754,2286 1792,2287 1829,2288 1867,2288 1905,2288 1942,2289 1980,2289 2018,2289 2055,2289 2093,2291 2131,2291 2169,2291"/>
                <TextEquiv>
                    <Unicode>borum suas sordes abolere conantur. ⁋ Nono argui</Unicode>
                </TextEquiv>
            </TextLine>
            <TextLine id="r1l91" custom="readingOrder {index:45;}">
                <Coords points="1404,2339 2183,2349 2183,2299 2126,2317 2093,2294 1404,2302"/>
                <Baseline points="1409,2331 1447,2331 1485,2331 1524,2331 1562,2331 1601,2333 1639,2333 1678,2333 1716,2333 1755,2333 1793,2333 1831,2333 1870,2333 1908,2333 1947,2333 1985,2333 2024,2334 2062,2334 2101,2334 2139,2334 2178,2336"/>
                <TextEquiv>
                    <Unicode>tur. Sortes idoneus pro episcopatu habendo col</Unicode>
                </TextEquiv>
            </TextLine>
            <TextLine id="r1l94" custom="readingOrder {index:46;}">
                <Coords points="1411,2390 2183,2391 2183,2356 2124,2340 1411,2340"/>
                <Baseline points="1416,2378 1454,2376 1492,2376 1530,2376 1568,2376 1606,2375 1644,2376 1682,2376 1720,2376 1758,2376 1797,2376 1835,2378 1873,2378 1911,2378 1949,2379 1987,2379 2025,2379 2063,2379 2101,2379 2139,2379 2178,2379"/>
                <TextEquiv>
                    <Unicode>ligit tria vel quatuor quatenus ad episcopatum per</Unicode>
                </TextEquiv>
            </TextLine>
            <TextLine id="r1l96" custom="readingOrder {index:47;}">
                <Coords points="1417,2430 2131,2437 2180,2434 2180,2391 1593,2378 1417,2397"/>
                <Baseline points="1422,2420 1459,2420 1497,2421 1534,2421 1572,2421 1610,2421 1647,2421 1685,2421 1723,2421 1760,2420 1798,2420 1836,2420 1873,2420 1911,2420 1949,2421 1986,2421 2024,2421 2062,2423 2099,2423 2137,2424 2175,2426"/>
                <TextEquiv>
                    <Unicode>ueniat quo dignus est: ergo illam intentionem haben</Unicode>
                </TextEquiv>
            </TextLine>
            <TextLine id="r1l98" custom="readingOrder {index:48;}">
                <Coords points="1419,2480 2149,2480 2174,2475 2175,2433 1420,2431"/>
                <Baseline points="1424,2466 1461,2466 1498,2465 1535,2465 1573,2465 1610,2465 1647,2465 1684,2465 1722,2465 1759,2466 1796,2466 1833,2466 1871,2466 1908,2466 1945,2466 1982,2468 2020,2468 2057,2468 2094,2469 2131,2469 2169,2469"/>
                <TextEquiv>
                    <Unicode>do non peccat / pluralis manens pro tempore. Ad no</Unicode>
                </TextEquiv>
            </TextLine>
            <TextLine id="r1l100" custom="readingOrder {index:49;}">
                <Coords points="1411,2520 2177,2523 2177,2484 2101,2473 1411,2477"/>
                <Baseline points="1416,2510 1453,2510 1491,2510 1529,2510 1567,2510 1605,2510 1642,2510 1680,2510 1718,2510 1756,2510 1794,2510 1831,2510 1869,2511 1907,2511 1945,2511 1983,2511 2020,2513 2058,2513 2096,2514 2134,2514 2172,2516"/>
                <TextEquiv>
                    <Unicode>num respondetur. Non sunt facienda mala vt inde</Unicode>
                </TextEquiv>
            </TextLine>
            <TextLine id="r1l102" custom="readingOrder {index:50;}">
                <Coords points="1411,2561 2189,2566 2189,2526 2102,2517 1411,2521"/>
                <Baseline points="1416,2552 1454,2552 1492,2553 1531,2553 1569,2553 1608,2553 1646,2555 1684,2555 1723,2555 1761,2555 1800,2556 1838,2556 1876,2556 1915,2556 1953,2558 1992,2558 2030,2558 2068,2558 2107,2559 2145,2559 2184,2561"/>
                <TextEquiv>
                    <Unicode>eueniant bona. ad Roma. iii non enim debeo furari</Unicode>
                </TextEquiv>
            </TextLine>
            <TextLine id="r1l104" custom="readingOrder {index:51;}">
                <Coords points="1420,2605 2169,2614 2180,2565 1421,2571"/>
                <Baseline points="1425,2597 1462,2597 1499,2598 1537,2598 1574,2598 1612,2600 1649,2600 1687,2600 1724,2600 1762,2600 1799,2600 1836,2600 1874,2600 1911,2601 1949,2601 1986,2601 2024,2601 2061,2601 2099,2603 2136,2603 2174,2604"/>
                <TextEquiv>
                    <Unicode>vt dem eleemosynam. modo illud medium est illicitum</Unicode>
                </TextEquiv>
            </TextLine>
            <TextLine id="r1l106" custom="readingOrder {index:52;}">
                <Coords points="1423,2650 2163,2666 2178,2613 1424,2602"/>
                <Baseline points="1428,2640 1465,2642 1502,2643 1539,2643 1576,2645 1614,2645 1651,2645 1688,2646 1725,2646 1762,2646 1800,2646 1837,2646 1874,2646 1911,2646 1948,2648 1986,2648 2023,2648 2060,2648 2097,2648 2134,2648 2172,2648"/>
                <TextEquiv>
                    <Unicode>videlicet habere plura superflue: quamuis intendat tenere</Unicode>
                </TextEquiv>
            </TextLine>
            <TextLine id="r1l108" custom="readingOrder {index:53;}">
                <Coords points="1419,2694 2152,2708 2183,2705 2184,2665 1419,2662"/>
                <Baseline points="1424,2685 1461,2687 1499,2688 1537,2688 1574,2690 1612,2690 1650,2690 1687,2691 1725,2691 1763,2691 1801,2691 1838,2691 1876,2691 1914,2691 1951,2691 1989,2691 2027,2692 2064,2693 2102,2693 2140,2694 2178,2696"/>
                <TextEquiv>
                    <Unicode>ea solum pro tpore / in vnam massam qua dignus est con</Unicode>
                </TextEquiv>
            </TextLine>
            <TextLine id="r1l110" custom="readingOrder {index:54;}">
                <Coords points="1405,2742 2189,2757 2190,2710 2139,2703 1406,2696"/>
                <Baseline points="1410,2732 1448,2733 1487,2733 1526,2735 1564,2735 1603,2736 1642,2736 1680,2738 1719,2738 1758,2738 1797,2738 1835,2738 1874,2738 1913,2738 1951,2739 1990,2739 2029,2739 2067,2739 2106,2739 2145,2741 2184,2741"/>
                <TextEquiv>
                    <Unicode>flando. Sed cum in foro exteriore habet titulum a</Unicode>
                </TextEquiv>
            </TextLine>
            <TextEquiv>
                <Unicode>est. Ad oculum vides quod comedens allium / porrum / ce
pe / vel habens anhelitum foetidum / odorem non percipit in 
aliis: quem illo cibo vacuus facile deprehendit. Et
talpa in terra rodens propter pelliculam oculum am-
bientem nihil videt. Ex quo liquet quod isti erant solum
seminiuerbii doctores &amp; non operatores: facto osten
dentes se esse ambitiosos &amp; auaros: quibus si crescant
opes: insatiabiles sunt. secundum illud Nasonis.
Creuerunt &amp; opes: &amp; opum furiosa libido. Et se-
cundum poema Solonis primo Politicorum. Cre-
scit amor diuitiarum in abissum. Non me fugit ple-
rosque dixisse a principio paucissimis se contentos
futuros: si quandam mediocritatem haberent: qui post
ea tentatione superueniente / longe diuersum osten-
derunt. homines enim vt in pluribus sunt mali. Est eadem
quaestio quaere sunt plures mali quam boni: &amp; quaere plures
mercatores decipiant in contractibus quam recte agat: &amp; tamen
in multis bene iudicant. sufficiat tibi corporalis me-
dici exemplum: qui multa bona praecepta dat aegroto
quae ipse non obseruat: &amp; more aliorum ex intemperantia
vel alia ratione in morbos labitur. At illud aposto-
i sic debet exponi in proposito. Cum fui paruulus id 
est humilis, feci vt paruulus: id est humiliter sen-
tiebam. nunc autem factus delitus / &amp; senex / euacuaui
ea quae paruuli sunt, hoc est humilitatis: quia habitus
iste ambitionis in me genitus humilitatem tanquam com
trarium eiecit. Senes vt vides sunt auari, &amp; testatur
Arist. quarti Ethico. primo. credunt enim se in se
nio amicis destitui: &amp; multis egere: propterea colli-
gunt: &amp; crebro nimis auide. Sed beneficiato non
debet esse animus congregandi: cum beneficia sint
perpetua. Multi nanque sunt vnico beneficio con-
tenti. multi etiam idonei / nullo gaudent: &amp; religiosi
ad beneficia non sunt admissi: quibus in hac parte
credendum est tanquam non suspectis. Nec dicere po-
tes. vellent plura si possent habere. Nam primo-
sic dicere potes de luxu &amp; aliis vitiis: sed fratrum
facta ambigua in meliorem partem interprtari debes.
Secundo. multi beneficiis acquirendis non inhiant: qui
possent versari in principum, &amp; episcoporum curiis:
&amp; aliis viis beneficia acquirere si vellent: sed satius
existimant tam deo placendo quam homines non scan-
dalizando hoc non efficere. Sed vt Quintilianus
ait, Sceleri nunquam defuit excusatio. sub vmbra pro-
borum suas sordes abolere conantur. ⁋ Nono argui
tur. Sortes idoneus pro episcopatu habendo col
ligit tria vel quatuor quatenus ad episcopatum per
ueniat quo dignus est: ergo illam intentionem haben
do non peccat / pluralis manens pro tempore. Ad no
num respondetur. Non sunt facienda mala vt inde
eueniant bona. ad Roma. iii non enim debeo furari
vt dem eleemosynam. modo illud medium est illicitum
videlicet habere plura superflue: quamuis intendat tenere
ea solum pro tpore / in vnam massam qua dignus est con
flando. Sed cum in foro exteriore habet titulum a</Unicode>
            </TextEquiv>
        </TextRegion>
    </Page>
</PcGts>
