2322 3318
255 313 1031 363 cantum in me quam in quocunque alio. lste autem non
265 363 1025 411 est furiosus: quare analogia illa est nulla. Non enim
271 407 1024 458 debeo tollere gladium a pugnatoribus per vias trans-a
270 450 1034 510 euntibus: quamuis verosimile sit quod interdum sint gla-
261 489 1034 548 diis abusuri. Etiam dico antecedens esse falsum. nam
270 544 1018 585 expedit laborantibus in vinea domini habere prouentus
255 582 1033 640 determinatos, & praemia deputata pro sui susten
261 629 1031 683 tatione: sine quibus in hac vita mortali viuere ne
261 671 1024 726 queunt: quia spirituale sine temporali seruari non potest
267 714 1033 769 Loculos namque habebat Christus a fidelibus obla-
264 758 1021 808 ta conseruans: & suorum necessitatibus & aliis indigen
262 807 1022 859 tibus tribuebat. tunc primum ecclesiasticae pecuniae
256 847 1022 894 forma est instituta: & vt intelligeremus: quod praecepit
253 893 1028 939 non esse cogitandum de crastino: non ad hoc fuis-
255 941 1031 996 se praeceptum, vt nihil pecuniae seruetur asanctis: sed
256 992 1031 1037 ne deo propter ista seruiatur, & propter inopiae timo-
258 1032 1031 1084 rem iustitia deseratur. vt Augustinus dicit super lo-
256 1066 1024 1121 annem. & citatur. xii. q. i. c. Habebat. Quia autem apostoli
264 1114 1027 1170 & ad eos venientes in. ludaea omnia vendiderunt
264 1159 1015 1216 precium ponentes in commune: hoc erat propterea
258 1206 1019 1259 quia non erant permansuri in ludaea: sed ad gen
258 1248 1025 1300 tes ituri. vt dicit Melchiades papa. xii. q. i. c. Futu
252 1293 1027 1351 ram. sic inquiens. Futuram ecclesiam apostoli in gen-
264 1342 1019 1385 tibus praeuidebant. idcirco praedia in ludaea mi
258 1384 1025 1430 nime sunt adepti: sed praecia tamtenmmodo ad fouendos
264 1426 1028 1483 egentes. ltaque ecclesiam habere fructus perpetu-
264 1469 1019 1525 os decet, ne in temporalibus deficiat: & ex consequen
261 1512 1034 1565 ti in spiritualibus. nam si homines non haberent
261 1557 1019 1616 prouisionem, nihil in spiritualibus facerent. ⁋ Ad com
253 1601 1022 1653 firmationem, nescio vnde originem illa historia duxe
256 1647 1022 1705 rit. Scio loannem Parisiensem & aliquos sic reci
265 1686 1024 1736 tare. Et in dialogo Guilielmus Ocltam asserit ali
258 1733 1019 1787 quos dicere quod propter has opes in ecclesia, tumul
261 1777 1018 1827 tuosa redditur ltalia, quod rato illic a bello quiescatur: quem
259 1823 1016 1873 admodum cum Abraham & Loth effecti sunt
255 1865 1033 1912 diuites viri sane optimi: famuli eorum non poterant
258 1908 1030 1965 simul cohabitare propter lites & iurgia. Genesis
262 1956 1034 2011 xiii. Et istud possum roborare: nam cum vnus pon-
256 2000 1037 2050 tifex amico aliquas terras concedit: alter succe-
259 2046 1031 2097 dens / illud subuertere nitens / suo amico terras:
255 2084 1025 2138 alio eiecto concedit. Ad haec respondeo / vndecum
264 2127 1028 2194 quod illud dictum commune habuerit originem: quod bene
265 2179 1028 2226 ficia malis sunt venenum, & probis ad salutem cen
265 2218 1019 2277 dunt. sicut saliua hominis ieiuni non est homini vel
257 2265 1021 2317 nenum: & tamen serpenti est venenum. Et licet in eccle
261 2304 1030 2358 sia primitiua pauciora essent bona temporalia & plu
252 2359 1027 2404 ra merita: bona tamen deo data / & eius ministris, non
256 2404 1025 2450 sunt ab eis auferenda: quia non tenemur iad omne
256 2442 1031 2495 illud quod est melius: sed sufficit seruare praecepta. Quia
268 2486 1031 2537 autem in primitiua ecclesia plura essent merita & paum
265 2530 1031 2583 ciora bona temporalia, nemo est qui nonnouit. im
265 2581 1028 2631 mo a mille & centum reuolutis annis dixit Hie-
265 2621 1025 2668 ronymus in prologo Malchi monachi, haec ver
270 2669 1015 2711 ba quae sequuntur. Scribere enim disposui: si tamer
265 2712 1037 2771 dominus vitam dederit: et si vituperatores mei saltem
1104 305 1873 372 fugientem & me clausum persequi desierint / ab aduem
1101 367 1864 418 tu saluatoris ad nostram aetatem vsque / id est ab apo-
1105 404 1874 457 stolis vsque ad huius temporis fecem: quomodo & per quos
1105 452 1874 493 Curisti ecclesia nata sit: & adulta persecutionibus
1108 491 1866 551 creuerit: martyriis coronata sit: & postquam ad Chri-
1104 539 1873 592 stianos principes venerit: potentia quidem & di-
1107 585 1870 629 uitiis maior: sed virtutibus minor facta sit. Verum
1111 626 1870 676 haec alias. Quod tangitur de diuitiis ecclesiae, potissi-
1107 672 1885 725 mum in ltalia dispersis, non concludit. tum quod ple-
1110 715 1882 762 rumque in ltalia sunt bella extra terras ecclesiae: ob par-
1107 769 1886 816 uas respublicas, libertatem desiderantes in popu
1104 803 1880 850 li incommodum. Tum secundo quod a tyranno ter-
1110 850 1880 904 ras ecclesiae occupante potest ecclesia eas tollere. sed
1101 898 1873 948 non expedit amico futuro magno concedere, &
1111 941 1864 987 a fortiore, praesenti magno. Ex hoc nanque vnus
1104 986 1871 1037 pontifex vrbes aliquas concedit vni, quas ponti-
1107 1023 1880 1083 fex succedens recuperare student: pro quo fit bellum
1101 1074 1867 1117 circulariter & in abissum. hae tamen vrbes (fateor) se
1101 1117 1871 1167 minatia crebro praestant belli. Tum tertio. Si opes
1099 1159 1879 1209 duorum regum vicinorum inter eos sint causa belli,
1098 1206 1867 1250 an oporteat propterea ab eis tollere sua? sane Con
1104 1246 1875 1300 stantinus religiose fecit ecclesiam dotando. siue
1101 1293 1882 1342 enim in haeresim Arrianam inciderit siue non: non
1104 1337 1869 1392 infirmantur dicta nostra: quia nego quod propterea in
1101 1379 1870 1434 cidit. Cuilibet enim notum est post multa laudabi-
1104 1422 1873 1476 lia opera hominem labi posse in malum grande, & in
1098 1476 1867 1515 terdum finaliter in illo perseuerare. ⁋ Sexto argui
1098 1513 1882 1563 tur quodam modo dirigendo obiectionem contra
1111 1560 1874 1615 nas solutiones omnes. imaginemur quod ecclesia nul-
1089 1595 1877 1656 lam dotem habeat / & adhuc sit dotanda. vel cape
1097 1648 1883 1702 duas medietates ecclesiae: quarum vna habet
1093 1684 1870 1743 opes vt nunc habet: altera medietas nullas habet
1104 1734 1883 1790 saltem hoc modo dispositas: sic scilicet quod eligeretur
1098 1782 1874 1839 plebanus in cura vir probus: & impensae ei darem
1101 1832 1867 1878 tur pro se & famulo vel duobus /(si status exige
1102 1872 1880 1932 ret: & quamdiu bene viueret, in cura maneret cum sti
1095 1917 1865 1968 pendiis annuis sibi datis, quemadmodum de lecto
1098 1965 1871 2016 ribus publicis in vtraque Hesperia & Anglia contin
1101 1997 1871 2060 git: & darentur ei coadiutores cum pensione mino
1092 2049 1870 2101 ri. pro episcopo autem maiores impensae darentur.
1102 2094 1866 2148 si vero male viuerent, ab officiis remouerentur. Hoc
1102 2139 1877 2180 modo euitarentur magna incommoda in ecclesia
1098 2179 1871 2232 sticis / scilicet simonia: tor lites & impensae pro benefi
1107 2223 1874 2280 ciis: tam prodiga profusio pecuniarum ecclesiastica-
1104 2267 1856 2324 rum in superflua clientum multitudine & vestium
1104 2311 1868 2363 sumptuositate: ista enormis beneficiorum pluralitas
1099 2355 1862 2407 & caetera id genus. ⁋ Respondetur. licet nonnihil co
1099 2401 1870 2458 loris sit in argumento: ipsum tamen facile & multi-
1104 2444 1870 2502 fariam eluitur. Nam primo. admisso quod ita futu-
1104 2491 1873 2543 rum esset, dicta non infirmantur. nam lex aliqua
1101 2534 1873 2584 non est facile mutanda nisi ferme intolerabilem
1098 2581 1865 2628 contineat errorem. vt contra Hippodamum di-
1102 2625 1864 2673 cit philosophus. Secundo. Haec bona data sunt
1104 2666 1870 2717 deo & ecclesiasticis intuitu cultus diuini exhiben
1104 2713 1876 2781 di: & amplius in vsus humanos reuocari non paeret.
