2357 3326
510 360 1268 422 euangelii in quo legalia sunt mortua & mortifera.
508 419 1271 469 Tertium tempus medium inter illa extrema & breue sciliet a
520 458 1261 510 passione Curisti ad diuulgationem euangelii: in quo
508 510 1265 560 legalia fuerunt mortua: hoc est non habebant vim obli
513 558 1275 608 gatoriam, sed non erant mortifera: quia conversi de iu-
504 597 1267 648 daismo poterant illa licite seruare, dum tamen non pone-
508 642 1273 685 rent in eis spem, reputantes illa sibi necessaria ad sa-
496 682 1274 737 lutem: quasi sine eis fides Curisti iustificare non posset:
495 735 1266 788 & hoc erat vt synagoga quae lex dei erat pro suo tempor
501 779 1277 822 duceretur ad tumulum cum honore. Nec ratio adducta de
501 819 1276 868 cerimoniis oppositum concludit: quae licet praesentabant
498 860 1274 911 Christum futurum: illa tamen futuritio non erat sufficienter
489 902 1261 965 adhuc nota: & propterea iudaeo converso cerimonia
495 956 1267 1001 adhuc seruare non erat peccatum. Et patet illud, nam aliqon
501 1000 1270 1048 cerimoniae significabat Christum nasciturum: quae serua
496 1037 1277 1087 bantur licite post natiuitatem Curisti ante passionem:
505 1081 1273 1133 quia nondum erat declaratus talis. sic in proposito. Conver
490 1118 1268 1171 sis autem de gentilitate non erat talis cam obseruantiae.
502 1173 1263 1226 quare Paulus Timotheum ex matre iudaea ortum circum
499 1211 1262 1270 cidit. Actuum. xvi. Titum vero ex vtroque parente ger
499 1257 1256 1308 tilem non circuncidit. aliqua tamen erant imposita gentilibus
495 1306 1259 1353 ad tempus seruanda: vt post hac dicetur. Petrus ergo non
489 1346 1271 1403 peccauit seruando legalia: nec postea Paulus. sed
489 1394 1268 1442 tenendo hunc modum Petrus peccauit venialiter:
490 1440 1266 1510 quia dedit intelligere aliis ex suo facto indiscreto quod
495 1480 1192 1528 legalia erant de necessitate salutis obseruanda.
493 1524 1262 1607 ⁋ Exomnibus istis colliguntur aliquae co
495 1607 1270 1655 clusiones. Quarum vna est. Seruare legalia post le
499 1654 1267 1713 gem euangelicam promulgatam est mortiferum. hoc patet
496 1701 1262 1752 cap. Maiores. de baptis. & eius effect. & abhic octin
496 1741 1268 1794 gentos annos erat error Cherinthi, & Hebionis: si-
489 1778 1259 1841 cut Hieronymus scribit respondendo ad Augustinum:
495 1824 1256 1885 quod Augustinus non negaret. ⁋ Alia conclusio. Non
493 1875 1256 1925 constat ex sacra scriptura quando seruare legalia primo
490 1918 1262 1970 erat mortiferum. probatio. secundum positionem Augu
493 1961 1265 2012 stini: licitum erat seruare legalia post passionem Chri
493 2007 1257 2065 sti: & apostoli ea seruarunt post tempus scripturae sacrae, quod
498 2049 1252 2109 patet. quia Lucas imposuit finem scripturae sacrae nou
495 2100 1259 2146 testameti in actibus apostolorum: & hos deduxit ad
490 2139 1249 2190 quartum annum Neronis vsque: vt dicit Hierony. in li
496 2185 1249 2234 bro virorum illustrium. & vide in festo sancti Lucae se
490 2232 1248 2290 cundum vsum Romanum. Et glossa marginalii
499 2271 1257 2333 Actuum. xv. dicit quod Petrus & Paulus post passio
484 2319 1250 2365 nem domini anno. xxx. id est vltimo Neronis passi
490 2360 1261 2413 sunt martyrium. ergo cum toto illo tempore & post licuit
496 2404 1255 2453 seruare legalia: ex scriptura non constat de fine cessa
493 2452 1252 2498 tionis quando incoeperunt esse mortifera. Sed putandum
499 2494 1259 2543 est quod ibant in nihilum & in mortificationem statim
499 2536 1250 2591 post secundum templum a Romanis euersum: quan-
499 2585 1250 2641 do iudaei erant dispersi in gentibus. modo Hierosoly
496 2630 1250 2683 ma post Curisti passionem anno. xlii. a Tito & Ve-
496 2670 1244 2720 spasiano euersa est. ⁋ Vltima conclusio. Secundum
495 2717 1245 2778 hunc modum licitum erat iudaeo seruare legalia quando con-
489 2768 1250 2833 uertebatur ad fidem toto tempore intermedio. hoc patet ex
1347 360 2111 442 his quae dicta sunt. Auctoritas apostoli ad Galathas
1349 433 2120 484 v. Si circuncidimini Christus nihil vobis prodest.
1340 472 2124 533 intelligitur pro illo tempore, si quis putasset neminem
1354 521 1959 573 posse saluari sine legalium obseruatione.
1356 567 2114 666 ⁋ Sed contra cessationem legalium ar-
1348 651 2105 705 guitur. Scribitur Matth. v. Non veni soluere legem sed
1347 692 2102 747 adimplere. praeterea circuncisio data est in foedu
1351 726 2105 793 sempiternum, vt scribitur Genesis. xvii. ⁋ Ad pri
1347 773 2117 831 mun respondetur quod Christus non soluit legem toto tempore pere
1351 826 2112 880 grinationis suae secundum carnem: sed eam seruauit ad
1341 874 2109 933 mortem vsque inclusiue. Secundo dicitur: quod quo ad pre
1348 917 2109 973 cepta moralia quae sunt praecipua in lege, quae ordi-
1342 958 2111 1015 nant ad dilectionem dei & proximi: quia in his duo-
1354 996 2107 1057 bus mandatis pendet vniuersa lex & prophetae: nul-
1348 1038 2118 1102 lo modo soluit legem: sed roborauit: & obscuros
1335 1085 2108 1144 sensus explanauit, vt de dilectione inimici, & simi-
1335 1129 2111 1195 libus: & sic cum principaliores partes legis manent,
1339 1174 2107 1239 tota lex est immutata, quemadmodum propter noua sta-
1338 1210 2111 1278 tuta accidentalia manentibus essentialibus alicuius
1336 1265 2108 1324 religionis tota religio manet. Tertio dicitur quod lex
1345 1300 2114 1377 Mosaica manet in se vel in meliore: sicut qui promit
1345 1348 2102 1406 tit vel vouet alicui dare duodenum, dans scutu non
1339 1390 2111 1463 soluit votum vel promissum in forma: tamen in aequiua-
1342 1435 2097 1505 lente vel plus valente. ⁋ Ad secundum argumentum
1339 1480 2109 1544 respondetur quod circuncisio data est Abrahe in foe
1339 1521 2100 1593 dus sempiternum secundum se vel melius. Secundo
1341 1568 2102 1634 dicitur quod nos sumus semen Abrahae spiritualiter &
1329 1620 2112 1677 filii eius secundum sensum literalem: quia eius imita-
1338 1656 2097 1726 tores. Ad Galathas. iiii. Scriptum est enim quoniam Abra
1335 1700 2108 1765 ham duos filios habuit: vnum de ancilla: & vnum de li
1341 1745 2097 1815 bera. & nos sumus filii liberae, vt illic deducit apostolis
1335 1788 2112 1855 Nec oportet ex sola nuda litera sensum literalem
1341 1836 2096 1905 colligere: quia litera occidit: spiritus autem viuificat. ii
1333 1875 2100 1947 ad Corith. iii. Illic etiam promittitur semini Abrahae ter
1339 1928 2100 1988 ra chanaam in possessionem aeternam: quia sic dicit lite
1330 1976 2101 2028 ra Geneseos. Daboque tibi, & semini tuo terram pere
1329 2011 2092 2075 grinationis tuae omnem terram Chanaan in possessio
1338 2067 2106 2124 nem aeternam. & tamen ad literam nudam sicut hebraei ca
1335 2103 2098 2166 piunt, hoc non est impletum. vnum autem passum scri-
1338 2155 2094 2209 pturae alius exponit. Quia legem eorum & cerimonias
1330 2204 2087 2249 erat mutaturus: declarat Hieremias: immo verius
1335 2239 2092 2291 deus per os Hiere. xxxi. cap. sui libri. vbi sic scribitur.
1330 2274 2091 2343 Ecce dies veniunt dicit dominus, & seminabo domum istus
1333 2325 2085 2381 & domum iuda semine hominium & semine iumentorum,
1333 2368 2097 2433 hoc est iudaeorum & gentilium. Et paulopost sequitur. Ec
1333 2424 2089 2475 ce dies veniunt dicit dominus: & feriam domui islius, & do-
1328 2465 2090 2518 mui iuda foedus nouum: non secundum pactum quod pepi
1323 2508 2086 2564 gi cum patribus vestris &c. & paucis interiectis semper
1324 2557 2089 2609 continuando materiam de mutatione legis Mosaicae, &
1324 2592 2090 2649 datione legis gratiae. Dabo legem meam in visceribus eo-
1327 2637 2081 2701 rum: & in corde eorum scribam eam: & ero eis in deum: & ipsi
1318 2678 2078 2737 erunt mihi in popisum: & quae sequuntur. ac si diceret, non
1323 2731 2078 2786 dabo eis legem in tabulis lapideis sicut dedi vobis
1324 2769 2088 2847 per Moysen: sed scribam in cordibus eorum. hoc est ego
