<?xml version="1.0" encoding="UTF-8" standalone="yes"?>
<PcGts xmlns="http://schema.primaresearch.org/PAGE/gts/pagecontent/2013-07-15" xmlns:xsi="http://www.w3.org/2001/XMLSchema-instance" xsi:schemaLocation="http://schema.primaresearch.org/PAGE/gts/pagecontent/2013-07-15 http://schema.primaresearch.org/PAGE/gts/pagecontent/2013-07-15/pagecontent.xsd">
    <Metadata>
        <Creator>prov=University of Rostock/Institute of Mathematics/CITlab|PLANET AI GmbH/Gundram Leifert/gundram.leifert@planet-ai.de:name=cod-Bda113-model2(htr_id=24733)::::v=2.6.6
prov=University of Rostock/Institute of Mathematics/CITlab|PLANET AI GmbH/Tobias Gruening/tobias.gruening@planet-ai.de:name=de.uros.citlab.module.baseline2polygon.B2PSeamMultiOriented:v=2.6.6
prov=University of Rostock/Institute of Mathematics/CITlab|PLANET AI GmbH/Tobias Gruening/tobias.gruening@planet-ai.de:name=/net_tf/LA73_249_0mod360.pb:de.uros.citlab.segmentation.CITlab_LA_ML:v=2.6.6
Transkribus</Creator>
        <Created>2020-04-17T22:24:07.197+02:00</Created>
        <LastChange>2020-06-19T06:44:48.054+02:00</LastChange>
        <TranskribusMetadata docId="371227" pageId="14532747" pageNr="511" tsid="32171826" status="IN_PROGRESS" userId="25065" imgUrl="https://files.transkribus.eu/Get?id=FMRHTCISKVSWLIKQUJVVEKUQ&amp;fileType=view" xmlUrl="https://files.transkribus.eu/Get?id=OLDSXMJZHDYDYSHPAXSGMVLJ" imageId="10489124"/>
    </Metadata>
    <Page imageFilename="0511.jpg" imageWidth="2310" imageHeight="3318">
        <ReadingOrder>
            <OrderedGroup id="ro_1592575817405" caption="Regions reading order">
                <RegionRefIndexed index="0" regionRef="r1"/>
                <RegionRefIndexed index="1" regionRef="r2"/>
            </OrderedGroup>
        </ReadingOrder>
        <TextRegion orientation="0.0" id="r1" custom="readingOrder {index:0;}">
            <Coords points="251,296 251,2809 1122,2809 1122,296"/>
            <TextLine id="r1l2" custom="readingOrder {index:0;}">
                <Coords points="283,401 1036,407 1023,359 499,368 283,344"/>
                <Baseline points="288,392 325,392 362,393 399,393 436,393 473,395 510,395 548,395 585,395 622,395 659,395 696,396 733,396 770,396 808,396 845,398 882,398 919,399 956,399 993,401 1031,402"/>
                <TextEquiv>
                    <Unicode>sent omnia qua habent in beneficio expendere: eorum vita</Unicode>
                </TextEquiv>
            </TextLine>
            <TextLine id="r1l3" custom="readingOrder {index:1;}">
                <Coords points="284,442 995,465 1030,452 1031,405 967,423 844,401 285,406"/>
                <Baseline points="290,435 326,437 363,437 400,438 437,438 473,438 510,440 547,440 584,440 620,440 657,440 694,441 731,441 767,441 804,441 841,443 878,443 914,444 951,445 988,446 1025,447"/>
                <TextEquiv>
                    <Unicode>non confunderetur. ergo prima via est melior ea quam</Unicode>
                </TextEquiv>
            </TextLine>
            <TextLine id="r1l4" custom="readingOrder {index:2;}">
                <Coords points="280,489 1045,494 1019,449 870,446 834,467 707,443 280,451"/>
                <Baseline points="285,480 322,482 360,482 398,482 436,482 473,482 511,483 549,483 587,483 624,483 662,483 700,483 738,483 775,485 813,485 851,486 889,486 926,488 964,488 1002,489 1040,491"/>
                <TextEquiv>
                    <Unicode>teneo. Respondetur argumentum refellendo. nam primo, si-</Unicode>
                </TextEquiv>
            </TextLine>
            <TextLine id="r1l5" custom="readingOrder {index:3;}">
                <Coords points="265,530 949,553 1018,541 1019,503 266,495"/>
                <Baseline points="270,524 307,525 344,525 381,525 418,527 455,527 492,527 530,528 567,528 604,528 641,528 678,530 715,530 752,530 790,531 827,531 864,531 901,533 938,533 975,534 1013,534"/>
                <TextEquiv>
                    <Unicode>milis difficultas potest fieri de abbatibus &amp; prioribus</Unicode>
                </TextEquiv>
            </TextLine>
            <TextLine id="r1l6" custom="readingOrder {index:4;}">
                <Coords points="274,575 1030,584 1030,550 985,539 274,541"/>
                <Baseline points="279,569 316,570 353,570 390,570 428,571 465,572 502,572 540,572 577,572 614,573 652,573 689,573 726,573 763,575 801,575 838,576 875,576 913,576 950,578 987,579 1025,579"/>
                <TextEquiv>
                    <Unicode>religionum, &amp; principum eleemosvynariis pecuniam ha</Unicode>
                </TextEquiv>
            </TextLine>
            <TextLine id="r1l7" custom="readingOrder {index:5;}">
                <Coords points="268,623 1004,634 1036,629 1037,584 269,574"/>
                <Baseline points="273,614 310,614 348,615 386,615 424,615 462,617 500,617 538,617 576,617 614,617 652,617 689,617 727,618 765,618 803,618 841,620 879,620 917,621 955,621 993,623 1031,624"/>
                <TextEquiv>
                    <Unicode>bentibus distribuendam secundum suam discretionem. Se</Unicode>
                </TextEquiv>
            </TextLine>
            <TextLine id="r1l8" custom="readingOrder {index:6;}">
                <Coords points="271,675 1036,671 1036,638 951,627 271,628"/>
                <Baseline points="276,659 313,659 351,659 389,659 427,660 464,660 502,660 540,660 578,662 615,662 653,662 691,662 729,663 766,663 804,663 842,665 880,665 917,665 955,665 993,666 1031,666"/>
                <TextEquiv>
                    <Unicode>rundo, argumentum non est minus contra aduersarios</Unicode>
                </TextEquiv>
            </TextLine>
            <TextLine id="r1l9" custom="readingOrder {index:7;}">
                <Coords points="274,711 1040,726 1040,685 989,671 274,675"/>
                <Baseline points="279,701 316,702 354,702 392,704 430,705 468,705 505,705 543,706 581,707 619,707 657,707 694,707 732,707 770,707 808,707 846,707 883,708 921,708 959,710 997,711 1035,711"/>
                <TextEquiv>
                    <Unicode>nam omnes vno ore concedunt quod beneficiatus fru</Unicode>
                </TextEquiv>
            </TextLine>
            <TextLine id="r1l10" custom="readingOrder {index:8;}">
                <Coords points="266,764 977,773 1038,764 1039,726 267,713"/>
                <Baseline points="272,749 310,749 348,749 386,750 424,750 462,750 500,750 538,750 576,750 614,750 653,750 691,750 729,750 767,750 805,750 843,752 881,752 919,752 957,753 995,755 1034,755"/>
                <TextEquiv>
                    <Unicode>ctus beneficii prodige expendens praetermissis pau</Unicode>
                </TextEquiv>
            </TextLine>
            <TextLine id="r1l11" custom="readingOrder {index:9;}">
                <Coords points="273,807 1031,805 1031,762 730,781 690,753 582,773 273,758"/>
                <Baseline points="278,792 315,792 352,792 390,794 427,794 465,794 502,794 539,794 577,794 614,794 652,794 689,795 726,795 764,795 801,795 839,797 876,797 913,797 951,798 988,798 1026,798"/>
                <TextEquiv>
                    <Unicode>peribus peccat: quo admisso quaeritur ab aliis quam</Unicode>
                </TextEquiv>
            </TextLine>
            <TextLine id="r1l12" custom="readingOrder {index:10;}">
                <Coords points="277,843 1028,855 1023,806 278,807"/>
                <Baseline points="282,836 319,836 356,837 393,837 430,839 467,839 504,839 541,839 578,839 615,839 652,840 689,840 726,840 763,840 800,840 837,840 874,842 911,842 948,843 985,843 1023,845"/>
                <TextEquiv>
                    <Unicode>tum possit a. praelatus vel b. expendere quotannis cum</Unicode>
                </TextEquiv>
            </TextLine>
            <TextLine id="r1l13" custom="readingOrder {index:11;}">
                <Coords points="271,890 1025,899 1007,848 271,843"/>
                <Baseline points="276,879 313,881 350,882 387,882 424,882 462,882 499,884 536,884 573,884 610,884 648,884 685,884 722,884 759,884 796,885 834,885 871,885 908,887 945,887 982,888 1020,890"/>
                <TextEquiv>
                    <Unicode>sana conscientia. Oportet enim hoc intelligat per se</Unicode>
                </TextEquiv>
            </TextLine>
            <TextLine id="r1l14" custom="readingOrder {index:12;}">
                <Coords points="267,933 1025,941 1015,896 267,888"/>
                <Baseline points="272,926 309,926 346,926 384,927 421,927 459,927 496,927 533,927 571,927 608,929 646,929 683,929 720,929 758,929 795,929 833,929 870,929 907,930 945,930 982,930 1020,932"/>
                <TextEquiv>
                    <Unicode>vel prudentes: quo intellecto datur sufficiens re-</Unicode>
                </TextEquiv>
            </TextLine>
            <TextLine id="r1l15" custom="readingOrder {index:13;}">
                <Coords points="265,975 1000,993 1016,952 266,932"/>
                <Baseline points="270,968 307,969 344,970 381,971 418,971 455,972 492,972 529,972 566,972 603,972 640,972 677,972 714,972 751,972 788,973 825,974 862,974 899,975 936,975 973,977 1010,978"/>
                <TextEquiv>
                    <Unicode>sponsio. ⁋ Hactenus de restitutione prodige expe</Unicode>
                </TextEquiv>
            </TextLine>
            <TextLine id="r1l16" custom="readingOrder {index:14;}">
                <Coords points="267,1021 1021,1027 1021,994 979,982 268,976"/>
                <Baseline points="272,1013 309,1013 346,1013 383,1014 420,1014 458,1016 495,1016 532,1016 569,1017 606,1017 644,1017 681,1018 718,1019 755,1019 792,1019 830,1019 867,1019 904,1020 941,1020 978,1020 1016,1020"/>
                <TextEquiv>
                    <Unicode>sorum quae homo tenetur restituere si expendat vltra</Unicode>
                </TextEquiv>
            </TextLine>
            <TextLine id="r1l17" custom="readingOrder {index:15;}">
                <Coords points="265,1075 1028,1065 1008,1028 265,1022"/>
                <Baseline points="270,1058 307,1059 345,1059 382,1059 420,1061 458,1061 495,1061 533,1061 571,1061 608,1061 646,1062 684,1062 721,1062 759,1062 797,1062 834,1062 872,1062 910,1063 947,1064 985,1064 1023,1064"/>
                <TextEquiv>
                    <Unicode>praemium laborum suorum. Et fortasse viri quos citaui-</Unicode>
                </TextEquiv>
            </TextLine>
            <TextLine id="r1l18" custom="readingOrder {index:16;}">
                <Coords points="264,1107 1016,1114 1016,1074 919,1064 867,1082 264,1074"/>
                <Baseline points="269,1101 306,1102 343,1103 380,1103 417,1104 454,1104 491,1104 528,1106 565,1106 602,1106 640,1106 677,1106 714,1106 751,1107 788,1107 825,1107 862,1107 899,1107 936,1109 973,1109 1011,1109"/>
                <TextEquiv>
                    <Unicode>mus tenerent illud strictius quam ego teneam: sed no</Unicode>
                </TextEquiv>
            </TextLine>
            <TextLine id="r1l19" custom="readingOrder {index:17;}">
                <Coords points="265,1156 1021,1160 1021,1128 925,1112 265,1118"/>
                <Baseline points="270,1145 307,1146 344,1146 381,1147 419,1148 456,1148 493,1149 531,1149 568,1149 605,1149 643,1151 680,1151 717,1151 754,1151 792,1151 829,1152 866,1152 904,1152 941,1152 978,1152 1016,1152"/>
                <TextEquiv>
                    <Unicode>ausim damnare cum qui insequitur sententiam quam teneo</Unicode>
                </TextEquiv>
            </TextLine>
            <TextLine id="r1l20" custom="readingOrder {index:18;}">
                <Coords points="264,1208 1034,1200 1025,1168 933,1158 887,1177 592,1151 265,1165"/>
                <Baseline points="270,1191 309,1191 349,1191 389,1191 429,1193 469,1193 509,1193 549,1194 589,1194 629,1196 669,1196 709,1196 749,1196 789,1197 829,1197 869,1197 909,1197 949,1197 989,1197 1029,1196"/>
                <TextEquiv>
                    <Unicode>quia opinor hoc sufficere ad salutem cu sale po-</Unicode>
                </TextEquiv>
            </TextLine>
            <TextLine id="r1l21" custom="readingOrder {index:19;}">
                <Coords points="264,1247 935,1257 1016,1250 1017,1214 265,1208"/>
                <Baseline points="269,1236 306,1236 343,1236 380,1236 417,1238 454,1238 491,1238 528,1239 565,1239 602,1239 640,1240 677,1241 714,1241 751,1241 788,1241 825,1241 862,1242 899,1242 936,1242 973,1242 1011,1241"/>
                <TextEquiv>
                    <Unicode>nendo, de statu viri. Addo quod theologorum mortud</Unicode>
                </TextEquiv>
            </TextLine>
            <TextLine id="r1l22" custom="readingOrder {index:20;}">
                <Coords points="262,1289 1021,1293 1021,1251 262,1247"/>
                <Baseline points="267,1280 304,1280 341,1281 379,1281 416,1281 454,1281 491,1283 529,1283 566,1283 604,1283 641,1284 678,1284 716,1284 753,1284 791,1284 828,1286 866,1286 903,1286 941,1286 978,1287 1016,1287"/>
                <TextEquiv>
                    <Unicode>rum neminem inueni qui diceret categorice praelatos ec</Unicode>
                </TextEquiv>
            </TextLine>
            <TextLine id="r1l23" custom="readingOrder {index:21;}">
                <Coords points="264,1338 1018,1339 1006,1292 264,1295"/>
                <Baseline points="269,1326 306,1326 343,1325 380,1325 417,1325 455,1326 492,1326 529,1326 566,1326 603,1327 641,1328 678,1328 715,1328 752,1329 789,1329 827,1329 864,1331 901,1331 938,1331 975,1331 1013,1332"/>
                <TextEquiv>
                    <Unicode>clesiae non obligatos restituere prodige expensa</Unicode>
                </TextEquiv>
            </TextLine>
            <TextLine id="r1l24" custom="readingOrder {index:22;}">
                <Coords points="257,1375 977,1394 1018,1383 1019,1339 258,1336"/>
                <Baseline points="263,1371 300,1371 338,1370 375,1370 413,1370 450,1370 488,1370 525,1371 563,1371 600,1371 638,1371 676,1373 713,1373 751,1373 788,1374 826,1374 863,1374 901,1374 938,1374 976,1374 1014,1374"/>
                <TextEquiv>
                    <Unicode>nam sanctus Thomas est huius sententiae quan</Unicode>
                </TextEquiv>
            </TextLine>
            <TextLine id="r1l25" custom="readingOrder {index:23;}">
                <Coords points="265,1425 1018,1426 1018,1382 265,1377"/>
                <Baseline points="270,1415 307,1415 344,1415 381,1415 418,1415 455,1415 492,1415 530,1415 567,1415 604,1416 641,1416 678,1416 715,1416 752,1417 790,1418 827,1418 864,1418 901,1418 938,1418 975,1419 1013,1419"/>
                <TextEquiv>
                    <Unicode>sequor. alii autem sunt huius opinionis, vel multo</Unicode>
                </TextEquiv>
            </TextLine>
            <TextLine id="r1l26" custom="readingOrder {index:24;}">
                <Coords points="262,1478 958,1477 1034,1468 1035,1439 263,1429"/>
                <Baseline points="267,1457 305,1458 343,1458 381,1458 419,1458 457,1458 495,1458 533,1458 571,1458 609,1460 648,1460 686,1460 724,1460 762,1461 800,1461 838,1461 876,1462 914,1463 952,1463 990,1464 1029,1466"/>
                <TextEquiv>
                    <Unicode>rigidiores: sed articulatim non distinxerunt. Can</Unicode>
                </TextEquiv>
            </TextLine>
            <TextLine id="r1l27" custom="readingOrder {index:25;}">
                <Coords points="255,1505 740,1529 1006,1518 1025,1486 256,1477"/>
                <Baseline points="260,1502 299,1502 339,1502 379,1502 419,1502 459,1503 499,1503 539,1503 579,1505 619,1505 659,1505 699,1506 739,1506 779,1506 819,1508 859,1508 899,1508 939,1508 979,1508 1019,1508"/>
                <TextEquiv>
                    <Unicode>cellarius Gerson fiuctuabat quid diceret. sic Ga-</Unicode>
                </TextEquiv>
            </TextLine>
            <TextLine id="r1l28" custom="readingOrder {index:26;}">
                <Coords points="262,1565 991,1572 1024,1561 1025,1520 263,1508"/>
                <Baseline points="267,1547 304,1547 342,1547 379,1548 417,1548 455,1548 492,1548 530,1548 567,1548 605,1548 643,1550 680,1550 718,1550 755,1550 793,1550 831,1551 868,1551 906,1551 943,1551 981,1551 1019,1553"/>
                <TextEquiv>
                    <Unicode>briel. quaest. viii. in. xv. dist. huius: licet partem aequio</Unicode>
                </TextEquiv>
            </TextLine>
            <TextLine id="r1l29" custom="readingOrder {index:27;}">
                <Coords points="258,1599 1022,1609 1015,1559 258,1568"/>
                <Baseline points="263,1593 300,1592 338,1592 376,1592 413,1592 451,1592 489,1592 526,1592 564,1593 602,1593 640,1593 677,1593 715,1593 753,1595 790,1595 828,1595 866,1596 903,1596 941,1596 979,1596 1017,1596"/>
                <TextEquiv>
                    <Unicode>rem &amp; sanctis conformiorem putauerit sententiam</Unicode>
                </TextEquiv>
            </TextLine>
            <TextLine id="r1l30" custom="readingOrder {index:28;}">
                <Coords points="262,1644 996,1653 1027,1651 1028,1610 263,1599"/>
                <Baseline points="267,1637 304,1637 342,1637 380,1637 418,1637 455,1637 493,1637 531,1637 569,1637 606,1638 644,1638 682,1638 720,1638 757,1639 795,1640 833,1640 871,1640 908,1640 946,1641 984,1641 1022,1641"/>
                <TextEquiv>
                    <Unicode>Alexandri Halensis &amp; sequentium. Raemundus</Unicode>
                </TextEquiv>
            </TextLine>
            <TextLine id="r1l31" custom="readingOrder {index:29;}">
                <Coords points="258,1686 1019,1688 984,1648 258,1646"/>
                <Baseline points="263,1682 300,1682 338,1682 375,1682 413,1682 450,1682 488,1682 525,1682 563,1682 600,1682 638,1682 676,1683 713,1683 751,1683 788,1683 826,1684 863,1685 901,1685 938,1685 976,1685 1014,1685"/>
                <TextEquiv>
                    <Unicode>Hostiensis, loannes Andreas, Panor. &amp; Bernar-</Unicode>
                </TextEquiv>
            </TextLine>
            <TextLine id="r1l32" custom="readingOrder {index:30;}">
                <Coords points="259,1733 974,1747 1028,1736 1028,1690 259,1702"/>
                <Baseline points="264,1724 303,1724 343,1724 383,1725 423,1725 463,1725 503,1725 543,1725 583,1727 623,1727 663,1727 703,1727 743,1728 783,1728 823,1728 863,1730 903,1730 943,1730 983,1731 1023,1731"/>
                <TextEquiv>
                    <Unicode>dus commentator communis, apprime eruditus: viri</Unicode>
                </TextEquiv>
            </TextLine>
            <TextLine id="r1l33" custom="readingOrder {index:31;}">
                <Coords points="261,1776 947,1788 1012,1780 1012,1736 261,1745"/>
                <Baseline points="266,1767 303,1769 340,1769 377,1769 414,1770 451,1770 488,1770 525,1770 562,1770 599,1772 636,1772 673,1772 710,1772 747,1772 784,1772 821,1773 858,1773 895,1773 932,1775 969,1775 1007,1776"/>
                <TextEquiv>
                    <Unicode>omnes percelebres dextras theologis dederunt. modo</Unicode>
                </TextEquiv>
            </TextLine>
            <TextLine id="r1l34" custom="readingOrder {index:32;}">
                <Coords points="259,1831 809,1818 1024,1837 1024,1781 1003,1778 539,1794 259,1776"/>
                <Baseline points="264,1814 301,1814 339,1815 377,1815 415,1815 452,1815 490,1815 528,1817 566,1817 603,1817 641,1817 679,1817 717,1817 754,1817 792,1817 830,1817 868,1818 905,1818 943,1818 981,1818 1019,1818"/>
                <TextEquiv>
                    <Unicode>hac theorica vtor ego: quod in materia ancipiti consci</Unicode>
                </TextEquiv>
            </TextLine>
            <TextLine id="r1l35" custom="readingOrder {index:33;}">
                <Coords points="267,1865 969,1876 1013,1867 1014,1828 268,1832"/>
                <Baseline points="272,1859 308,1859 345,1859 382,1859 419,1859 456,1859 492,1859 529,1860 566,1860 603,1860 640,1860 676,1860 713,1860 750,1862 787,1862 824,1862 860,1862 897,1863 934,1863 971,1863 1008,1863"/>
                <TextEquiv>
                    <Unicode>entiae plus credam doctoribus mortuis bonae conscientie</Unicode>
                </TextEquiv>
            </TextLine>
            <TextLine id="r1l36" custom="readingOrder {index:34;}">
                <Coords points="265,1905 970,1927 1012,1912 1013,1867 964,1885 265,1866"/>
                <Baseline points="270,1902 306,1902 343,1902 380,1902 417,1904 454,1904 491,1904 528,1904 565,1905 602,1905 639,1905 675,1907 712,1907 749,1907 786,1907 823,1908 860,1908 897,1908 934,1908 971,1908 1008,1907"/>
                <TextEquiv>
                    <Unicode>quae viuis: nisi viuorum rationes, mortuorum exuperen</Unicode>
                </TextEquiv>
            </TextLine>
            <TextLine id="r1l37" custom="readingOrder {index:35;}">
                <Coords points="265,1955 1019,1959 1008,1912 368,1924 265,1904"/>
                <Baseline points="270,1947 307,1948 344,1949 381,1949 418,1949 456,1949 493,1950 530,1950 567,1950 604,1950 642,1950 679,1952 716,1952 753,1952 790,1952 828,1952 865,1953 902,1953 939,1953 976,1953 1014,1953"/>
                <TextEquiv>
                    <Unicode>Braeterea num quam tot dicti viri in vnum convenissent nisi</Unicode>
                </TextEquiv>
            </TextLine>
            <TextLine id="r1l38" custom="readingOrder {index:36;}">
                <Coords points="256,1997 1018,2003 1018,1974 973,1957 256,1963"/>
                <Baseline points="261,1991 298,1992 336,1993 373,1994 411,1994 449,1994 486,1994 524,1995 561,1995 599,1995 637,1995 674,1995 712,1995 749,1995 787,1995 825,1995 862,1995 900,1997 937,1997 975,1998 1013,1998"/>
                <TextEquiv>
                    <Unicode>fuisset apparetissime verum. nam fundamentum habe-</Unicode>
                </TextEquiv>
            </TextLine>
            <TextLine id="r1l39" custom="readingOrder {index:37;}">
                <Coords points="264,2054 1024,2047 1024,2019 987,2003 264,1997"/>
                <Baseline points="269,2037 306,2039 344,2039 381,2039 419,2039 456,2039 494,2040 531,2040 569,2040 606,2040 644,2040 681,2039 719,2039 756,2039 794,2039 831,2039 869,2039 906,2040 944,2040 981,2040 1019,2040"/>
                <TextEquiv>
                    <Unicode>bant ex sanctorum scriptis &amp; pontificum determinatio-</Unicode>
                </TextEquiv>
            </TextLine>
            <TextLine id="r1l40" custom="readingOrder {index:38;}">
                <Coords points="255,2092 471,2101 561,2079 970,2107 1025,2103 1026,2052 256,2056"/>
                <Baseline points="260,2082 298,2082 336,2082 374,2082 412,2082 450,2082 488,2082 526,2083 564,2084 602,2084 640,2084 678,2084 716,2084 754,2084 792,2085 830,2085 868,2085 906,2085 944,2087 982,2087 1020,2087"/>
                <TextEquiv>
                    <Unicode>nibus. &amp; vt opinor viuentium paucissimi bonae fa</Unicode>
                </TextEquiv>
            </TextLine>
            <TextLine id="r1l41" custom="readingOrder {index:39;}">
                <Coords points="267,2134 1018,2140 1018,2106 927,2093 267,2100"/>
                <Baseline points="272,2127 309,2126 346,2126 383,2126 420,2126 457,2127 494,2127 531,2127 568,2127 605,2127 642,2129 679,2129 716,2129 753,2129 790,2130 827,2130 864,2130 901,2130 938,2130 975,2130 1013,2130"/>
                <TextEquiv>
                    <Unicode>mae tenebunt a nobis diuersum. ⁋ Omnibus his praesuppo</Unicode>
                </TextEquiv>
            </TextLine>
            <TextLine id="r1l42" custom="readingOrder {index:40;}">
                <Coords points="258,2189 1016,2188 1016,2138 258,2136"/>
                <Baseline points="263,2172 300,2172 337,2171 375,2171 412,2171 450,2171 487,2171 524,2172 562,2172 599,2172 637,2172 674,2172 711,2174 749,2174 786,2174 824,2174 861,2175 898,2175 936,2176 973,2177 1011,2177"/>
                <TextEquiv>
                    <Unicode>sitis postremo sic argumentor. Qui exponit se peri</Unicode>
                </TextEquiv>
            </TextLine>
            <TextLine id="r1l43" custom="readingOrder {index:41;}">
                <Coords points="265,2222 1022,2232 1022,2188 978,2181 265,2188"/>
                <Baseline points="270,2216 307,2216 344,2214 382,2214 419,2214 456,2214 494,2214 531,2216 568,2216 606,2216 643,2216 680,2217 718,2217 755,2217 792,2217 830,2219 867,2219 904,2219 942,2220 979,2220 1017,2220"/>
                <TextEquiv>
                    <Unicode>culo confundenti peccati non restituendo prodige expensa</Unicode>
                </TextEquiv>
            </TextLine>
            <TextLine id="r1l44" custom="readingOrder {index:42;}">
                <Coords points="267,2277 487,2261 568,2283 862,2266 888,2285 1018,2276 1019,2232 268,2230"/>
                <Baseline points="273,2259 310,2259 347,2259 384,2259 421,2259 458,2261 495,2261 532,2261 569,2261 606,2261 643,2262 680,2262 717,2262 754,2262 791,2262 828,2262 865,2262 902,2264 939,2264 976,2263 1014,2262"/>
                <TextEquiv>
                    <Unicode>peccat. sed sic est in proposito. quod sit periculum confun</Unicode>
                </TextEquiv>
            </TextLine>
            <TextLine id="r1l45" custom="readingOrder {index:43;}">
                <Coords points="255,2308 857,2309 907,2332 1018,2311 1019,2276 415,2265 256,2286"/>
                <Baseline points="260,2304 297,2304 335,2304 372,2304 410,2304 448,2304 485,2304 523,2306 561,2306 598,2306 636,2306 674,2306 711,2307 749,2307 787,2307 824,2307 862,2307 900,2307 937,2307 975,2307 1013,2307"/>
                <TextEquiv>
                    <Unicode>dens &amp; obtuens, patet ex secunda quaestione prologi. For-</Unicode>
                </TextEquiv>
            </TextLine>
            <TextLine id="r1l46" custom="readingOrder {index:44;}">
                <Coords points="252,2364 969,2366 1025,2358 1026,2309 910,2330 854,2311 253,2324"/>
                <Baseline points="257,2351 295,2349 333,2349 371,2348 409,2348 447,2348 485,2348 524,2348 562,2348 600,2349 638,2349 676,2349 714,2351 752,2351 791,2351 829,2351 867,2352 905,2352 943,2352 981,2351 1020,2351"/>
                <TextEquiv>
                    <Unicode>te dicis. istud concludit contra me, viam mediam</Unicode>
                </TextEquiv>
            </TextLine>
            <TextLine id="r1l47" custom="readingOrder {index:45;}">
                <Coords points="255,2403 989,2414 1019,2404 1019,2360 255,2365"/>
                <Baseline points="260,2394 297,2394 335,2393 373,2393 410,2393 448,2393 486,2394 523,2394 561,2394 599,2394 637,2394 674,2396 712,2396 750,2396 787,2396 825,2397 863,2397 900,2397 938,2397 976,2396 1014,2396"/>
                <TextEquiv>
                    <Unicode>contra communem opinionem doctorum tenentem. Respondeo quando</Unicode>
                </TextEquiv>
            </TextLine>
            <TextLine id="r1l48" custom="readingOrder {index:46;}">
                <Coords points="264,2454 1010,2448 1010,2414 966,2402 264,2401"/>
                <Baseline points="269,2439 305,2439 342,2438 379,2438 416,2438 453,2438 489,2438 526,2439 563,2439 600,2439 637,2439 673,2441 710,2441 747,2441 784,2441 821,2441 857,2441 894,2441 931,2441 968,2441 1005,2441"/>
                <TextEquiv>
                    <Unicode>quaestio sic esset particulatim proposita vt iam proposui-</Unicode>
                </TextEquiv>
            </TextLine>
            <TextLine id="r1l49" custom="readingOrder {index:47;}">
                <Coords points="252,2496 798,2504 1010,2483 1010,2455 935,2441 674,2465 623,2443 252,2455"/>
                <Baseline points="257,2483 294,2483 331,2483 369,2483 406,2484 444,2484 481,2484 518,2484 556,2484 593,2484 631,2483 668,2483 705,2483 743,2483 780,2483 818,2483 855,2484 892,2484 930,2484 967,2484 1005,2486"/>
                <TextEquiv>
                    <Unicode>mus: omnes doctores vel salte maior pars (nisi fallor-</Unicode>
                </TextEquiv>
            </TextLine>
            <TextLine id="r1l50" custom="readingOrder {index:48;}">
                <Coords points="262,2534 984,2548 1010,2541 1010,2483 865,2504 262,2499"/>
                <Baseline points="267,2528 303,2528 340,2527 377,2526 414,2526 451,2526 488,2526 525,2528 562,2528 599,2528 636,2528 672,2528 709,2528 746,2529 783,2529 820,2529 857,2529 894,2530 931,2531 968,2531 1005,2531"/>
                <TextEquiv>
                    <Unicode>convenissent in hanc sententiam quam insequor. Sunt enim</Unicode>
                </TextEquiv>
            </TextLine>
            <TextLine id="r1l51" custom="readingOrder {index:49;}">
                <Coords points="255,2577 489,2595 559,2575 639,2594 673,2576 1004,2581 1004,2547 916,2536 255,2536"/>
                <Baseline points="260,2571 298,2571 337,2571 376,2571 415,2571 454,2571 493,2571 532,2571 571,2573 610,2573 648,2573 687,2573 726,2574 765,2574 804,2574 843,2574 882,2574 921,2574 960,2574 999,2573"/>
                <TextEquiv>
                    <Unicode>rationes multum apparentes pro ea: &amp; sanctus Thomas</Unicode>
                </TextEquiv>
            </TextLine>
            <TextLine id="r1l52" custom="readingOrder {index:50;}">
                <Coords points="252,2627 1012,2623 1012,2588 967,2578 758,2595 558,2575 490,2595 252,2576"/>
                <Baseline points="257,2618 294,2616 332,2616 369,2616 407,2616 444,2616 482,2616 519,2616 557,2616 594,2616 632,2616 669,2618 707,2618 744,2618 782,2618 819,2618 857,2618 894,2619 932,2619 969,2618 1007,2618"/>
                <TextEquiv>
                    <Unicode>saltem istud tenet. Omnes quoque in alio extremo sistentes</Unicode>
                </TextEquiv>
            </TextLine>
            <TextLine id="r1l53" custom="readingOrder {index:51;}">
                <Coords points="253,2678 1008,2678 1016,2631 253,2632"/>
                <Baseline points="258,2660 295,2660 333,2660 370,2660 408,2660 446,2660 483,2660 521,2660 559,2660 596,2660 634,2660 672,2661 709,2661 747,2661 785,2661 822,2663 860,2663 898,2663 935,2664 973,2664 1011,2664"/>
                <TextEquiv>
                    <Unicode>concederent istud sufficere. ergo istud est rationabile. Sed</Unicode>
                </TextEquiv>
            </TextLine>
            <TextLine id="r1l54" custom="readingOrder {index:52;}">
                <Coords points="255,2715 992,2716 1004,2671 255,2675"/>
                <Baseline points="260,2706 298,2705 337,2705 376,2705 415,2705 454,2705 493,2705 532,2705 571,2705 610,2706 648,2706 687,2706 726,2706 765,2708 804,2708 843,2708 882,2708 921,2708 960,2708 999,2708"/>
                <TextEquiv>
                    <Unicode>quia sermones vniuersales parum prosunt in via</Unicode>
                </TextEquiv>
            </TextLine>
            <TextLine id="r1l55" custom="readingOrder {index:53;}">
                <Coords points="252,2761 572,2751 792,2788 1022,2782 1023,2721 960,2709 253,2718"/>
                <Baseline points="257,2748 295,2748 333,2748 371,2748 409,2748 447,2748 485,2749 523,2750 561,2750 599,2751 637,2751 675,2753 713,2753 751,2754 789,2754 827,2754 865,2756 903,2756 941,2756 979,2756 1017,2754"/>
                <TextEquiv>
                    <Unicode>morum: minutatim adhuc paululum prosequar</Unicode>
                </TextEquiv>
            </TextLine>
            <TextLine id="r1l56" custom="readingOrder {index:54;}">
                <Coords points="246,2809 309,2828 365,2809 435,2827 462,2816 557,2833 618,2825 619,2756 571,2770 509,2769 463,2752 417,2770 361,2758 246,2761"/>
                <Baseline points="251,2798 276,2797 302,2796 328,2796 354,2796 380,2796 406,2796 432,2797 458,2798 484,2798 510,2799 536,2799 562,2799 588,2798 614,2796"/>
                <TextEquiv>
                    <Unicode>materiam de statu viri.</Unicode>
                </TextEquiv>
            </TextLine>
            <TextEquiv>
                <Unicode>sent omnia qua habent in beneficio expendere: eorum vita
non confunderetur. ergo prima via est melior ea quam
teneo. Respondetur argumentum refellendo. nam primo, si-
milis difficultas potest fieri de abbatibus &amp; prioribus
religionum, &amp; principum eleemosvynariis pecuniam ha
bentibus distribuendam secundum suam discretionem. Se
rundo, argumentum non est minus contra aduersarios
nam omnes vno ore concedunt quod beneficiatus fru
ctus beneficii prodige expendens praetermissis pau
peribus peccat: quo admisso quaeritur ab aliis quam
tum possit a. praelatus vel b. expendere quotannis cum
sana conscientia. Oportet enim hoc intelligat per se
vel prudentes: quo intellecto datur sufficiens re-
sponsio. ⁋ Hactenus de restitutione prodige expe
sorum quae homo tenetur restituere si expendat vltra
praemium laborum suorum. Et fortasse viri quos citaui-
mus tenerent illud strictius quam ego teneam: sed no
ausim damnare cum qui insequitur sententiam quam teneo
quia opinor hoc sufficere ad salutem cu sale po-
nendo, de statu viri. Addo quod theologorum mortud
rum neminem inueni qui diceret categorice praelatos ec
clesiae non obligatos restituere prodige expensa
nam sanctus Thomas est huius sententiae quan
sequor. alii autem sunt huius opinionis, vel multo
rigidiores: sed articulatim non distinxerunt. Can
cellarius Gerson fiuctuabat quid diceret. sic Ga-
briel. quaest. viii. in. xv. dist. huius: licet partem aequio
rem &amp; sanctis conformiorem putauerit sententiam
Alexandri Halensis &amp; sequentium. Raemundus
Hostiensis, loannes Andreas, Panor. &amp; Bernar-
dus commentator communis, apprime eruditus: viri
omnes percelebres dextras theologis dederunt. modo
hac theorica vtor ego: quod in materia ancipiti consci
entiae plus credam doctoribus mortuis bonae conscientie
quae viuis: nisi viuorum rationes, mortuorum exuperen
Braeterea num quam tot dicti viri in vnum convenissent nisi
fuisset apparetissime verum. nam fundamentum habe-
bant ex sanctorum scriptis &amp; pontificum determinatio-
nibus. &amp; vt opinor viuentium paucissimi bonae fa
mae tenebunt a nobis diuersum. ⁋ Omnibus his praesuppo
sitis postremo sic argumentor. Qui exponit se peri
culo confundenti peccati non restituendo prodige expensa
peccat. sed sic est in proposito. quod sit periculum confun
dens &amp; obtuens, patet ex secunda quaestione prologi. For-
te dicis. istud concludit contra me, viam mediam
contra communem opinionem doctorum tenentem. Respondeo quando
quaestio sic esset particulatim proposita vt iam proposui-
mus: omnes doctores vel salte maior pars (nisi fallor-
convenissent in hanc sententiam quam insequor. Sunt enim
rationes multum apparentes pro ea: &amp; sanctus Thomas
saltem istud tenet. Omnes quoque in alio extremo sistentes
concederent istud sufficere. ergo istud est rationabile. Sed
quia sermones vniuersales parum prosunt in via
morum: minutatim adhuc paululum prosequar
materiam de statu viri.</Unicode>
            </TextEquiv>
        </TextRegion>
        <TextRegion orientation="0.0" id="r2" custom="readingOrder {index:1;}">
            <Coords points="1092,308 1092,2810 1877,2810 1877,308"/>
            <TextLine id="r2l2" custom="readingOrder {index:0;}">
                <Coords points="1108,430 1530,434 1560,456 1695,434 1739,455 1873,445 1874,385 1108,369"/>
                <Baseline points="1113,425 1150,422 1188,420 1226,419 1264,417 1302,417 1339,417 1377,417 1415,419 1453,420 1491,420 1528,422 1566,423 1604,425 1642,426 1680,426 1717,428 1755,428 1793,429 1831,428 1869,428"/>
                <TextEquiv>
                    <Unicode>⁋ Distinctionis Vigesimae quartae</Unicode>
                </TextEquiv>
            </TextLine>
            <TextLine id="r2l3" custom="readingOrder {index:1;}">
                <Coords points="1251,556 1386,566 1420,534 1494,530 1787,549 1799,489 1700,484 1641,502 1473,471 1441,491 1252,479"/>
                <Baseline points="1256,530 1282,528 1309,528 1336,528 1363,528 1390,528 1417,528 1443,528 1470,530 1497,530 1524,530 1551,530 1578,531 1605,531 1631,533 1658,533 1685,534 1712,534 1739,536 1766,536 1793,537"/>
                <TextEquiv>
                    <Unicode>Quaestio Decimaoctaua.</Unicode>
                </TextEquiv>
            </TextLine>
            <TextLine id="r2l4" custom="readingOrder {index:2;}">
                <Coords points="1381,656 1402,667 1444,652 1528,676 1774,664 1814,690 1860,674 1862,618 1767,611 1701,628 1641,611 1596,628 1458,605 1428,624 1382,622"/>
                <Baseline points="1386,651 1412,653 1438,653 1464,654 1490,655 1516,656 1542,657 1568,657 1594,659 1621,659 1647,660 1673,661 1699,662 1725,662 1751,663 1777,663 1803,663 1829,663 1856,663"/>
                <TextEquiv>
                    <Unicode>terxEcimooctauo igitur</Unicode>
                </TextEquiv>
            </TextLine>
            <TextLine id="r2l5" custom="readingOrder {index:3;}">
                <Coords points="1386,702 1429,726 1563,709 1820,727 1867,720 1868,671 1811,691 1755,666 1719,680 1631,666 1567,684 1444,652 1386,662"/>
                <Baseline points="1391,702 1417,703 1443,704 1469,705 1495,706 1521,707 1548,707 1574,708 1600,708 1626,709 1652,710 1678,710 1705,710 1731,711 1757,711 1783,711 1809,713 1835,713 1862,714"/>
                <TextEquiv>
                    <Unicode>c Aiaquaero quomodo cognoscat sta</Unicode>
                </TextEquiv>
            </TextLine>
            <TextLine id="line_1592163979116_1080" custom="readingOrder {index:4;}">
                <Coords points="1443,751 1561,764 1722,758 1742,770 1771,759 1867,764 1874,729 1742,718 1717,730 1562,709 1490,726 1444,716"/>
                <Baseline points="1448,747 1455,748 1481,749 1507,750 1532,750 1558,751 1584,752 1610,752 1636,753 1661,753 1687,753 1713,753 1739,755 1764,755 1790,755 1816,755 1842,756 1868,756"/>
                <TextEquiv>
                    <Unicode>ltus &amp; sufficientia viri. nam</Unicode>
                </TextEquiv>
            </TextLine>
            <TextLine id="r2l7" custom="readingOrder {index:5;}">
                <Coords points="1455,799 1596,798 1657,819 1706,803 1824,812 1876,804 1877,766 1574,757 1545,772 1520,758 1456,759"/>
                <Baseline points="1460,792 1485,794 1511,795 1537,795 1562,797 1588,797 1614,797 1639,798 1665,798 1691,798 1716,799 1742,800 1768,800 1793,800 1819,800 1845,801 1871,801"/>
                <TextEquiv>
                    <Unicode>si hoc non deprehendatur: nescit</Unicode>
                </TextEquiv>
            </TextLine>
            <TextLine id="line_1592163971552_1071" custom="readingOrder {index:6;}">
                <Coords points="1443,854 1567,846 1646,862 1680,846 1858,859 1870,856 1871,807 1589,816 1570,802 1472,807 1444,789"/>
                <Baseline points="1449,832 1459,834 1485,837 1510,838 1535,840 1561,842 1586,843 1611,843 1637,843 1662,843 1687,843 1713,842 1738,842 1763,842 1789,842 1814,843 1839,843 1865,846"/>
                <TextEquiv>
                    <Unicode>uahomo quantum possit sana con-</Unicode>
                </TextEquiv>
            </TextLine>
            <TextLine id="r2l9" custom="readingOrder {index:7;}">
                <Coords points="1437,896 1528,887 1607,905 1622,892 1698,903 1737,892 1803,907 1881,898 1882,864 1835,849 1680,846 1646,862 1589,850 1558,861 1538,847 1491,858 1479,845 1438,861"/>
                <Baseline points="1443,881 1468,882 1494,882 1519,884 1545,884 1570,885 1596,885 1621,886 1647,887 1672,887 1698,887 1723,888 1749,888 1774,888 1800,888 1825,888 1851,888 1877,888"/>
                <TextEquiv>
                    <Unicode>iscientia expendere: &amp; quando te-</Unicode>
                </TextEquiv>
            </TextLine>
            <TextLine id="line_1592163953385_1054" custom="readingOrder {index:8;}">
                <Coords points="1440,947 1481,931 1700,937 1717,952 1738,938 1781,949 1873,936 1873,896 1859,894 1815,910 1754,892 1692,906 1667,893 1607,904 1528,887 1442,890"/>
                <Baseline points="1446,920 1452,921 1480,924 1507,927 1535,928 1563,929 1591,930 1618,930 1646,932 1674,932 1701,932 1729,932 1757,932 1784,932 1812,932 1840,933 1868,933"/>
                <TextEquiv>
                    <Unicode>nebitur restituere prodige ex-</Unicode>
                </TextEquiv>
            </TextLine>
            <TextLine id="line_1592163961007_1062" custom="readingOrder {index:9;}">
                <Coords points="1444,987 1542,977 1582,995 1623,976 1653,991 1679,978 1788,996 1822,982 1882,986 1883,939 1639,949 1609,934 1503,940 1445,922"/>
                <Baseline points="1449,966 1468,968 1497,971 1526,971 1555,972 1585,974 1614,974 1643,975 1672,975 1701,975 1731,976 1760,977 1789,977 1818,977 1847,977 1877,978"/>
                <TextEquiv>
                    <Unicode>pensum: quando vero non. ⁋ Re-</Unicode>
                </TextEquiv>
            </TextLine>
            <TextLine id="r2l12" custom="readingOrder {index:10;}">
                <Coords points="1109,1038 1248,1016 1867,1030 1868,981 1111,974"/>
                <Baseline points="1115,1011 1152,1010 1189,1010 1227,1011 1264,1011 1301,1011 1339,1013 1376,1013 1413,1014 1451,1014 1488,1016 1525,1016 1563,1017 1600,1017 1637,1019 1675,1020 1712,1021 1749,1022 1787,1022 1824,1023 1862,1023"/>
                <TextEquiv>
                    <Unicode>spondetur. licet episcoporum oeconomi, &amp; viri qui ver</Unicode>
                </TextEquiv>
            </TextLine>
            <TextLine id="r2l13" custom="readingOrder {index:11;}">
                <Coords points="1108,1062 1858,1074 1842,1029 1108,1022"/>
                <Baseline points="1113,1055 1150,1055 1187,1056 1224,1056 1261,1056 1298,1056 1335,1058 1372,1058 1409,1059 1446,1059 1483,1059 1520,1061 1557,1061 1594,1062 1631,1062 1668,1063 1705,1064 1742,1064 1779,1065 1816,1065 1853,1065"/>
                <TextEquiv>
                    <Unicode>sati sunt circa res emendas / possint fortassis melius</Unicode>
                </TextEquiv>
            </TextLine>
            <TextLine id="r2l14" custom="readingOrder {index:12;}">
                <Coords points="1104,1114 1819,1123 1870,1114 1871,1076 1105,1065"/>
                <Baseline points="1110,1100 1147,1100 1185,1100 1223,1100 1261,1101 1299,1101 1336,1101 1374,1103 1412,1103 1450,1104 1488,1106 1525,1106 1563,1107 1601,1107 1639,1109 1677,1109 1714,1109 1752,1110 1790,1110 1828,1110 1866,1109"/>
                <TextEquiv>
                    <Unicode>quam ego iudicare in hac materia: Dicere tamen ali-</Unicode>
                </TextEquiv>
            </TextLine>
            <TextLine id="r2l15" custom="readingOrder {index:13;}">
                <Coords points="1116,1164 1870,1161 1870,1132 1835,1118 1116,1117"/>
                <Baseline points="1121,1145 1158,1145 1195,1146 1232,1146 1269,1147 1307,1148 1344,1148 1381,1149 1418,1149 1455,1150 1493,1151 1530,1151 1567,1152 1604,1152 1641,1153 1679,1154 1716,1154 1753,1154 1790,1155 1827,1155 1865,1155"/>
                <TextEquiv>
                    <Unicode>quid super hoc / non indignum duxi secundum ingenio-</Unicode>
                </TextEquiv>
            </TextLine>
            <TextLine id="r2l16" custom="readingOrder {index:14;}">
                <Coords points="1101,1193 1402,1194 1433,1216 1861,1205 1861,1169 1813,1160 1101,1151"/>
                <Baseline points="1106,1188 1143,1190 1181,1190 1218,1190 1256,1190 1293,1191 1331,1191 1368,1193 1406,1193 1443,1194 1481,1194 1518,1196 1556,1197 1593,1197 1631,1197 1668,1199 1706,1199 1743,1199 1781,1199 1818,1199 1856,1199"/>
                <TextEquiv>
                    <Unicode>li mei paruitatem: ab episcopis exordiendo: non lo-</Unicode>
                </TextEquiv>
            </TextLine>
            <TextLine id="r2l17" custom="readingOrder {index:15;}">
                <Coords points="1116,1257 1282,1236 1827,1260 1867,1249 1868,1208 1117,1198"/>
                <Baseline points="1121,1233 1158,1233 1195,1233 1232,1235 1269,1235 1306,1236 1343,1236 1380,1237 1417,1238 1454,1239 1491,1239 1528,1241 1565,1241 1602,1242 1639,1242 1676,1242 1713,1244 1750,1244 1787,1244 1824,1244 1862,1242"/>
                <TextEquiv>
                    <Unicode>quendo de ditissimo episcopo: nec pauperrimo:</Unicode>
                </TextEquiv>
            </TextLine>
            <TextLine id="r2l18" custom="readingOrder {index:16;}">
                <Coords points="1097,1287 1844,1300 1868,1296 1869,1257 1098,1237"/>
                <Baseline points="1103,1278 1141,1278 1179,1278 1217,1278 1255,1280 1293,1280 1331,1281 1369,1281 1407,1281 1445,1283 1483,1283 1521,1284 1559,1284 1597,1286 1635,1286 1673,1286 1711,1287 1749,1287 1787,1287 1825,1287 1863,1286"/>
                <TextEquiv>
                    <Unicode>sed de mediocri: quia difformitas ad vniformi-</Unicode>
                </TextEquiv>
            </TextLine>
            <TextLine id="r2l19" custom="readingOrder {index:17;}">
                <Coords points="1104,1334 1805,1351 1872,1348 1873,1304 1104,1287"/>
                <Baseline points="1109,1323 1148,1323 1188,1323 1228,1324 1268,1325 1308,1325 1348,1326 1388,1326 1428,1328 1468,1328 1508,1329 1548,1329 1588,1329 1628,1331 1668,1331 1708,1331 1748,1331 1788,1332 1828,1332 1868,1332"/>
                <TextEquiv>
                    <Unicode>tatem reducenda est, &amp; per illam mensuranda. sicque di-</Unicode>
                </TextEquiv>
            </TextLine>
            <TextLine id="r2l20" custom="readingOrder {index:18;}">
                <Coords points="1092,1374 1745,1392 1864,1385 1865,1344 1093,1328"/>
                <Baseline points="1097,1365 1135,1367 1173,1368 1211,1368 1249,1370 1287,1370 1325,1371 1363,1371 1401,1371 1439,1373 1478,1373 1516,1373 1554,1374 1592,1374 1630,1374 1668,1374 1706,1376 1744,1376 1782,1376 1820,1377 1859,1377"/>
                <TextEquiv>
                    <Unicode>tissimus vel patuperrimus obtutum figere potest circa</Unicode>
                </TextEquiv>
            </TextLine>
            <TextLine id="r2l21" custom="readingOrder {index:19;}">
                <Coords points="1105,1419 1877,1428 1877,1386 1845,1382 1105,1375"/>
                <Baseline points="1110,1412 1148,1412 1186,1412 1224,1413 1262,1413 1300,1413 1338,1414 1376,1415 1414,1415 1452,1416 1491,1417 1529,1418 1567,1418 1605,1419 1643,1419 1681,1421 1719,1421 1757,1421 1795,1422 1833,1422 1872,1422"/>
                <TextEquiv>
                    <Unicode>illa quae dicimus de mediocri: &amp; secundum hoc</Unicode>
                </TextEquiv>
            </TextLine>
            <TextLine id="r2l22" custom="readingOrder {index:20;}">
                <Coords points="1093,1461 1862,1475 1862,1431 1842,1428 1093,1418"/>
                <Baseline points="1098,1457 1137,1457 1177,1457 1217,1457 1257,1458 1297,1458 1337,1459 1377,1460 1417,1461 1457,1461 1497,1462 1537,1463 1577,1464 1617,1464 1657,1465 1697,1466 1737,1466 1777,1466 1817,1466 1857,1466"/>
                <TextEquiv>
                    <Unicode>se nroderari. Non loquar de portione pecuniaria</Unicode>
                </TextEquiv>
            </TextLine>
            <TextLine id="r2l23" custom="readingOrder {index:21;}">
                <Coords points="1099,1517 1868,1526 1869,1473 1100,1464"/>
                <Baseline points="1104,1500 1143,1502 1183,1502 1223,1503 1263,1503 1303,1503 1343,1504 1383,1505 1423,1505 1463,1506 1503,1506 1543,1506 1583,1508 1623,1508 1663,1508 1703,1509 1743,1511 1783,1511 1823,1512 1863,1514"/>
                <TextEquiv>
                    <Unicode>quia illa est variabilis non modo in variis locis,</Unicode>
                </TextEquiv>
            </TextLine>
            <TextLine id="r2l24" custom="readingOrder {index:22;}">
                <Coords points="1101,1552 1868,1567 1868,1525 1101,1510"/>
                <Baseline points="1106,1548 1143,1548 1181,1547 1219,1547 1257,1547 1295,1547 1333,1548 1370,1548 1408,1548 1446,1549 1484,1550 1522,1550 1560,1551 1598,1551 1635,1553 1673,1553 1711,1554 1749,1554 1787,1554 1825,1554 1863,1554"/>
                <TextEquiv>
                    <Unicode>sed etiam in eodem loco successu temporis. nam</Unicode>
                </TextEquiv>
            </TextLine>
            <TextLine id="r2l25" custom="readingOrder {index:23;}">
                <Coords points="1103,1603 1785,1600 1820,1618 1864,1609 1865,1564 1104,1553"/>
                <Baseline points="1109,1590 1146,1592 1184,1592 1221,1592 1259,1592 1296,1593 1334,1593 1371,1593 1409,1593 1446,1595 1484,1595 1521,1595 1559,1596 1596,1596 1634,1598 1671,1598 1709,1598 1746,1599 1784,1599 1821,1599 1859,1599"/>
                <TextEquiv>
                    <Unicode>capus qui vaenit duobus denariis Scoticis: hoc est par</Unicode>
                </TextEquiv>
            </TextLine>
            <TextLine id="r2l26" custom="readingOrder {index:24;}">
                <Coords points="1095,1645 1876,1650 1876,1615 1792,1604 1095,1599"/>
                <Baseline points="1100,1634 1138,1635 1177,1635 1215,1637 1254,1637 1292,1637 1331,1638 1369,1638 1408,1639 1446,1640 1485,1640 1524,1640 1562,1641 1601,1641 1639,1641 1678,1641 1716,1643 1755,1643 1793,1643 1832,1643 1871,1643"/>
                <TextEquiv>
                    <Unicode>uo albo in dioecesi Rossensi, Parisiis vel Edinbur</Unicode>
                </TextEquiv>
            </TextLine>
            <TextLine id="r2l27" custom="readingOrder {index:25;}">
                <Coords points="1102,1697 1864,1694 1852,1648 1102,1647"/>
                <Baseline points="1107,1682 1144,1682 1182,1682 1219,1682 1257,1682 1295,1682 1332,1683 1370,1683 1407,1683 1445,1683 1483,1685 1520,1685 1558,1686 1595,1686 1633,1686 1671,1686 1708,1688 1746,1688 1783,1688 1821,1689 1859,1689"/>
                <TextEquiv>
                    <Unicode>gi venditur sex paruis albis. Precium enim variatur in eis</Unicode>
                </TextEquiv>
            </TextLine>
            <TextLine id="r2l28" custom="readingOrder {index:26;}">
                <Coords points="1093,1723 1868,1743 1868,1701 1842,1693 1093,1699"/>
                <Baseline points="1098,1725 1136,1725 1174,1725 1212,1725 1251,1725 1289,1727 1327,1727 1365,1727 1404,1728 1442,1728 1480,1728 1518,1730 1557,1730 1595,1730 1633,1731 1671,1731 1710,1731 1748,1731 1786,1731 1824,1731 1863,1730"/>
                <TextEquiv>
                    <Unicode>dem locis vt quilibet nouit. In primis de famulis</Unicode>
                </TextEquiv>
            </TextLine>
            <TextLine id="r2l29" custom="readingOrder {index:27;}">
                <Coords points="1095,1773 1688,1796 1862,1786 1863,1742 1252,1749 1096,1726"/>
                <Baseline points="1100,1769 1137,1769 1175,1770 1213,1770 1251,1772 1289,1772 1327,1772 1364,1773 1402,1773 1440,1773 1478,1773 1516,1775 1554,1775 1592,1775 1629,1775 1667,1775 1705,1776 1743,1776 1781,1776 1819,1777 1857,1778"/>
                <TextEquiv>
                    <Unicode>nutriendis, opinor quod duodecim vel quaetuordecim</Unicode>
                </TextEquiv>
            </TextLine>
            <TextLine id="r2l30" custom="readingOrder {index:28;}">
                <Coords points="1099,1821 1844,1838 1868,1837 1869,1802 1839,1783 1100,1775"/>
                <Baseline points="1104,1814 1143,1814 1183,1815 1223,1815 1263,1816 1303,1817 1343,1817 1383,1817 1423,1817 1463,1818 1503,1818 1543,1818 1583,1818 1623,1820 1663,1820 1703,1821 1743,1821 1783,1823 1823,1823 1863,1826"/>
                <TextEquiv>
                    <Unicode>famuli episcopo sufficiunt: et si pauciores essent,</Unicode>
                </TextEquiv>
            </TextLine>
            <TextLine id="r2l31" custom="readingOrder {index:29;}">
                <Coords points="1107,1863 1859,1874 1859,1840 1752,1822 1636,1841 1107,1821"/>
                <Baseline points="1112,1859 1149,1859 1186,1859 1223,1860 1260,1860 1297,1860 1334,1861 1371,1862 1408,1862 1445,1862 1483,1863 1520,1863 1557,1863 1594,1863 1631,1865 1668,1865 1705,1865 1742,1866 1779,1866 1816,1866 1854,1868"/>
                <TextEquiv>
                    <Unicode>praestaret: quia certe gloria ecclesiae non pendet ex</Unicode>
                </TextEquiv>
            </TextLine>
            <TextLine id="r2l32" custom="readingOrder {index:30;}">
                <Coords points="1096,1910 1859,1916 1859,1875 1816,1869 1096,1876"/>
                <Baseline points="1101,1901 1138,1902 1176,1902 1213,1904 1251,1904 1289,1904 1326,1905 1364,1905 1402,1907 1439,1907 1477,1907 1515,1908 1552,1908 1590,1908 1628,1910 1665,1910 1703,1910 1741,1910 1778,1910 1816,1910 1854,1910"/>
                <TextEquiv>
                    <Unicode>multitudine clientum: &amp; si episcopus in suo loco</Unicode>
                </TextEquiv>
            </TextLine>
            <TextLine id="r2l33" custom="readingOrder {index:31;}">
                <Coords points="1092,1955 1700,1975 1861,1963 1862,1915 1093,1911"/>
                <Baseline points="1097,1947 1136,1947 1176,1947 1216,1949 1256,1949 1296,1949 1336,1950 1376,1950 1416,1950 1456,1952 1496,1952 1536,1952 1576,1953 1616,1953 1656,1953 1696,1955 1736,1955 1776,1955 1816,1956 1856,1956"/>
                <TextEquiv>
                    <Unicode>resideat, vt plurimum debet: opus est paucioribus</Unicode>
                </TextEquiv>
            </TextLine>
            <TextLine id="r2l34" custom="readingOrder {index:32;}">
                <Coords points="1098,2000 1870,2012 1870,1974 1801,1959 1098,1956"/>
                <Baseline points="1103,1992 1141,1992 1179,1992 1217,1994 1255,1994 1293,1994 1331,1995 1369,1995 1407,1995 1445,1995 1484,1995 1522,1997 1560,1997 1598,1997 1636,1997 1674,1998 1712,1998 1750,1998 1788,2000 1826,2000 1865,2001"/>
                <TextEquiv>
                    <Unicode>impensis in equis: &amp; fortasse in numero equorum.</Unicode>
                </TextEquiv>
            </TextLine>
            <TextLine id="r2l35" custom="readingOrder {index:33;}">
                <Coords points="1096,2045 1855,2051 1855,2011 1808,2007 1097,2001"/>
                <Baseline points="1101,2036 1138,2037 1175,2037 1213,2039 1250,2039 1288,2039 1325,2039 1363,2040 1400,2040 1438,2040 1475,2040 1512,2040 1550,2040 1587,2040 1625,2040 1662,2042 1700,2042 1737,2042 1775,2043 1812,2044 1850,2046"/>
                <TextEquiv>
                    <Unicode>Tunc dico quod sufficit hos omnes alere tam in vi</Unicode>
                </TextEquiv>
            </TextLine>
            <TextLine id="r2l36" custom="readingOrder {index:34;}">
                <Coords points="1102,2087 1834,2102 1859,2097 1860,2054 1103,2043"/>
                <Baseline points="1107,2081 1144,2082 1181,2082 1219,2083 1256,2084 1293,2084 1331,2084 1368,2084 1405,2085 1443,2085 1480,2085 1517,2085 1555,2086 1592,2087 1629,2087 1667,2087 1704,2088 1741,2088 1779,2088 1816,2090 1854,2090"/>
                <TextEquiv>
                    <Unicode>ctu quam in vestitu: tam in sanitate quam in aegritudine</Unicode>
                </TextEquiv>
            </TextLine>
            <TextLine id="r2l37" custom="readingOrder {index:35;}">
                <Coords points="1095,2132 1779,2151 1853,2143 1854,2098 1096,2086"/>
                <Baseline points="1100,2127 1137,2126 1174,2126 1212,2127 1249,2127 1287,2127 1324,2127 1361,2128 1399,2129 1436,2129 1474,2130 1511,2130 1548,2130 1586,2132 1623,2132 1661,2132 1698,2132 1735,2133 1773,2133 1810,2133 1848,2133"/>
                <TextEquiv>
                    <Unicode>sufficit inquam pro statu viri. Debet enim episco</Unicode>
                </TextEquiv>
            </TextLine>
            <TextLine id="r2l38" custom="readingOrder {index:36;}">
                <Coords points="1095,2187 1868,2192 1858,2138 1361,2152 1317,2130 1251,2148 1095,2132"/>
                <Baseline points="1100,2172 1138,2172 1176,2172 1214,2172 1252,2172 1290,2172 1328,2172 1367,2172 1405,2173 1443,2174 1481,2174 1519,2174 1557,2175 1595,2175 1634,2176 1672,2177 1710,2177 1748,2177 1786,2178 1824,2178 1863,2178"/>
                <TextEquiv>
                    <Unicode>pus suos sufficieter alere: nec eos deserere in aegri</Unicode>
                </TextEquiv>
            </TextLine>
            <TextLine id="r2l39" custom="readingOrder {index:37;}">
                <Coords points="1104,2223 1858,2224 1845,2185 1104,2186"/>
                <Baseline points="1109,2216 1146,2216 1183,2216 1220,2216 1257,2216 1295,2216 1332,2217 1369,2217 1406,2218 1443,2219 1481,2219 1518,2220 1555,2220 1592,2221 1629,2222 1667,2222 1704,2222 1741,2222 1778,2222 1815,2221 1853,2220"/>
                <TextEquiv>
                    <Unicode>tudinem. &amp; tandem ratione obsequii praestiti de-</Unicode>
                </TextEquiv>
            </TextLine>
            <TextLine id="r2l40" custom="readingOrder {index:38;}">
                <Coords points="1095,2267 1706,2287 1859,2269 1836,2228 1095,2224"/>
                <Baseline points="1100,2261 1137,2261 1175,2261 1213,2261 1250,2261 1288,2261 1326,2262 1363,2262 1401,2262 1439,2263 1477,2264 1514,2264 1552,2265 1590,2265 1627,2265 1665,2265 1703,2265 1740,2265 1778,2264 1816,2264 1854,2262"/>
                <TextEquiv>
                    <Unicode>bet eis mercedem condignam tribuere de patrimo-</Unicode>
                </TextEquiv>
            </TextLine>
            <TextLine id="r2l41" custom="readingOrder {index:39;}">
                <Coords points="1096,2309 1861,2315 1861,2275 1838,2268 1713,2287 1096,2267"/>
                <Baseline points="1101,2303 1138,2303 1176,2304 1214,2305 1252,2306 1289,2306 1327,2307 1365,2307 1403,2307 1440,2307 1478,2307 1516,2307 1554,2309 1591,2309 1629,2309 1667,2309 1705,2309 1742,2309 1780,2309 1818,2309 1856,2310"/>
                <TextEquiv>
                    <Unicode>nio etiam crucifixi: quia pro ipso laborarunt. &amp; pos-</Unicode>
                </TextEquiv>
            </TextLine>
            <TextLine id="r2l42" custom="readingOrder {index:40;}">
                <Coords points="1093,2356 1855,2373 1844,2314 1093,2310"/>
                <Baseline points="1098,2348 1135,2348 1173,2349 1210,2350 1248,2351 1286,2351 1323,2351 1361,2351 1398,2352 1436,2352 1474,2352 1511,2352 1549,2352 1586,2352 1624,2352 1662,2352 1699,2352 1737,2352 1774,2354 1812,2354 1850,2355"/>
                <TextEquiv>
                    <Unicode>sunt famuli esse consanguinei praelati. In hoc enim</Unicode>
                </TextEquiv>
            </TextLine>
            <TextLine id="r2l43" custom="readingOrder {index:41;}">
                <Coords points="1099,2404 1855,2402 1855,2373 1799,2358 1099,2356"/>
                <Baseline points="1104,2393 1141,2394 1178,2394 1215,2395 1253,2396 1290,2396 1327,2396 1365,2397 1402,2397 1439,2397 1477,2397 1514,2397 1551,2396 1588,2396 1626,2396 1663,2396 1700,2396 1738,2396 1775,2396 1812,2396 1850,2397"/>
                <TextEquiv>
                    <Unicode>non est scandalum: vt est dando beneficia consan-</Unicode>
                </TextEquiv>
            </TextLine>
            <TextLine id="r2l44" custom="readingOrder {index:42;}">
                <Coords points="1091,2456 1557,2440 1691,2464 1843,2451 1862,2405 1092,2403"/>
                <Baseline points="1097,2438 1135,2439 1173,2439 1211,2439 1249,2441 1287,2441 1325,2441 1363,2441 1401,2441 1439,2441 1477,2440 1515,2439 1553,2439 1591,2439 1629,2439 1667,2439 1705,2441 1743,2441 1781,2441 1819,2442 1857,2442"/>
                <TextEquiv>
                    <Unicode>guineis: cauendo tamen ne consanguinei do- </Unicode>
                </TextEquiv>
            </TextLine>
            <TextLine id="r2l45" custom="readingOrder {index:43;}">
                <Coords points="1093,2494 1758,2502 1828,2493 1828,2452 1093,2454"/>
                <Baseline points="1098,2480 1134,2481 1170,2482 1206,2483 1243,2483 1279,2484 1315,2484 1351,2484 1388,2484 1424,2484 1460,2484 1496,2484 1533,2484 1569,2484 1605,2484 1641,2484 1678,2484 1714,2484 1750,2486 1786,2487 1823,2487"/>
                <TextEquiv>
                    <Unicode>minos alliciant ad dissipanda bona ecclesia.</Unicode>
                </TextEquiv>
            </TextLine>
            <TextLine id="r2l46" custom="readingOrder {index:44;}">
                <Coords points="1105,2541 1849,2542 1832,2491 1105,2488"/>
                <Baseline points="1110,2531 1146,2529 1183,2529 1220,2529 1256,2528 1293,2528 1330,2528 1366,2528 1403,2528 1440,2528 1477,2528 1513,2528 1550,2528 1587,2529 1623,2529 1660,2529 1697,2529 1733,2531 1770,2531 1807,2531 1844,2532"/>
                <TextEquiv>
                    <Unicode>⁋ Status canonici / in maiore ecclesia dioecesis</Unicode>
                </TextEquiv>
            </TextLine>
            <TextLine id="r2l47" custom="readingOrder {index:45;}">
                <Coords points="1099,2578 1852,2589 1852,2543 1821,2537 1099,2539"/>
                <Baseline points="1104,2570 1141,2571 1178,2573 1215,2573 1252,2574 1289,2574 1326,2574 1364,2574 1401,2574 1438,2574 1475,2574 1512,2574 1549,2574 1586,2573 1624,2573 1661,2573 1698,2574 1735,2574 1772,2576 1809,2577 1847,2577"/>
                <TextEquiv>
                    <Unicode>consistit in hoc quod potest vnum vel duos famu</Unicode>
                </TextEquiv>
            </TextLine>
            <TextLine id="r2l48" custom="readingOrder {index:46;}">
                <Coords points="1089,2622 1766,2640 1852,2628 1853,2590 1090,2577"/>
                <Baseline points="1094,2616 1131,2616 1169,2618 1206,2618 1244,2618 1282,2618 1319,2618 1357,2618 1395,2618 1432,2618 1470,2618 1508,2618 1545,2618 1583,2618 1621,2618 1658,2618 1696,2619 1734,2619 1771,2621 1809,2622 1847,2624"/>
                <TextEquiv>
                    <Unicode>los cum equo (si opus sit) alere: similiter opulen</Unicode>
                </TextEquiv>
            </TextLine>
            <TextLine id="r2l49" custom="readingOrder {index:47;}">
                <Coords points="1095,2666 1849,2674 1850,2627 1096,2620"/>
                <Baseline points="1101,2660 1138,2660 1175,2660 1212,2661 1249,2661 1286,2661 1323,2661 1361,2661 1398,2661 1435,2661 1472,2661 1509,2662 1546,2663 1583,2663 1621,2663 1658,2664 1695,2664 1732,2664 1769,2666 1806,2666 1844,2667"/>
                <TextEquiv>
                    <Unicode>ti curati. reliquam vero partem fructuum benefi</Unicode>
                </TextEquiv>
            </TextLine>
            <TextLine id="r2l50" custom="readingOrder {index:48;}">
                <Coords points="1090,2711 1853,2731 1853,2678 1825,2672 1090,2668"/>
                <Baseline points="1095,2705 1132,2705 1170,2706 1207,2706 1245,2706 1283,2706 1320,2706 1358,2706 1396,2706 1433,2706 1471,2706 1509,2706 1546,2706 1584,2706 1622,2708 1659,2708 1697,2709 1735,2709 1772,2711 1810,2712 1848,2714"/>
                <TextEquiv>
                    <Unicode>ficii ipsi tenentur conferre pauperibus. Per paupe</Unicode>
                </TextEquiv>
            </TextLine>
            <TextLine id="r2l51" custom="readingOrder {index:49;}">
                <Coords points="1092,2756 1862,2760 1862,2732 1777,2715 1093,2711"/>
                <Baseline points="1097,2748 1135,2749 1173,2750 1211,2750 1249,2751 1287,2751 1325,2751 1363,2751 1401,2751 1439,2751 1477,2751 1515,2751 1553,2751 1591,2753 1629,2753 1667,2753 1705,2753 1743,2753 1781,2754 1819,2754 1857,2754"/>
                <TextEquiv>
                    <Unicode>res intelligo pios vsus: vt dando reparationi ec-</Unicode>
                </TextEquiv>
            </TextLine>
            <TextLine id="r2l52" custom="readingOrder {index:50;}">
                <Coords points="1087,2800 1299,2823 1345,2802 1620,2822 1852,2801 1852,2759 1087,2755"/>
                <Baseline points="1092,2793 1129,2794 1167,2795 1205,2796 1243,2798 1280,2798 1318,2799 1356,2799 1394,2799 1431,2799 1469,2799 1507,2799 1545,2799 1582,2799 1620,2799 1658,2799 1696,2799 1733,2799 1771,2799 1809,2799 1847,2799"/>
                <TextEquiv>
                    <Unicode>clesiae si egeat, pro extruendis pontibus: pro sustentan-</Unicode>
                </TextEquiv>
            </TextLine>
            <TextEquiv>
                <Unicode>⁋ Distinctionis Vigesimae quartae
Quaestio Decimaoctaua.
terxEcimooctauo igitur
c Aiaquaero quomodo cognoscat sta
ltus &amp; sufficientia viri. nam
si hoc non deprehendatur: nescit
uahomo quantum possit sana con-
iscientia expendere: &amp; quando te-
nebitur restituere prodige ex-
pensum: quando vero non. ⁋ Re-
spondetur. licet episcoporum oeconomi, &amp; viri qui ver
sati sunt circa res emendas / possint fortassis melius
quam ego iudicare in hac materia: Dicere tamen ali-
quid super hoc / non indignum duxi secundum ingenio-
li mei paruitatem: ab episcopis exordiendo: non lo-
quendo de ditissimo episcopo: nec pauperrimo:
sed de mediocri: quia difformitas ad vniformi-
tatem reducenda est, &amp; per illam mensuranda. sicque di-
tissimus vel patuperrimus obtutum figere potest circa
illa quae dicimus de mediocri: &amp; secundum hoc
se nroderari. Non loquar de portione pecuniaria
quia illa est variabilis non modo in variis locis,
sed etiam in eodem loco successu temporis. nam
capus qui vaenit duobus denariis Scoticis: hoc est par
uo albo in dioecesi Rossensi, Parisiis vel Edinbur
gi venditur sex paruis albis. Precium enim variatur in eis
dem locis vt quilibet nouit. In primis de famulis
nutriendis, opinor quod duodecim vel quaetuordecim
famuli episcopo sufficiunt: et si pauciores essent,
praestaret: quia certe gloria ecclesiae non pendet ex
multitudine clientum: &amp; si episcopus in suo loco
resideat, vt plurimum debet: opus est paucioribus
impensis in equis: &amp; fortasse in numero equorum.
Tunc dico quod sufficit hos omnes alere tam in vi
ctu quam in vestitu: tam in sanitate quam in aegritudine
sufficit inquam pro statu viri. Debet enim episco
pus suos sufficieter alere: nec eos deserere in aegri
tudinem. &amp; tandem ratione obsequii praestiti de-
bet eis mercedem condignam tribuere de patrimo-
nio etiam crucifixi: quia pro ipso laborarunt. &amp; pos-
sunt famuli esse consanguinei praelati. In hoc enim
non est scandalum: vt est dando beneficia consan-
guineis: cauendo tamen ne consanguinei do- 
minos alliciant ad dissipanda bona ecclesia.
⁋ Status canonici / in maiore ecclesia dioecesis
consistit in hoc quod potest vnum vel duos famu
los cum equo (si opus sit) alere: similiter opulen
ti curati. reliquam vero partem fructuum benefi
ficii ipsi tenentur conferre pauperibus. Per paupe
res intelligo pios vsus: vt dando reparationi ec-
clesiae si egeat, pro extruendis pontibus: pro sustentan-</Unicode>
            </TextEquiv>
        </TextRegion>
    </Page>
</PcGts>
