2340 3360
468 361 1225 453 dis scholasticis in studio, studio inquam non legum
468 445 1231 495 aut fori contentiosi: sed conducente ad salute animae
468 479 1236 548 pro dote virginum egentium / quatenus praeseruen-
462 527 1228 587 tur a tentatione carnis, exemplo diui Nicolai: pro
469 581 1225 630 defendendis rebus ecclesiae in causa licita & hone
467 616 1222 680 sta: pro sustentandis aegrotis. & per consequens po
468 657 1225 720 test sibiipsi / vel suis dum morbo laborant applica-
471 708 1237 766 re de superfluo per modum eleemosynae: si forte pecu
475 746 1237 808 nia applicata suo statui, sibi non sufficiat. Hospi
462 790 1234 850 talitas superuenientium religiosorum virorum, iti
462 835 1237 909 dem paia causa est. Non loquor autem solum de re
465 876 1240 943 ligiosis habitu. nam si episcopus foueat duos vel
468 933 1225 987 tres canonicos in mensa vel doctos viros, cum quod
465 968 1223 1029 bus consultat de rebus agendis: talis causa est pia
471 1014 1232 1076 in aedificationem totius gregis. & summatim quid
471 1056 1228 1129 quid prudens dictauerit honeste esse expendendum
465 1104 1237 1172 voco causam illam piam. Committat autem nego-
465 1150 1237 1213 cium & onus vno anno aliquibus deum timentibus
468 1198 1233 1250 victus & vestitus administrandi: quibus ipse praesit
471 1237 1241 1302 & superintendat, rationem interdum audiendo, ne
466 1282 1228 1343 patrimonium crucifixi sibi commissum dissipel
465 1322 1235 1394 & in fine anni vel dimidii cognoscet quantum suffi-
461 1368 1235 1435 ciat pro suo statu annuo sustinendo: modicam pe-
463 1414 1234 1477 cunia tenendo pro aegritudine qui forte superueniet.
456 1460 1234 1517 reliquam vero partem tenetur conferre pauperibus: ca
461 1501 1228 1570 piendo pauperes: vt modo dixi. dare autem vnam
472 1543 1228 1616 quartam pro reparatione templi est positiuum huma
458 1596 1228 1651 num consuetudinem abrogabile. sed dare pauperibus
461 1636 1229 1694 non est solum praeceptum humanum. Ex his patet quod
465 1678 1232 1747 licet vna dimidietas prouentuum beneficii ei suffici
466 1724 1228 1792 at pro suo statu in vno anno: fortassis sequente an
468 1772 1233 1827 non integrum beneficium solum sufficiet suo statui
468 1816 1226 1883 quod patet, si ipse laboret chronica febre: & multi do
457 1859 1233 1916 mesticorum similiter: tunc enim opus est physicis
461 1901 1237 1963 & aromatariis / & delicatioribus cibis. Forte dicis
470 1948 1224 2005 Status eius per hoc non augetur: sed applicat suis &
461 1991 1228 2055 sibi plus solito per modum eleemosynae: & confert in
480 2040 1237 2096 ios vsus. nam cum ipse & sui familiares vtiliter
456 2079 1225 2137 deseruiant ecclesiae: oportet vt ex fructibus eccle
475 2137 1228 2183 siae alantur. Dico eandem esse sententiam: & ver
461 2169 1237 2231 bis solum a me discrepas. Det insuper episcopus
462 2213 1234 2282 pecuniam famulis pro obsequio: sed caueat a simo-
465 2262 1241 2323 nia tam in se quam in eis: vt non habeant beneficia ratio-
462 2304 1229 2360 ne obsequii. copositos autem moribus & probos
468 2349 1228 2408 solum teneat famulos. ⁋ Inferiores vero benefi
465 2391 1235 2452 ciati & solum mediocriter literati consulant vi-
467 2438 1233 2497 ros deum timentes & prudentes sibi cognitos: quam
474 2494 1228 2548 tum sufficiat pro suo statum. & studeant omnes declina-
468 2526 1240 2588 re ad extremum illud: vt parum expendant: quia reue-
477 2582 1228 2632 ra illic non est extremum vitiosum quantuncumque
479 2617 1240 2669 tenuiter se nutriant sine iactura corporis & animae:
477 2661 1225 2723 dummodo reliqua dentur in pios vsus. Facile auti
480 2718 1240 2768 potest esse peccatum in supabundando: plus scienter
489 2762 1231 2807 expendendo quam oportet / vel ignoranter ex ignoi
474 2793 1238 2859 rantia vincibili: hoc est ignorantia crassa vel affe-
1295 359 2088 444 ctata. Sed mente tenebis quod facile percipitur ex-
1303 440 2068 489 cessus in modico beneficio, vel iin eo cuius opera
1310 476 2068 535 est parum vtilis in republica: sed difficilius in su
1311 527 2080 569 periore: & propterea latitudo est maior. hoc sic de-
1300 564 2068 624 claro. Episcopus pro secum prandentibus emit
1311 606 2083 662 capos & perdices, quod fieri licite interdum potest: &
1310 648 2083 703 expensio annua est multa: & famuli nunc obliui
1311 691 2076 748 scuntur punctaliter expensum: nunc addunt impre
1301 740 2083 810 cio rerum emptarum pintam vini vel quartam: quan
1302 783 2073 840 consumpserunt licite eundo & redeundo de foro
1301 832 2078 889 Nonne vides quod latitudinis iusti praecii error facilli
1305 877 2075 926 me deprehenditur emendo atramentarium vel horas
1311 927 2078 977 nostrae dominae? Illic enim deceptio cognoscitur in
1303 976 2075 1020 tribus vel quatuor denariis: & tamen non deprae
1317 1010 2081 1060 nenditur error in emendo magno aedificio in cen
1314 1053 2084 1112 tum scutis. Breuiter quando praelatus expendit
1320 1100 2075 1154 plus aequo: in rei veritate dummodo sit ignoran
1306 1148 2093 1193 tia inuincibilis semper bene expendit: quia ad boni
1308 1189 2089 1241 tatem actus moralis vt saepicule diximus, sufficit
1317 1229 2078 1304 conformitas ad prudentiam actualem vel ad er-
1313 1277 1645 1352 rorem inuincibilem.
1316 1345 2082 1439 ⁋ Distinctionis Vigesimae quartae
1453 1422 1964 1525 Quaestio Decimanona.
1653 1509 2084 1591 Ecimonono quaeritur
1584 1571 2086 1642 .AAn praelatus ecclesiae qui ni
1601 1631 2092 1686 chil aliud habent nisi patrimo-
1661 1663 2086 1722 nium crucifixi possit dota
1654 1708 2083 1777 re sororem. vel si forte ten
1656 1752 2084 1815 ltatus a Sathana genuerit fi-
1619 1776 2080 1858 Galiam in sacris: vel ante sacer-
1539 1838 2093 1891 eidotium in vero matrimo-
1314 1887 2081 1948 nio: eidem prouidere possit. ⁋ Respondetur per con-
1314 1938 2068 1990 clusiones. quarum Prima est. Beneficiatus pot do
1308 1978 2084 2028 tare pauperem alienam: hoc est non consanguineam.
1311 2028 2086 2075 Probatur. potest ei eleemosynam erogare quatenus a
1317 2066 2080 2127 peccato carnis praeseruetur. nam pot dare eleemosy
1317 2120 2083 2166 nam pro vita corporali seruanda: ergo & pro vita
1306 2157 2077 2210 spirituali. In hoc plurimum commendatur aelus bti
1310 2198 2080 2253 Nicolai erga proximum. tritissima est historia, nec
1308 2242 2087 2299 refert quod dedit de proprio patrimonio. ergo cum est
1314 2291 2086 2347 iuuencula cuius castitas exponitur periculo: quae si se
1310 2331 2074 2392 mel frontem perfricuerit: verosimile est quod permanebit
1317 2377 2080 2431 in peccato & quidem foedissimo: nunquid est grande meri
1310 2423 2071 2476 tum dare huic mediocrem dotem vt habeat virum
1319 2470 2080 2520 suae conditioni parem? ⁋ Secunda conclusio. Cleri-
1312 2512 2076 2567 cus de quo est quaestio potest tantum dare consangui
1324 2555 2080 2624 neae in dotem quantum externae. Probatur: quaerem
1318 2613 2080 2663 do ab aduersario quo iure sit postponenda cosan-
1311 2656 2071 2713 guinea externae: & dicere non poterit. nam inhu
1307 2688 2079 2749 manissimum esset quod homo propriis consanguineis
1309 2731 2077 2793 & conterraneis neglectis / alienis succurreret. Ad
1317 2778 2071 2858 hoc est sententia illa Platonis: quam Marcus Tullius
