2282 3323
490 295 1244 363 positum: cum dicamus esse praeceptum / succurrere
480 356 1237 414 natris. sed potes tot circumstantias addere: vtpote quod
489 393 1241 448 filia sacerdotis non sit in periculo castitatis perdendae:
481 448 1247 502 & extena sit in magno discrimine: vt fatendum sit
486 493 1246 552 dotem esse dandam externae. ⁋ Summatim colligen-
493 531 1249 581 do dicta, patet beneficiatum posse licite immo esse
486 581 1247 639 deuictum in casu dare dotem cosanguineae vt habeat
499 624 1249 673 virum suae conditioni parem: non autem vt ditetur: quia hoc
477 669 1238 721 esset deo data dicare Baal. quare si vir nobilis cle-
484 714 1237 762 ricus habeat filias, non habebit respectum ad nobili-
476 759 1246 812 tatem domus suae dando dotem: quia hoc esset ditare fi
481 801 1235 856 liam vel sororem ex bonis pauperum. Et patet alia via
477 846 1241 902 cum mediocri viro ipsa adeo bene seruabit castitatem
474 885 1235 941 immo melius quam inter magnas opes cum opulento
481 943 1245 992 viro. & dos ecclesiae danda est solum in pios vsus
482 987 1234 1040 quatenus ipsa praeseruetur a peccato. In super cum mino
474 1027 1241 1081 re pace manebit mulier iuncta nobili & opulento
483 1070 1238 1116 viro quam inferiori: quia spernet eam successu temporis.
480 1107 1240 1164 & si contingat ipsum cum ea habere lites: vocabulum
481 1155 1243 1208 pate) obliuioni dabit: loco cuius supplementum
475 1206 1238 1255 capiet per sacerdotem / vocando eam sacerdotis filiam vbi
484 1248 1228 1305 inferior tacuisset. Praeterea vir nobilis & opulent.
471 1287 1237 1348 nollet filiam sacerdotis in sacris genitam ducere vxo-
474 1343 1242 1395 rem nisi augeatur dos vltra statu mulieris legitime
469 1390 1236 1442 natae ex simili stirpe qua ipse: vt reddatur pecunia
468 1426 1243 1474 aequiualens huic maculae mundanae quod ipsa sacerdo
479 1475 1235 1523 tis filia appellatur. volo dicere: fugibile est ducere fi
483 1508 1237 1574 liam sacerdotis: sed dabilis est pecunia ita eligibi-
475 1554 1237 1611 lis, vt illa nota est fugibilis. quia non capiet ea sine
474 1600 1237 1649 tali pecunia vel maiore quam quae sibi daretur a filia con-
484 1646 1237 1699 similiter nobili & legitime nata. vir autem longe in-
475 1692 1242 1746 ferioris conditionis multo minoris facit illam no-
480 1735 1238 1786 tam. ergo non modo ditanda est filia sacerdotis dan
481 1777 1225 1830 da nobili viro: sed excessiue ditanda contra cano
465 1830 1236 1884 nes omnes & aequitatem naturalem. Ex dictis quo-
477 1868 1242 1927 dammodo deduci potest: quod quamuis clericus teneatur fre
475 1917 1245 1965 quentius dotare consanguineam quam externam: tamen
471 1963 1234 2021 non potest licite plus dare consanguineae quam externae.
474 2002 1246 2051 Et hoc iterum sic suadetur, non potest consanguinean
481 2046 1234 2099 ditare. sed qualibet externa mulier non diues est pauper:s
468 2094 1232 2148 & omnis pauper est obiectum eleemosynae in hoc quod
475 2136 1031 2189 est posse ei eleemosynam dare. igitur.
490 2201 1230 2286 ⁋ Distinctionis Vigesim aequartae
640 2264 1033 2360 Quaestio Vigesima.
877 2341 1241 2419 lgesimo quaeritur.
864 2403 1240 2462 An clericus possit de re
861 2449 1236 2509 bus suis testari. Hanc quae
864 2494 1226 2557 stionem formamus: quia ipsa
861 2539 1232 2592 est necessaria pro euancua-
873 2583 1228 2642 ione eorum quae diximus
865 2627 1228 2686 in duabus quaestionibus
877 2673 1232 2724 proximis. statim enim non
859 2719 1228 2787 bis obiicietur consuetudo
1320 297 2091 385 praelatorum testamenta condentium. Pro quaestionis so
1320 373 2078 430 sutione ponam conclusiones sequentes. quarum Prima
1326 411 2094 479 est. Beneficiatus potest testari de fructibus quos
1327 455 2081 515 habet licite acquisitos non ratione beneficii: & bona
1320 496 2094 560 illa relinquere in testamento cuicunque voluerit. & in
1315 542 2086 593 telligo nisi sit obligatus ecclesiae suae de prodige ex-
1324 588 2088 644 pensis vel aliunde. Probatur haec conclusio. Laicus
1320 642 2088 687 potest de eiusmodi bonis testari: vel clericus non
1311 682 2090 733 beneficiatus: ergo & beneficiatus. Antecedens est
1309 732 2087 777 notum: & patet consequentia: quia illa bona non sunt
1329 771 2086 815 pertinentia ad ecclesiam: ergo idem est iudicium de illis
1321 818 2090 863 ac si non haberet beneficium. Secundo arguitur ad idem.
1321 853 2089 910 Quilibet habens dominium aliquarum rerum potest
1320 898 2088 956 de illis testari. sed iste beneficiatus / illarum rerum ha
1320 944 2087 1001 bet dominium: ergo de illis rebus testari potest conse-
1316 1000 2081 1055 quentia tenet cum minore: & maior patet: quia aliquis ta
1315 1032 2089 1086 lis testari potest: & eadem est ratio in omnibus: ergo illa
1317 1082 2086 1131 vniuersalis quae est maior, est vera. Tertio patet de testa.
1306 1124 2089 1177 & vlti. volun. c. primo. &. xii. qui. v. c. Nulli. ⁋ Secun
1309 1170 2082 1227 da conclusio. Beneficiatus de rebus ecclesiae potest te-
1321 1209 2090 1264 stari / fructus in pios vsus convertendo. Probatur.
1317 1254 2087 1309 quocumque tempore vitae potest beneficiatus facere elee-
1308 1304 2085 1355 mosynam de fructibus beneficii: sed quando testamen
1317 1347 2075 1396 tum condit / est in vita. igitur. licet istud proprie non
1315 1389 2073 1440 sit testamentum: sed de nominibus non est certandum.
1315 1434 2087 1484 Probatur etiam conclusio. c. Ad haec. de testa. vbi Ale
1321 1475 2086 1539 cander tertius sic inquit. Ad haec praesentibus inno-
1307 1521 2087 1576 tescat quod clerici de mobilibus quae per ecclesiam sunt
1321 1567 2084 1617 adepti / de iure testari non possunt: viuentes tamen &
1314 1613 2083 1674 sui compotes moderate valent aliqua de bonis ipsis
1312 1664 2087 1708 non ratione testamenti / sed eleemosynae intuitu ero-
1314 1701 2087 1754 gare in aegritudine constituti. Hoc potest immo te-
1314 1746 2072 1796 netur largiti famulis ratione seruitii exhibiti de re
1315 1788 2069 1837 bus ecclesiae mobilibus. & hoc dicitur expresse in ca
1314 1833 2074 1887 pi. Relatum. ii. in. S. Licet. vbi sic inquit Alexan-
1314 1881 2072 1937 der tertius. Licet autem mobilia per ecclesiam acquisita
1321 1923 2083 1977 de iure in alios pro morientis arbitrio transferri non
1320 1966 2081 2025 possint: consuetudinis non est improbandae, vt de
1312 2015 2077 2062 his / pauperibus / religiosis locis / & illis qui viuenti
1309 2055 2070 2120 seruierant: siue sint consanguinei / siue alii: aliqua
1314 2097 2077 2147 iuxta seruitii meritum conferantur. Ex hac conclusio-
1309 2147 2068 2192 ne sequitur quod beneficiatus potest ratione pauprta
1302 2190 2080 2249 tis bona mobilia beneficii consanguineis in mor
1303 2231 2069 2285 te vel in aegritudine impartire: hoc est quando sunt.
1309 2280 2075 2334 pauperes, quod probatur. illa bona potest impartire
1317 2318 2065 2387 pauperibus: & non tenetur magis illis quam istis: & con
1303 2369 2071 2419 sanguinei non sunt deterioris conditionis quam reliqui:
1311 2409 2065 2459 ergo eis relinquere potest: occulte tamen ne alios
1305 2451 2071 2502 scandalizet: dummodo sit certus quod sunt vere pau-
1311 2501 2068 2550 peres. Si vero aliqui externi essent extreme pau-
1321 2545 2078 2587 peres: iam obligaretur / suis posthabitis, illis sue-
1300 2591 2066 2648 currere. Ex his sequitur quod potest immo debet re-
1306 2633 2078 2692 linquere famulis pro seruitio: & his qui damnum
1302 2677 2065 2729 passi sunt ratione ecclesiae suae / debet illud damnum
1302 2725 2069 2784 resarcire: cum alii nolunt ei remittere. ⁋ Tertia con-
