2334 3319
223 319 980 382 cipere tam pro sustentatione & labore quam pro suae
216 375 988 432 artis traditione. Et hoc patet in administratione sa
225 415 976 470 cramentorum. fateor tamen quod licet aliquid accipe
223 468 989 520 re vno respectu: & non alio. vt postea in eadem distin
219 511 464 569 ctione elucescet
269 590 985 692 ⁋ Distinctionis Vigesimaequintae
496 655 862 753 Quaestio Secunda.
556 748 989 827 Ecundo circa hanc di
561 815 992 873 stinctionem quaeritur. Vtrum
562 859 986 912 simonia sit graue peccatum.
568 903 976 965 Respondetur per duas conclu
558 947 988 1005 siones. Prior est affirmatiua
555 992 985 1051 ad quaestionem: quae conclusio sic
522 1038 989 1095 C iprobatur. Oinis actus iu-
222 1080 982 1125 ri naturae diuino & humano contrarius est malus:
220 1125 986 1176 simonia est huiusmodi: igitur. probatur minor. Nam
216 1180 977 1225 contra aequitatem naturalem est quod quis vendat do
225 1215 983 1268 na spiritus sancti quae non sunt in sua potestate: in
229 1262 977 1312 mo ipsum spiritum sanctum tradat sicut seruum
229 1302 986 1352 suum. vt patet ex epistola Tharasii episcopi Con
220 1354 977 1400 stantinopolitani ad Hadrianum papam missa. Ei
229 1392 983 1438 recitatur prima. quaesti. i cap. Fos qui. vbi sic scribi
216 1440 980 1496 tur. Tolerabilior est enim Macedonii & eorum qui
220 1482 983 1530 circa ipsum sunt spiritus sancti impugnatorum im
219 1525 985 1578 pia haeresis. illi enim creaturam & seruu dei patris
225 1571 988 1623 & filii / spiritum sanctum delitando fatentur: isti ve
220 1620 974 1670 ro spiritum sanctum efficiunt suum seruum. Omni
226 1661 983 1710 enim dominus quod habet si vult vendit / siue seruum-
220 1707 983 1756 siue aliquid aliud eorum quae possidet. Etiam est
217 1758 977 1803 contra ius naturale / quemnuis capere pecuniam pro
219 1797 980 1842 translatione rei quae non est in sua potestate. Ter-
226 1840 989 1897 tio, dato quod esset in eius potestate: vendit rem pre
216 1886 982 1939 cio temporali inaestimabilem: quia spirituale pro pe
225 1933 985 1983 cunia. Nam Sapientiae. iii. scribitur de sapientia quod ipsa
222 1974 982 2024 est praestantior cunctis opibus: & alia desiderabilia non
234 2022 979 2074 valent ei comparari. Forte dicis, non oportet respi
229 2058 983 2111 cere ad valorem rei in se: sed res transmutantur se
220 2104 982 2158 cundum indigentiam humanam: iuxta illud Au
228 2149 979 2201 gustini. xi. de ciuitate dei. cap. xviii. Quis enim nor
216 2200 980 2243 domi panem quam mures: nummos quam pulices habere
231 2240 983 2294 malit? Seruus viliori praecio distrahetur quam gemma.
229 2282 986 2329 Licet de scientia creata possis argumentum sic re
228 2328 986 2382 fellere probabiliter: non tamen de spirituali de quo
222 2371 982 2418 loquimur: quod omnia bona humana in valore hu
223 2415 992 2471 manae indigentiae exuperat. hoc est de valore fori, &
229 2461 992 2515 non de valore rei loquendo. Et propterea omnes tradi
219 2508 992 2563 torem ludam merito carpunt quod redemptorem or-
225 2548 980 2601 bis deum tam modico aere vendiderit. Sed licet simo
220 2595 986 2643 nia sit contra ius naturae: contingit tamen de mul-
228 2639 985 2682 tis casibus dubitare an in eis sit simonia. sicut &
218 2682 980 2730 de vsura / & fornicatione simplici quae a gentilibus non
213 2725 988 2791 putabatur esse contra ius naturae. Quia autem sit con
1060 316 1817 374 tra ius diuinum, patet Actuum. viii. & Matthae. x
1066 368 1829 421 dicente Christo. Gratis accepistis: gratis date. vbi
1068 417 1831 469 glossa dicit. Hic prohibetur simonia. Iliic enim est sermo
1059 457 1817 514 de miraculis & stupendis prodigiis faciendis: quia an-
1061 503 1825 551 te ista verba immediate dicitur. Infirmos curate:
1061 545 1819 598 mortuos suscitate: leprosos mundate: daemones eii-
1057 589 1823 658 cite. gratis accepistis: gratis date. Vbi glossa interli-
1056 637 1820 684 nearis. Sicut ego sine praecio talem potestatem do: &
1068 681 1822 737 vos gratis date. per hoc tamen non oportet quod scien
1065 721 1822 770 tiam acquisitam gratis habens / aliis gratis communicet.
1062 770 1822 823 Praeterea. iii. Regum. xiii. cap. de Hieroboam legitur.
1059 815 1819 869 Quicunque volebat implebat manum suam: & fiebat
1063 853 1819 906 sacerdos excelsorum. Forte dicis. colebat idola: &
1059 900 1823 956 erant sacerdotes idolorum. Responsio. hoc dato: ven
1062 945 1810 998 dendo sacerdotium: & non capiendo sacerdotes
1062 986 1822 1045 de tribu Leui: & de domo Aaron / grauiter deliquit.
1068 1030 1820 1083 vt patet per literam sequentem. Et propter hanc cau-
1065 1075 1813 1133 sam peccauit domus Hieroboam, & euersa est & de
1062 1119 1825 1173 leta de superficie terrae. Propterea lepra Naaman
1065 1175 1820 1224 adhaesit Giezi & semini eius in sempiternum. iiii.
1062 1212 1820 1268 Regum. v. quare est contra ius diuinum. Quia sit con
1066 1261 1826 1309 tra ius humanum patet in ti. de simonia per totum
1066 1302 1817 1357 &. i. qui. i. per totum. ergo minor vera quae restabat pro
1057 1345 1820 1393 banda. ⁋ Secunda coclusio. Simonia est pessimum
1066 1394 1829 1449 monstrum in ecclesia. Probatur. Illa pestis est pes
1066 1432 1824 1481 sima in ecclesia per quam promouentur inidone / post
1062 1478 1816 1526 habitis maxime idoneis. sicut calamitosissima es
1062 1524 1822 1575 set insania homines impellens accipere lapides pu
1062 1570 1829 1616 tridos pro templo materiali construendo postha-
1068 1614 1817 1659 bitis marmoribus. sed hoc potissimum fit per simo
1056 1659 1822 1709 niam per quam improbi ad honores conscendunt:
1060 1699 1825 1752 nequeuntes per virtutes ascendere: assumentes il-
1062 1745 1826 1797 lud insanae lunonis apud Maronem. Flectere si ne-
1056 1790 1831 1843 queo superos: acheronta mouebo. Munera enim
1060 1839 1832 1894 porrecta animos etiam prudentum flectunt, secun
1063 1890 1820 1939 dum illud Nasonis. Munera crede mihi placant ho
1059 1925 1822 1982 minesque deosque: Placatur nummis luppiter ipse
1065 1969 1823 2017 suis. Praeterea hoc est pessimum monstrum in ec-
1060 2016 1820 2061 clesia quod hominem reddit vtraque manu iniquitate re
1056 2060 1826 2105 fertum. sed hoc per simoniam fit. igitur. probatur mi
1060 2104 1832 2154 nor per illud Psalmographi psalmo. xxv. In quo
1062 2150 1832 2204 rum manibus iniquitates sunt: dextera eorum reple
1057 2196 1832 2237 ta est muneribus. Insuper ille est fur iniquus qui ca
1065 2239 1820 2285 licem / libros ecclesiae / & huiusmodi furatur. sed to
1069 2280 1831 2336 tum beneficium simoniacus furatur. dicente Chri
1061 2324 1826 2372 sto. loannis. x. Qui non intrat per ostium in oui
1062 2366 1835 2417 le ouium: sed ascendit aliunde: ille fur est & latro.
1068 2411 1823 2465 in furto autem tota eius vita deprehenditur. nam
1066 2455 1826 2507 vno inconueniente dato multa mala contingunt.
1071 2501 1820 2556 primo physico. Et difficile est vt bono peragantur
1066 2557 1823 2604 exitu: quae malo sunt inchoata principio. i. q. i. ca-
1066 2591 1826 2652 Principatus. Amplius huius pestis grauitas pa-
1056 2635 1829 2693 tet ex displicentia dei. nam ignis sacrificii qui datus
1054 2680 1808 2730 est in deserto caelitus, secundo anno egressionis de aegi
1059 2732 1825 2799 pto: & durauit ad captiuitatem babylonicam: &
