2340 3352
486 332 1252 384 tunc absconsus in profundo puteo ab Hieremia pro
492 371 1256 433 pheta, illic mansit. lxx. annis integer: & iterum habi-
483 417 1249 468 tus tempore Neemiae: postea Antiocho sacerdotium
495 460 1262 514 sasoni vendente / extinctus est. vt patet. ii. Macha
490 511 748 570 baeorum primo.
500 553 1240 627 ⁋ Contra has conclusiones arguitur
486 608 1259 668 sic. Simonia est circa intellectum: ergo non est pec-
498 657 1253 714 catum. consequentia probatur: quia omne peccatum est
502 699 1246 758 in libera potestate facientis: ergo circa voluntatem
501 747 1258 801 Antecedens patet: quia simonia est haeresis. i. q. i.
511 788 1264 848 Quisquis. & ca. Presbyter. ⁋ Respondetur. assenti
499 847 1259 891 ri huic: donum spiritus sancti est venale pro pecu-
487 880 1260 932 nia, est haeresis: & sic Simodo magus putabat. Vnde
508 921 1263 980 Ambrosius in primo libro de Poenitentia, ad No
498 969 1252 1026 uatianum scribens dicit. Petrus cum Simon magi-
505 1013 1262 1072 cae artis consuetudine deprauatus putasset quod gra-
502 1055 1259 1110 tiam Christi per impositionem manus & infusionem
499 1108 1262 1155 spiritus sancti pecunia compararet: ait, non est tibi
502 1145 1268 1196 sors neque pars in hac fide: quia cor tuum non est re-
499 1188 1262 1242 ctum apud deum. hoc est erras in fide catholica: &
495 1238 1268 1291 ita hoc pertinaciter asserens est haereticus. Non ta-
498 1273 1271 1328 men oportet nunc alium simoniacum tenere haere-
505 1326 1258 1381 sim. nam contingit praelatum recte assentiri in in-
499 1366 1273 1424 tellectu quod in venditione beneficii committitur si-
505 1411 1262 1472 monia, & male agitur: quo non obstante agit: quia
504 1468 1267 1511 crebro voluntas contrait ex sua libertate recto in-
508 1505 1277 1551 tellectus iudicio. Etiam consequentia illic illata in
504 1557 1261 1600 ualida est: quia probaret nullum haereticum peccare
502 1598 1277 1642 nam assensus erroneus in fide / in intellectu est li-
514 1639 1268 1690 ber, & a voluntate dependens: quia potest homo
501 1678 1264 1736 libere haeresim non admittere, vel admissam adimere
516 1731 1268 1808 ⁋ Secundo arouitur. Sacerdos cele-
514 1791 1277 1843 brat pro sex paruis albis. & anniuersarium in cer-
511 1840 1277 1894 ta quota pecuniae constituitur. In facultate quoque no
514 1884 1275 1932 stra Parisiensi mos est: vt magister in theologia
522 1928 1277 1976 det facultati. xc. vel. c. francos pro missa perpetua
508 1969 1271 2026 dicenda: in qua cuilibet praesenti / in distributioni-
507 2014 1271 2071 bus communicatur duodenus. In istis autem spi
510 2058 1273 2111 rituale pro temporali datur. ergo non omis datio
515 2104 1273 2153 temporalis pro spirituali, & econuerso, est simonia
528 2151 1279 2198 vel habitos optimos viros labe simoniae infectos
523 2193 1279 2247 dabis. ⁋ Respondetur. quis potest celebrare pro sex
525 2238 1282 2298 paruis albis sextupliciter. Primo tanquam pro fine prin
516 2283 1273 2339 cipali & vltimato. Secundo tanquam pro precio adequa
520 2337 1283 2377 to: ac si esset iustitia commutatiua & valor rei ad rem:
517 2375 1283 2427 sicut est de emptione bouis in foro. Tertio pro sex
535 2427 1277 2470 paruis albis tanquam pro fine minus principali & subor-
531 2460 1289 2508 dinato vel subordinabili alteri fini vlteriori. Quar
519 2504 1280 2555 to modo vult celebrare pro sex paruis albis: & habe
528 2559 1286 2605 re pecuniam pro sui sustentatione. Quito modo
537 2600 1276 2649 pro suo labore quem habet in celebrando. Sexto
537 2647 1292 2690 pro distractione & impedimento quo impeditur ce
537 2683 1283 2744 lebrando ne aliis negociis vacet. & potest esse mi-
526 2726 1295 2788 xtio harum specierum. Primae duae intentiones sunt
1338 310 2105 373 simoniacae denomninatione intrinseca: & tales actus ha-
1330 367 2102 424 bens est simoniacus. Aliae vero simplices sunt li-
1343 407 2101 466 citae, & in habente gratiam meritoriae. Sed si vnus pri
1341 454 2110 507 morum duorum modorum copulatim misceatur cum
1338 498 2099 554 alio: mixtio est illicita. & ita hic est amphibologia.
1343 548 2096 607 Sortes celebrat pro sex paruis albis: secundum quod pro i
1351 598 2110 643 potest dicere circumstantiam finalem: & hoc bifaria:
1347 635 2098 689 vel circumstantiam vltimati finis: vel finis non vl
1344 684 2107 733 timati. Alii sensus clari sunt. ⁋ Ex quibus patet
1335 732 2110 780 quod canonicus surgit in nocte vt habeat distribu-
1345 771 2105 821 tiones: & propter deum: nec tamen propterea commit
1331 811 2114 861 tit simoniam. Similiter plerique veniunt ad seruitium
1335 855 2105 907 ca hora qua dantur distributiones: alioquin non ven
1342 901 2120 951 turi, sine labe simoniae. Et licet indoctus etiam sa-
1344 949 2111 1003 cerdos nesciat sic punctaliter distinguere in quo sen
1338 993 2110 1044 su pro sex paruis albis celebret: est excusatus: quia
1351 1032 2112 1089 videt talem consuetudinem celebrandi a doctis per
1342 1089 2111 1134 missam & non reprobatam. ergo ei est danda venia:
1341 1127 2117 1174 licet in fine aliqualiter aberret. nam contingit quod in-
1351 1174 2120 1221 nullum finem actualiter referat vltra sex albos. Et
1342 1210 2123 1264 licet simonia sit contra ius naturae extendendo vo
1341 1266 2114 1309 cabulum, quod sapientes deprehendunt: non tamen
1359 1306 2117 1357 quaelibet est contra ius naturae proptiissime dictum.
1359 1348 2110 1401 ⁋ Sed contra istud argumentor. Sacerdos non ce
1351 1388 2123 1445 lebrabit nisi habeat sex puos albos. Similiter nec
1353 1437 2120 1493 canonicus veniet ad horas canonicas si non sit dis
1354 1480 2126 1538 tributiones accepturus. ergo pecunia est causa pri
1353 1522 2123 1577 cipalis: cum ea posita ponatur aduentatio: & ea se
1353 1570 2122 1615 clusa non ponatur. ⁋ Respondeo, concesso ante
1344 1612 2126 1668 cedente negando consequentiam: quia posita cau
1350 1659 2120 1710 sa minus principali cum causa principali ponitur
1357 1701 2116 1754 effectus: neutra tamen illarum sufficit ad positio-
1348 1751 2119 1796 nem effectus: sed quacunque illarum seclusa remo-
1350 1794 2120 1844 uetur effectus. Quemadmodum quis vadit ad
1363 1838 2117 1886 Borbonam vt disputantes audiat, & de vino bac
1351 1886 2114 1931 calaureorum bibat: qui tamen propter alterum tamntum
1354 1927 2117 1975 non iret: sed propter illa duo simul. nam vno illo
1354 1969 2126 2029 rum remoto, vt in die quo ieiunandum est, non ac
1353 2015 2129 2066 cedit. Non tamen propterea sequitur quod sex par-
1359 2059 2114 2116 ui albi sunt causa principalis celebrationis. illa enim
1362 2109 2116 2156 causa est magis principalis quae plus appreciati-
1356 2154 2131 2206 ue mouet: vel ad quam alia reducitur tanquam finis
1366 2192 2117 2244 sub fine. ⁋ Sed contra hoc arguo. celebrando vt
1368 2244 2123 2288 habeam sex paruos albos: illa pecunia est finis ce
1366 2282 2120 2328 ebrationis in vno sensuum licitorum: ergo est cau-
1365 2329 2117 2374 sa principalis. Quod patet in simili. Non euange
1356 2372 2114 2426 lizamus vt comedamus: sed comedimus vt euan
1359 2418 2113 2474 gelizemus. similiter non viuimus vt comeda-
1366 2462 2121 2513 mus: sed comedimus vt viuamus. ⁋ Responde
1356 2511 2119 2558 tur. licet aliquorum sit opinio quod peruertitur
1368 2548 2131 2600 prdo finium quando finis principalis ad finem
1363 2595 2122 2643 minus principalem ordinatur: hoc tamen non
1363 2639 2123 2688 oportet: vt patet ex solutione argumenti: vbi ce
1371 2692 2116 2738 ebratio ad sustentationem ordinatur. sic etiam
1374 2726 2135 2784 potest esse de praedicatione. & ex consequen-
