2328 3318
247 330 1004 388 excommunicato, per hoc absoluere ipsum nulla ratione
257 393 1016 449 censetur: nisi se velle exprimat illum ex hoc pro ab-
246 426 1012 490 soluto haberi. de sententia excommunicationis. cap.
250 475 1006 526 Si summus pontifex. in Clemen. Sic videtur omni
255 524 1015 574 non in proposito quod non dispensat cum illo, nisi
256 570 1008 619 noc aliter aperiat. ⁋ Quinto arguitur. prophetae
248 611 1017 667 acceperunt pecuniam pro actu prophetandi: &
250 657 1012 703 tamen actus prophetandi est dei donum: & via hu
243 692 1019 751 mana haberi non potest maior probatur: quia vt dicitur
244 737 1016 801 i. Regum. ix. Saul dedit pecuniam Samueli vt indi
241 788 1017 844 caret asinas patris sui. vbi sic scribitur. Rursum
247 831 1001 880 puer respondit Sauli: & ait. Ecce inuenta est in ma
253 879 1009 920 nu mea quarta pars stateris argenti: demus homi-
237 919 1014 980 ni dei vt indicet nobis viam nostram. ldem patet
237 961 1003 1010 iii. Regum. xiiii. de vxore Hieroboam quae mune-
233 1012 1002 1069 ra ad Ahiam prophetam portauit vt indicaret quid
240 1053 997 1106 euenturum esset filio aegrotanti. Simile habemus
241 1096 997 1160 de Heliseo: cui Naamam Syrus, & Benadab rex Sped
243 1140 1011 1201 riae magna obtulerunt munera. ⁋ Concedo quod est
235 1180 1004 1238 simoniacum pro actu prophetico capere pecuniam
240 1230 1004 1285 nec hoc fecerunt prophetae dei: vt Hieronymus
240 1270 1017 1334 super Micheam dicit. ludaei enim cum veris pro-
237 1318 1010 1381 phetis assueti minutissima munera obtulerunt pro
237 1365 1012 1422 sustentatione prophetarum. Vxor namque Hieroboa
238 1410 1011 1463 regina regni Israel portabat solum decem panes,
234 1451 1006 1498 crustulam, & vas mellis: iudicans virum dei pau-
238 1498 1006 1550 cissimis contentum, munere regineo exasperari.
240 1535 997 1597 Etiam non legimus de prophetis quod ista acceperunt
246 1580 998 1644 quamquam erant eis licita: non tamen capiendo pro actu pro-
251 1636 1013 1687 phetico. Sed idololatrae gentiles cum pseudo pro-
256 1665 1002 1729 phetis delusi immensa dedere munera: vt in. iiii.
237 1719 991 1773 Regum legimus de Naaman syto. Et. viii. cap-
240 1758 1010 1814 eiusdem scribitur. Venit quoque Heliseus Dama-
235 1796 1001 1860 scum: & Benadab rex Syriae aegrotabat: nuncia
246 1850 997 1909 ueruntque ei dicentes. Venit vir dei huc. Et paulo
255 1894 1000 1953 post sequitur. luit igitur Asahel in occursum eius
250 1935 998 1999 habens secum munera & omnia bona Damasci
243 1981 994 2039 onera quadraginta camelorum. sed non legitur quod
243 2028 996 2079 aliquid acceperit: immo quod non acceperit convincitur
244 2069 1001 2130 quia vt dicitur cap. v. dicebat ei Naamam Syrus. Ob-
243 2116 1005 2170 secro vt accipias benedictionem a seruo tuo. At
237 2160 1004 2223 ille respondit. Viuit dominus ante quem sto: quia non acci-
253 2202 1002 2257 piam. Cumque vim faceret, penitus non acquieuit. Non est
241 2256 999 2311 autem verisimile quod in facto simili hoc praetermiserit.
249 2291 991 2355 ⁋ Ecce quomodo in triplici munere: scilicet lin
247 2340 1002 2394 gua, prece, & seruitio, & in aliis sinistre trahentibus
233 2391 1004 2436 episcopos ad beneficiorum collationem committitur simo
240 2427 995 2480 nia. & quomodo seruitus aliqua & praeces simoniam
235 2468 1005 2534 inducunt: aliqua vero non. Et quod aliquis simoniace
246 2510 999 2576 beneficium acquirit & inique: non tamen iniuste contra iu
235 2557 1005 2624 stitiam distributiuam. hoc est, non relinquit aliquid es
240 2600 1005 2668 sentiale ad collationem beneficii: licet aliquid addatur
235 2645 992 2706 bonitatem moralem actus vitians in conferente vel accipien
240 2690 995 2746 te, vel in vtroque. & iste ne tenetur beneficium reliunre: sed suf
240 2731 988 2794 ficit de peccato poenitere, bene inseruiendo cum sit idoneus:
1090 339 1850 443 ⁋ Distinctionis Vigesimae quintae
1265 428 1682 519 Quaestio Quarta.
1428 512 1847 598 Vaeritur quarto de
1428 579 1857 642 simonia: An liceat aliquid
1425 624 1855 682 accipere ratione consuetu-
1429 671 1849 719 dinis, & cogere nolentem ad
1420 712 1858 767 dandum secundum consuetudi
1407 758 1868 812 nem loci tam in collatione
1362 778 1864 866 Quam sacramentorum quam beneficio-
1080 848 1851 905 rum. Haec quistio est anceps, & materia conscientiae
1090 892 1859 945 tangens. propterea paululum immorabor: prolixita
1083 930 1853 988 tis tamen semper memor: ne tedium lectoribus afferan-
1090 974 1847 1037 In primis conclusiones & modum dicendi aliorum
1093 1026 1852 1071 ponam: postea quid mihi dicendum videatur, po
1084 1070 1852 1119 siturus. ⁋ Sit omnium dicendorum haec prima
1090 1114 1858 1160 conclusio. Licet post factum capere aliquid do-
1091 1158 1847 1217 no gratuito. Probatur. Nemo peccat capiens donum
1090 1207 1851 1261 gratuitum: sed cum pecunia datur post factum: ap
1084 1253 1850 1307 pareritissimum est signum doni gratuiti. ergo be
1093 1286 1863 1344 neficium conferens potest aliquid post collationem
1090 1328 1861 1388 beneficii vel sacramenti capere loco doni gratui-
1087 1377 1858 1428 ti. quia si capere non potest: sequitur quod benefa-
1081 1419 1853 1473 ctor alicuius est minus capax doni liberalis quam sor
1087 1468 1856 1519 tes hierichuntinus, quod est inconueniens. suppono
1084 1509 1862 1567 rectam intentionem tam conferentis quam accipientis: &
1087 1553 1850 1616 caetera requisita. Si enim conferens det munus gra-
1080 1602 1855 1656 tia vlterioris beneficii habendi: iam actus eius est
1090 1641 1846 1698 malus: sed actum bonum praeteritum non vitiat
1083 1683 1847 1751 siue statim post factum detur, siue diu post. ⁋ Se-
1086 1737 1841 1787 cunda conclusio. Licet sacerdos male agat cogen
1075 1778 1850 1833 do laicos dare pecuniam ante spiritualia exhibi-
1081 1817 1846 1871 ta: eis tamen exhibitis subiectos sibi laicos coge
1081 1868 1846 1914 re potest auctoritate superioris seruare laudabi-
1080 1907 1840 1969 les consuetudines, hoc est, soluere secundum con
1075 1953 1841 2011 suetudinem non reprobatam in tali loco. Hanc
1084 2003 1852 2059 conclusionem probat capitulum Ad apostolicam
1081 2042 1847 2106 de simonia. vbi sic scribit pontifex. Ad aposto-
1087 2089 1820 2154 licam audientiam frequenti relatione peruenit, qua
1092 2127 1838 2191 quidam clerici pro exequiis mortuorum & benedi
1081 2179 1847 2236 ctionibus nubentium / & similibus pecuniam exi
1074 2216 1844 2281 gunt & extorquent. & si forte eorum cupiditati
1072 2269 1847 2316 non fuerit satisfactum: impedimenta fictitia frau
1080 2307 1844 2369 dulenter opponurit. Econtra vero quidam laici
1081 2350 1837 2413 laudabilem consuetudinem erga sanctam eccle-
1084 2394 1835 2453 siam pia deuotione fidelium introductam, ex fer
1078 2441 1838 2493 mento haereticae prauitatis nituntur infringere sub
1080 2493 1844 2549 praetextu canonicae pietatis. Quapropter super
1074 2534 1834 2595 his prauas exactiones fieri prohibemus: & pias
1080 2576 1846 2625 consuetudines praecipimus obseruari: statuen-
1071 2625 1840 2675 tes vt libere conferantur ecclesiastica sacramenta
1068 2660 1835 2720 sed per episcopum loci veritate cognita compe
1075 2707 1843 2764 scantur qui malitiose nituntur lauoabilem con-
1068 2754 1839 2828 suetudinem immutare. Vult ergo dicere pontifex
