2294 3315
464 311 1223 371 posito non docetur. ⁋ Ex tota solutione patet quod vbi
468 369 1217 412 non est consuetudo accipiendi pecuniam pro his nominatis
480 406 1214 461 platus non potest cogere populum ad dandum. probais
464 458 1208 497 sic. vbi consuetudo est quodammodo introducta & non
465 491 1223 540 sufficienter stabilita, no potest cogere: vt dicitur in cap.
469 538 1217 591 Cum in ecclesiae. ergo a fortiori non potest vbi nihil
465 591 1216 636 consuetudinis est introductum. ltem quaeritur, quo titulo
463 624 1214 675 talem pecuniam exigat, non sufficit alia loca allega-
468 675 1211 722 re: quia sic possemus in Gallia vesci extremitatibus
469 714 1219 768 & interioribus animalium / omnibus diebus sabbatinis extra
466 761 1229 811 quadragesimam. Sic enim Castellani faciunt. Et in il-
462 801 1217 848 lis diebus inter festa natalia & purificationem inclu
471 844 1211 895 siue liceret comedere carnes in Britannia more Pa
461 891 1222 939 risiensium: quod est falsum. Sed contra istud argui
466 938 1214 985 tur, contingit praelatum non habere sumptus necessa-
462 977 1225 1026 rios: ergo tuc potest cogere subditos subire consue-
462 1023 1223 1075 tudinem soluendi locorum vicinorum. Respondetur. ad
471 1067 1210 1121 nuc non potest aliquid exigere. potius autem doceat pue
459 1113 1211 1157 ros, scribat, quaerat victu manibus vel industria. vt
453 1155 1213 1206 dcitur. xci. dist. Clericus victum, quemadmodum fecit Apo
468 1200 1220 1250 stolus. de censi. cap. Cum apostolus. Sed si nesciat
456 1245 1210 1295 victum aliunde quaerere populus ei prouidebit: & ad
450 1288 721 1346 hoc compelletur,
456 1334 1222 1418 ⁋ Contra tertiam conclusionem arguitur
465 1415 1220 1460 Secunda infert contradictorium tertiae: ergo illae
451 1464 1214 1508 duae conclusiones compugnant: quia si inferiori liceat
450 1502 1216 1548 superiori licebit. alioquin inferior in iutisdictione
456 1551 1217 1600 erit proportionabiliter maior superiore. ⁋ Respon
456 1595 1217 1642 detur negando harum conclusionum repugnantiam.
447 1637 1213 1689 nam pauper plebanus magnum habens laborem
456 1679 1211 1729 in plebe ex consuetudinibus & omnibus aduen-
457 1723 1205 1782 titiis / interdum aegre colligit. lx. ducatos: nonnunquam
460 1767 1219 1815 vix. xxx. vel minus: & plures habebis opinione
454 1812 1216 1869 mea non colligentes. c. ducatos immo. lx. quam colli
462 1862 1219 1913 gentes vltra hanc summam etiam omnibus consuetudi-
449 1901 1214 1947 nibus in sortem deputatis. Episcopi vero regula
444 1956 1205 1999 riter prouentus sufficientes habent. Nunquid duo
453 1991 1210 2037 milia vel tria ducatorum sufficiunt episcopo pro
445 2030 1201 2082 sui sustentatione: quamuis etiam sit profundissimus
451 2076 1196 2125 theologus tot oculos in cura habens quot argus.
451 2125 1199 2169 etiam nobilis: Quid opus est ergo cum tot prouentus
453 2168 1214 2222 habeat pro se & suis nutriendis, facere tot exacti
451 2215 1211 2263 ones? Adde vlterius. si opus fuerit, potest episco
464 2256 1213 2307 pus fouere ecclesiasticos viros dando eis pauca
454 2299 1216 2356 quibus etiam potest prouidere pro loco & tempo-
459 2344 1201 2395 re non ratione seruitii: sed ratione idoneitatis co
453 2385 1217 2438 gnitae seruiendo. Vbi autem esset aliquis pauca ha-
450 2429 1211 2485 bens secundum suum statum communem, de-
463 2474 1205 2526 beret suum statum temporalem & transitorium
459 2521 1211 2570 diminuere potius quam aliis dare occasionem male
463 2567 1211 2616 agendi: quia si episcopus pauca habens capiat pe
454 2612 1212 2664 cuniam post spiritualium exhibitionem sub titulo
451 2654 1206 2710 sustentationis, potissimum si bonus fuerit, puta-
457 2694 1218 2770 bunt opulenti episcopi hoc sibi licere. Motiua au
1290 320 2067 376 tem cuiusdam oppositum tenentis nullius sunt
1303 378 2066 421 nomenti. dicit episcopos grauatos esse cura to-
1289 415 2054 471 tius dioecesis. hoc nihil est: nam contra aequitatem
1290 459 2059 509 naturalem non currit consuetudo, vt superius di
1299 510 2057 552 xmus. Nec valet dictum eius quod papa scit & to-
1288 544 2063 591 lerat: ergo est licitum. Antecendens enim est fal
1303 591 2054 644 sum: vt patet per constitutiones Martini quinti,
1303 630 2057 694 Eugenii quarti, Pii, Pauli, Sixti / & multoru alio-
1302 681 2060 732 rum neotericorum pontificum. Secundo conse-
1294 725 2056 777 quentia est nulla, vt patet de multis criminibus
1296 769 2059 826 irretitis tam inter ecclesiasticos quam laicos. ⁋ Recol-
1287 810 2063 858 ligendo sparsim dicta: diximus quod plebanus lici
1297 857 2057 904 te cogit subiectos laudabilem seruare consuetudinem
1299 901 2059 951 post factum tamen quando consuetudo est tora
1300 943 2056 988 liter praescripta. ante factum enim aut tempore exhibiti-
1296 984 2056 1036 onis sacramenti cogere non potest: licet non capiat ratio
1291 1036 2054 1088 ne consuetudinis: quia adhuc non est consuetudo
1293 1078 2063 1127 & esset color de sacramentorum venditione. spe
1302 1122 2054 1166 cies autem mali est relinquenda. gratis tamen obla-
1303 1166 2048 1219 ta capere potest. Nec obstat cap. Emendari. i. q. i
1305 1211 2057 1256 ybi prohibetur nummos in concham mittere ne
1309 1254 2060 1310 videatur sacerdos vendere baptismum. quia hoc est
1294 1300 2053 1351 propter speciem mali. sed in cap. sequente dicitur
1294 1350 2060 1397 quod gratis oblata capere potest. Episcopi autem ista
1300 1389 2060 1439 facere non possunt: cum sufficientes redditus pas
1294 1430 2057 1482 sim habeant. Quo fit vt minor venia danda sit
1300 1475 2057 1525 opulento episcopo ista capienti quam pauperi. Sed
1297 1520 2050 1567 dicis. si pauper occulte caperet aliquid pro sui susa
1287 1569 2050 1621 tentatione / non committeret simoniam: ergo neque
1302 1608 2060 1661 diues simoniam committit. Respondeo. conse-
1302 1657 2057 1706 quentia intelligenti nullum colorem habet. Vbi
1290 1699 2053 1746 enim non est consuetudo cogens homines sol-
1294 1739 2060 1790 uere, simoniam committeret: non autem vbi est con-
1298 1784 2057 1830 suetudo in plebanis. sicut negociator capit lucrum
1300 1832 2056 1879 vltra sortem sine vsura. sed si is qui non est negocia
1296 1877 2062 1924 tor, simile lucrum caperet / vtique vsuram committe-
1285 1917 2057 1972 ret. Ille simoniam committit qui in exhibitione spiritualium
1285 1961 2057 2014 temporale capit praeter rationem: licet dicat pro sui
1293 2002 2059 2054 sustentatione se capere. Et haec de consuetudine
1294 2050 2054 2095 tam episcoporum quam inferiorum. De notanis &
1282 2094 2057 2146 similibus videndum est, an habeant sustentationem
1285 2136 2053 2191 deputatam vt gratis suum officium exequantur / an
1281 2182 2059 2238 non. Et secundum hoc consequenter dicendum est de
1293 2226 1696 2275 simonia vel non simonia.
1290 2269 2062 2360 ⁋ Distinctionis Vigesimae quintae
1524 2333 1888 2421 Quaestio Quinta.
1633 2415 2060 2494 Vinto quaeritur: An
1612 2475 2057 2537 simoniace promotus cum mu-
1627 2523 2052 2573 nere a manu iustum titulum in
1617 2563 2061 2627 beneficio acquirat. Respondetur
1621 2610 2052 2667 negatiue. vt patet per extra
1611 2653 2056 2714 uagantem Martini quinti in
1608 2705 2057 2771 concilio Constantiensi con
