2310 3314
508 304 1256 361 modo varias ( vt dicunt) cautelas excogitarunt pro
519 359 1261 405 euitanda simonia: cum sit eadem sententia: vt cognosci
510 396 1261 449 tur ab hominum consuetudine: & hoc in foro contra
516 440 1253 489 dictorio declaratetur. Si autem haeredes defuncti red
510 479 1260 537 ditus recuperare vellent: vel si ecclesia officium inium
514 528 1265 587 ctum perficere nollet: semper homines intelligunt quod illud
510 576 1252 629 spirituale officium non datur pro illis temporalibus bonis
510 623 1264 666 vltimate & pro praecio adaequato. Nec damnandi sunt
504 659 1258 714 simplices quocumque modo loqundi vtantur: suam fidem
504 708 1256 759 & modum assentiendi conformantes formaliter vel
521 749 1252 800 virtualiter ecclesiae. Si enim fieret eis obiectio quod
504 791 1256 841 male iudicarent illic esse emptionem vel huiusmodi
514 838 1253 890 dicerent se putare habere melius, scilicet spirituale pro
513 884 1262 935 temporali: & ad gloriam dei & ad salutem animarum sua
516 929 1259 981 tum & parentum, haec factitare: & sibi ostendi cuperent
505 966 1255 1020 qualiter loqui in hac parte oporteat. Immo aliqui
510 1023 1262 1070 fundant obitus plurimos, assignantes redditus fra
498 1060 1265 1116 tribus minoribus peccantibus illos redditus assu
510 1109 1259 1159 mendo, cum sit contra eorum professionem. absit autem quod pie
501 1149 1261 1201 redditus fundantes peccarent nisi super hoc essent
508 1190 1265 1246 edocti: quemadmodum vulgus dans eis pecuniam non
504 1243 1258 1291 peccat: quia non cognoscit eorum regulam nec scire te
498 1283 1261 1332 netur. Secus est de docto qui peccat, quia pecca
498 1325 1262 1381 to recipientum cooperatur scienter vel ignoranter
504 1371 1256 1426 vincibiliter, quod enim vni est ignorantia vincibilis:
504 1410 839 1470 alteri est inuincibilis.
501 1458 1258 1556 ⁋ Distinctionis Vigesimae quintae
676 1536 1085 1619 Quaestio Septima.
838 1596 1262 1685 Eptimo & vltimo
834 1661 1253 1727 circa hanc materiam quaerituri
847 1711 1249 1770 quae sit poena simoniacorum
837 1755 1259 1815 Respodetur. licet multipli-
834 1800 1253 1860 ces sint eorum poenae: tamen de
837 1842 1253 1902 grauioribus solum loquar-
837 1887 1264 1948 Vna poena est quod simonia-
501 1934 1259 1977 ci in ordine vel beneficio sunt excommunicati: nec
498 1977 1255 2032 ius acquirunt in beneficio. Hoc quaestione quinta in
508 2019 1252 2074 probatione conclusionis diximus. Et Martinus
501 2064 1256 2123 Quintus in alia extrauagante facta anno secundo
502 2109 1258 2165 sui pontificatus Mantuae, quae incipit Damnabilem.
511 2152 1253 2210 confirmat omnes excommunicationes, suspensiones,
498 2201 1261 2255 priuationes, & interdicta, & alias censuras a sum
499 2245 1258 2296 mis pontificibus latas contra simoniacos: quas vult
504 2287 1252 2335 incurrere ipso facto omnem simoniacum occultum
499 2337 1259 2393 vel manifestum, vbicumque simoniam commiserit: cuius
499 2383 1262 2433 cumque status: etiam si episcopatus aut cardinalatus,
508 2426 1253 2478 vel quauis alia ecclesiastica vel temporali praefulgeat
499 2465 1258 2522 dignitate: dictarum excommunicationum, suspensionum
505 2509 1259 2553 & poenarum absolutionem sibi reseruans nisi in mor
508 2552 1262 2616 tis articulo, nec vult quod virtute concessionis indul
499 2597 1259 2655 ti aut cuiuscumque facultatis absoluendi concessae vel
493 2640 1266 2690 concedendae a sede apostolica possint absolui: nisi
498 2685 1257 2764 specialiter de peccato simoniae auctoritatem absol-
1338 287 2105 357 uendi contineant. Hoc idem voluit Eugenius Quai-
1335 352 2104 400 tus in extrauagante quae incipit. Cum detestabile.
1339 393 2098 448 & Paulus Secundus in processu quem in die louis
1338 439 2098 489 sancta fecit. & Sixtus Quartus. ⁋ Secunda poe-
1335 482 2108 528 na est quo ad restitutione, quae est onerosior in fo
1338 527 2095 573 ro animae. Dicitur quod ab omnibus poenis a canone
1339 568 2098 623 latis, suspensione, irregularitate, infamia, excommu
1333 617 2102 665 nicatione, pontifex dispensare potest. Et haec sit
1345 660 2095 720 vna propositio siue conclusio, cuius ratio est: quia non est
1339 702 2103 762 aliquod statutum pure papale quod possit eu obliga
1339 754 2099 805 re. sicut enim par in parem non habet auctoritatem: ita
1348 793 2098 839 nec idem in seipsum. ⁋ Secunda conclusio. Non potest
1338 838 2096 881 dispensare quin simonia contra ius diuinum, sit pec-
1333 880 2098 928 catum. probatur: quia inferior non potest legem supe-
1339 926 2108 971 rioris reuocare. ⁋ Tertia propositio. potest tamen face
1338 969 2104 1029 re quod actus qui esset simoniacus propter suam prohibi
1338 1012 2105 1066 tionem in inferiori: sit non simoniacus. hoc sequitur
1339 1064 2098 1112 ex probatione primae propositionis. Non tamen potest fa
1339 1100 2096 1146 cere quod illud quod in tali actu fuit peccatum, non
1332 1141 2105 1193 fuisset peccatum: quia de praeterito non potest facere
1335 1192 2114 1246 non praeteritum: immo nec deus. vi. Ethicorum. ⁋ Quar-
1332 1234 2099 1286 ta propositio. potest dispensare cum simoniaco pa
1339 1278 2096 1324 ctionali quacumque pecunia data, quod licite teneat be
1333 1323 2099 1378 neficium. probatur. potest dare ei nouam collationem
1338 1369 2101 1413 illius beneficii: nec ius naturae vel diuinum repugnat
1341 1413 2108 1468 quin is sit illius beneficii capax: ergo potest ei il-
1341 1452 2102 1504 lud conferre. Satis enim purgatur vitium quando res per-
1329 1499 2108 1555 uenit ad dominum. ftu. de vsucap. l. Si fur. &.c. Quod
1342 1550 2110 1599 quidam. S. Si forte. i. qui. i. vt si ego habeam equum tuum
1332 1589 2102 1640 furto sublatum: equo manente penes me, potes in
1332 1635 2102 1677 me transferre dominium equi, & manebit meus-
1335 1674 2101 1730 Modo pontifex potest conferre beneficium & praeue-
1339 1720 2108 1771 nire communes collatores. & hoc rationabile est in
1338 1766 2095 1820 proposito: quia alioquin homines contra conscientias non
1332 1818 2101 1866 resignarent haec beneficia: quamquam potest esse aliqualis oc
1338 1851 2101 1904 casio emendi beneficia. Sed de munere ab obse-
1345 1898 2099 1950 quio quando nulla est pactio: si homo sit idoneus
1345 1943 2106 1997 quocumque fine inseruiat: non credo quod teneatur benefi
1333 1987 2101 2040 cium restituere. Fodem modo si prece vel consangui-
1333 2029 2111 2082 nitate beneficium acquisiuit, dummodo sit indoneus,
1339 2072 2104 2124 sufficit poenitere de peccato, siue erat intentio prin
1342 2118 2110 2165 cipalis, per obsequium vel preces obtinere benefi-
1342 2162 2114 2222 cium, siue non. lstud potest ostendi per capitulum
1345 2205 1649 2265 vltimum de simonia.
1344 2252 2107 2348 ⁋ Sed de simonia mentali inter do-
1333 2334 2105 2384 ctores est difficultas non modica propter. c. fi. huius
1344 2380 2099 2440 rubricae: vtrum homo beneficium acquisitum per simo
1335 2424 2111 2484 niam mentalem si secum non dispensetur a Romano pon-
1345 2469 2108 2518 tifice, teneatur resignare. Pro cuius intelligentia con
1338 2507 2102 2558 siderato. Quaedam est simonia mentalis sine opere-
1332 2560 2110 2610 quaedam mentalis cum opere subsecuto sine pactione.
1345 2599 2111 2650 & quaedam cum opere subsecuto pactionalis. & intelli-
1341 2642 2101 2698 go de pactione in munere in re vel in spe. Pono
1332 2689 2117 2760 exempla. vnum, do collatori a. summam pecuniae vt
