2301 3316
225 309 998 374 habeam pactione beneficium in te: & ipse sic acci-
243 374 985 425 pit. De ista pactionali non reuocatur in dubium quin
226 411 986 465 homo teneatur beneficium resignare, nec pot ali
225 458 988 510 ter poenitet. vt in. c. Inquisitionis. de accu. & poe
224 499 985 559 nae excomunicationis permissae sunt contra hos latae-
241 543 992 600 de mentali autem sine opere non esse restitutionem facienda-
238 592 991 646 certum est: quia illic nihil datur: vt in vno corollario pri
237 631 985 688 mae quaestionis diximus. De secundo membro: vt quan
231 671 1001 730 do do praelato pecuniam vt beneficium habeam tempore
240 727 992 777 vacationis eius vel ante: & ipse scit me hac inten
226 763 991 822 tione dare, & illa intentione suscipit, nihil mihi lo-
237 807 1007 866 quens: variae sunt positiones. loannes Andreas-
234 848 1001 911 dicit quod sola intentio nuqui inducit nisi simoniam men-
244 895 1004 952 talem. hoc approbat Panor. in. c. Tua nos. Contra
238 940 1001 999 hoc arguitur. beneficium in hoc casu acquirens tenetur
232 989 997 1042 ipsum restituere: nec titulum. in beneficium acquirit: vt
238 1033 999 1088 patet per allegata. alioquin esset simoniae palliatio:
239 1076 992 1130 & tacite sine pactione formali homines emerent bene
231 1114 989 1180 ficia. Et pontifices volentes simoniacam labem est me
241 1163 1001 1222 dio tollere, contra istam potissimum sicut contra vulpe
235 1204 1001 1265 culam loquuntur. Praeterea si quis nomine Petrupo
240 1248 994 1308 Petro ignorante, & etiam episcopo: apud collateralem
241 1294 998 1350 episcopi simoniam commisit: Petrus tenetur beneficium
234 1344 992 1399 resignare. i. qui. i. Praesentium. ergo a fortiori in casu
240 1395 1001 1443 nostro. Et patet invsura. Dicis. pecunia foenebris
228 1432 1007 1489 est accipientis ad vsuram: qua pecuniam pontifex re-
225 1476 991 1532 mittere non potest. restitutio vero simoniaca est facien
243 1514 995 1571 da ecclesiae quam remittere potest ecclesia si vult. Obii
235 1568 1001 1622 cio. vna ecclesia non potest remittere pecuniam alterius
235 1602 989 1654 ecclesiae. Non valet dictum Hostiensis dicentis vsuram
244 1650 989 1715 iure diuino prohibitam: Simoniam vero in beneficio,
238 1696 1004 1754 de iure solum humano. Hoc enim est contra praedicta in
235 1743 998 1796 quaest. secunda huius distinct. loannes Andreas dat
240 1785 1004 1845 aliquas friuolas rationes, dicens. Magis quis obli
239 1821 1006 1887 gatur ad mutuum quam ad beneficium. in simonia mens
251 1871 1001 1922 vtriusque potest esse lacerata: ideo melior est conditio
237 1918 997 1973 possidentis. in mutuo solum deprauatur mens mutuan-
237 1970 991 2019 tis. Primum est falsum. aliquis enim obligatur alteri
231 2001 995 2058 dare beneficium: mutuo vero non, extra necessitaren-
235 2049 1007 2099 contingit etiam quod in simonia vnius solum mens lace
234 2091 1004 2143 retur: & in vsura aliqua / vtriusque. Panor. tamen in ca-
232 2138 1007 2188 fi. discedit ab opinione priori in ca. Tua nos. Ma
240 2189 1000 2242 gis explanando membrum de quo est quaestio: sit hoc
241 2236 1007 2283 exemplum. Petrus dat trecentos ducatos praelato tem-
240 2280 995 2329 pore praebendae vacantis, & nihil dicit: episcopus hos
240 2318 994 2366 trecentos capit: & ratione eorum sine pactione dat
240 2368 1006 2418 praebendam. hic est vera simonia, & tenetur restituere,
240 2413 1004 2465 vt opinor, pecuniam episcopus: nec Petrus acquirit
243 2449 1013 2500 ius in beneficio. Et est simile, si ego deponerem
243 2498 1007 2550 mille quod episcopus non dabit fratri meo beneficium
240 2540 1009 2591 vacans, credens quod hac via auarus episcopus fra
240 2580 1013 2638 tri meo dabit beneficium: & reuera ita facit: tunc di-
240 2638 1007 2680 co quod episcopus tenetur hanc pecuniam restituere:
243 2673 1004 2725 nec frater acquirit ius in beneficio. & ita vtrobique
234 2716 1003 2786 quando effectus simoniae mentalis est causa mo-
1065 301 1832 378 tiua habendi beneficii. Alia enim est simonia men
1053 367 1820 423 talis, quae non est causa habendi beneficii. & tale be-
1065 415 1822 464 neficium vel pecuniam acquisitam non oportet restitue-
1065 458 1826 506 re. vt si idoneus aliquis det episcopo gradarium
1074 507 1853 553 nac intentione vt sibi praebendam det: nihil super hoc
1068 543 1831 598 episcopo significans: iam iste est simoniacus. post
1072 593 1826 639 annum vel duos episcopus memor & muneris ac-
1075 639 1826 685 caepti & idoneitatis, dat ei beneficium quia idoneus
1063 679 1841 733 est: fortasse equus quo inuehitur est causa memo-
1068 728 1828 772 riae: nec episcopus tenetur restituere gradarium: nec
1072 766 1835 813 clericus praebendam: & tamen praecessit simonia mentalis
1074 810 1835 861 & hoc quadrat cum litera quam posui: quae congruit
1071 857 1837 906 proposito. ⁋ Teneo igitur idem esse in vsura & si-
1071 900 1828 943 monia. Et proportionabiliter hic dicendum est ad di-
1078 940 1829 999 cta de vsura in simili. Et ad caput fi. huius rubri
1069 991 1838 1041 cae: dico quod illic est sermo de monacho. Ordinatum
1069 1028 1841 1085 siquidem erat in concilio quod religiosi recepti precio
1074 1078 1835 1122 vna cu recipientibus de monasterio expellerentur
1074 1121 1840 1172 & in arctioribus monasteriis ad peragendam poe-
1073 1169 1844 1222 nitentiam detruderentur. Sed recepti ante illud conci
1068 1207 1843 1257 lium ponebantur sicut recepti in aliis locis eiusdem. or
1065 1251 1841 1296 dinis: vt dicitur in. c. Quoniam. consultus est ponti-
1065 1295 1828 1344 fex: an illud statutum monachorum ad abbates extem
1073 1337 1851 1405 datur: & ad resignationes temporalium & spiritualium.
1071 1382 1846 1435 Respondit. Romanus pontifex dicens. Consulta-
1074 1432 1837 1482 tioni tuae breuiter respondentes dicimus mandatum
1073 1481 1843 1533 apostolicum aetiam ad abbates extendi: & ad resigna-
1071 1519 1846 1567 tiones spiritualium & temporalium: quae nullo pacto
1083 1559 1840 1611 sed affectu anim i praecedente vtrinque taliter acquirum
1072 1608 1841 1654 tur: in quo casu delinquentibus sufficit per sola poe
1078 1655 1847 1704 nitentiam suo satisfacere creatoriteos pro simonia hu
1071 1695 1837 1741 iusmodi non teneri. Dico quod pontifex loquitur solum
1089 1743 1848 1794 quo ad istos monachos: vt maneant monachi &
1071 1785 1847 1836 in coenobio. Etiam potest pontifex pecuniam taliter
1078 1837 1845 1888 acquisitam applicare cui velit in pios vsus: quemad
1078 1880 1848 1931 modum faciebat applicando huic monasterio de
1083 1920 1846 1974 quo est mentio, necloquitur de alia simonia indif-
1074 1960 1847 2008 ferenter. ⁋ Aliter tamen & forte apparentius respon-
1074 2005 1850 2059 debo. quia nec glo. ordinaria, nec alii quos super
1070 2051 1844 2106 hoc legi, literam ad intentionem meam explicant: eam ordi
1074 2100 1831 2144 nabo. & hoc sic. Quando affectio animi emendi
1075 2138 1841 2199 beneficii praecessit: vt in Petro idoneo dante grada-
1078 2186 1844 2232 rium episcopo hoc in anno: episcopus illius intentio-
1080 2226 1853 2284 nis ignarus dat Petro beneficium anno sequante / ob
1081 2274 1853 2325 eius magnam idoneitatem: vterque tenebit acceptum li-
1075 2320 1847 2368 cite: vt diximus. Petrus etiam poterat mutare propo
1075 2360 1840 2417 situm simoniacum quod praecesserat volendo episcopo
1084 2406 1856 2459 pure dare, non respiciendo ad praebendam: & iam nulla
1080 2453 1841 2504 pactio praecessit formaliter vel aequiualenter: quare
1071 2497 1849 2551 non est opus restitutione. Secus est, dicit ponti-
1071 2537 1850 2592 fex, si pactum praecesserit, pactum inquam expressumi
1084 2584 1853 2640 vel effectualiter hoc est virtualiter, implicite vel
1074 2628 1844 2675 aequiualenter. tunc autem est pactum aequiualenter
1083 2675 1844 2726 quando factum & modus faciendi aequiualent
1083 2720 1846 2782 pactioni verbali. quis enim est qui deberet negare
