2340 3344
541 340 1292 394 ac industrius licet pauper diuiti & ignauo praestat.
550 381 1294 430 Propterea recte dicebat Romanus ille: cum duo
540 435 1297 481 generi sibi offerrentur: alter diues & imprudens: alter
544 479 1300 518 inops & prudens. Malo, inquit, vitum sine fortunae
544 519 1297 570 bonis quam bona fortunae sine viro. Sed vbi quis po
534 565 1303 610 test vtrumque habere: non est vituperandum: nisi is sit cui
538 613 1297 653 non prodest / immo obest plura habere bona fortu
553 647 1303 701 nae: quod crebro contingere potest. ⁋ Contra tertiam
540 693 1316 751 conclusionem arguitur. Multa mala in matrimo-
547 736 1313 782 nio contingunt: vt lites, iurgia, bella, & huiusmodi mon
543 778 1315 831 stra. ergo actus non est honestus. Respondetur. con-
540 824 1301 874 sequentia est nulla: quia eodem modo argumentum
549 869 1301 925 probaret multa reipublicae necessaria / inhonesta. ⁋ Con
552 911 1306 963 tra quartam conclusionem arguitur. Circumstantia
541 954 1316 1000 mala cadens in ratione obiecti super actum alio-
558 1001 1303 1058 quin bonum / facit ipsum malum & non bonum: er
546 1045 1315 1104 go circumstantia mala actui matrimoniali supue-
550 1088 1316 1143 niens facit ipsum non esse matrimonialem. Responde-
552 1132 1312 1183 tur. consequentia est nulla. nam ad essentiam bonitatis
553 1185 1313 1226 actus moralis requiritur quod obiectum totale sit bonum:
546 1225 1303 1284 ad essentiam autem matrimonii non requiritur quod nu
553 1268 1036 1324 la circumstantia mala per onatur.
710 1332 1312 1415 Tquia in quaestione praece-
710 1389 1316 1447 ldente diximus matrimonium debere es-
711 1440 1321 1502 sse perpetuum: gratia illius dubitatur: An
565 1487 1316 1543 n lumine naturali matrimonium debeat esse perpe-
556 1540 1325 1580 tuum. Respondetur per distinctionem & conclusionem. Di-
553 1573 1310 1624 stinctio est haec. Aliquid est de iure naturae bifariam-
565 1623 1318 1674 Vno modo quando est principium practicum euidens ex
555 1665 1322 1714 terminis: vel conclusio inde euidenter deducta. Alio
558 1710 1316 1759 modo quando rationes naturales sunt multo apu
562 1757 1316 1810 parentiores ad vnam partem quam ad oppositam apud
561 1798 1313 1848 sanum ingenium. Hoc supposito dicitur quod matrimo
564 1843 1319 1889 nium no est de iure naturae primo modo: bene au-
564 1884 1325 1933 tem secundo modo. Primum patet. nam in lege Mo-
556 1931 1313 1986 saiea, vt postea dicetur, libellus repudii erat permis-
564 1977 1318 2023 sus: ergo ipse non est contra legem naturae primo mo
565 2021 1316 2070 do. Hoc amplius patebit, probado secudum membrum,
552 2064 1318 2118 scilicet quod indissolubilitas matrimonii sit de iure na
559 2112 1325 2160 turae secudo modo. Probatur sic. Aliqua sunt ani
561 2146 1322 2202 malia quae statim genita sibi prouident ab instinctu na
564 2204 1331 2252 turae, vt anates syluestres. Aliqua sunt quae maiore
564 2248 1317 2293 eget tempore postquam genita sunt: ita vt aliquibus so
565 2286 1319 2351 la mater sufficiat: nonnunquam vterque parens tanquam re-
562 2330 1321 2387 quisitus opem praestat: vt est in columbis, vbi tam
570 2378 1319 2421 mas quam foemina incubat. Aliqua vero sunt animalia
565 2418 1319 2478 quae multum temporis ad crementum tam in corpore quam
565 2466 1325 2522 in moribus requirunt: & opes ad hoc vt educentur:
571 2510 1327 2572 vt homines. illud autem non potest fieri in breui tem
567 2556 1324 2605 pore: & vix primae prolis educatio. generant autem
577 2598 1323 2659 viri ad annum septuagesimum vsque: & mulieres pari-
570 2649 1318 2702 unt vsque ad quinquagesimum. ergo magna pars
571 2690 1326 2737 etatis erit confecta antequam vltima proles erit adulta in
565 2736 1325 2800 corpore & moribus. quod vero tunc separentur / cum
1377 324 2150 381 senio sunt confecti / qui tristitias & laetitias pariter
1380 375 2154 430 tandiu experti sunt / est alienum. igitur. Nec valet im-
1389 422 2156 482 tare de non habentibus proles. quia vt plurimum ho
1381 464 2159 524 mines generant: & leges respiciunt illa quae plurimum
1386 509 2150 565 eueniunt. etiam ad vtilitatem communem respi-
1390 559 2149 612 cere oportet / & non priuatam. ergo licet alicui esset
1387 598 2162 652 vtilius diuortium mulieris sterilis habendo aliam foe-
1389 646 2159 691 cundam: hoc est in praeiudicium communitatis: quia mul
1386 690 2150 738 ti alii sollicitarent diuortium / in reipublicae pernicien
1393 734 2162 782 Confirmatur tota haec ratio, quando vir scit se non pos
1389 778 2153 827 se per legem latam / ab vxore separari, nec econver-
1396 821 2165 872 so / non sollicitat diuortium / nec ipsa separationem:
1395 866 2161 926 quamuis eum poeniteat matrimonii contracti. Exem
1398 912 2160 958 plum accipe de multis religiosis quos crebro tedet
1389 958 2165 1012 religionem assumpsisse. sed cum sciant se non pos
1395 1001 2159 1046 se resilire: de necessitate virtutem faciunt & progre-
1389 1044 2171 1097 diuntur. Separatio autem esset vtrique parti & liberis
1393 1099 2177 1144 maxime nociua. nam quilibet furto ab alio sub-
1392 1132 2170 1180 traheret vt aliud matrimonium post diuortium con-
1393 1182 2155 1235 trahere posset: & liberi in paupertate manerent: quod
1398 1223 2171 1269 esset in grauem iacturam reipublicae. Praeterea vxor
1392 1269 2156 1317 secretorum viri conscia lites & iurgia in politia semi-
1396 1310 2162 1363 naret: a quibus reipublicae conducit abstinere. In su
1398 1362 2155 1405 per Virgilius primo Aeneidos in lumine natura
1392 1400 2158 1451 li loquens ita ratus est, ex persona lunonis ad Aeolum
1401 1447 2162 1501 vt distinctione. xxxi. postea ostendetur: ergo quili-
1393 1488 2171 1547 bet ratione vtens diceret vtile fore legem ferre vni-
1401 1528 2171 1586 uersalem: quod nemo post matrimonium initum pos
1401 1579 2161 1624 sit facere diuortium: nec in casu excipere, vt de ie
1393 1622 2162 1668 iunio. nam cum homines essent ad hoc propensi: post
1398 1665 2158 1713 lites & sterilitatem / matrimonium nunqui haberet sta
1404 1712 2167 1769 bilimentum. Hoc ipsum habet naturaliter loquentium
1402 1756 2168 1812 princeps septimo Politicorum: vt patebit amplius
1401 1797 2162 1850 distinctione. xxviii. Sed quia aliqui iu lumine na
1395 1841 2170 1888 turali incedentes diuortio vsi sunt: vt Assuerus re
1402 1892 2171 1950 ginam Vasthi repudians etiam consilio procerum:
1398 1941 2164 1991 signum est quod non est de lege naturae primo mo
1404 1972 2168 2025 do: bene autem secundo modo. ⁋ Ecce quomodo
1392 2032 2170 2080 clara habens naturalia diceret matrimonii separa
1404 2068 2165 2120 tionem esse contra aequitatem naturalem in quocumque
1395 2115 2161 2156 euentu nisi deo dispensante, cui homines parere
1402 2152 2171 2205 habent. quia si aliquam exceptionem admitteret:
1399 2207 2168 2249 confunderetur tota politia matrimonialis. Et sicut
1398 2244 2158 2304 vnum paruum membrum in corpore vero patis
1392 2286 2164 2336 sacturam / immo abiicitur vt bene sit toti: sic in cor
1398 2336 2155 2390 pore mystico est seruandum. sed propter aliquas ape
1401 2385 2170 2436 parentias in contrarium / aliqui opposito facile assen
1401 2420 2158 2480 tirentur. quare non est contra legem naturae primo modo
1398 2466 2161 2516 dictam. Vlterius dico quod si alter coniugum iocose
1404 2512 2165 2557 vel aliter dicat alteri quod in eum vel eam non consensit:
1405 2551 2161 2603 alter vel altera non debet ei credere: & potest sicut an
1402 2595 2161 2641 te reddere debitum vel petere. Si tamen credat: ipsa ex
1402 2641 2177 2692 sua stultitia est perplexa: & reddendo peccat, suae
1401 2691 2177 2743 conscientiae contraueniendo, non reddendo etiam
1407 2729 2176 2802 peccat, omittendo actum ad quem tenetur. similiter de vi
