2296 3317
207 348 967 402 cessere / ne iterato probro afficiatur. memor sit mu
201 402 967 448 lierem primam ex osse & quidem curuo fabricatam.
212 444 962 495 Saccus autem ossibus refertus in solum proiectus
204 490 967 537 magnum dat sonum. saccus vero terra (ex quan
203 531 973 578 Adam plasmatus est / plenus: sonum exilem reddit.
211 578 971 631 Mulierem ad vestium mediocritatem reducat: & po
204 623 961 673 tius ad defectum quam ad abundantiam: ostendendo
211 667 962 714 ei quomodo hoc ad decorem virtutis cedat viri
198 717 526 769 & vxoris legitimae.
207 762 974 842 ⁋ Distinctionis Vigesimaeseptimae
373 811 713 901 Quaestio Prima.
693 888 970 949 lrca distinctio
699 946 971 1016 nem vigesimansepti
688 994 971 1058 mam quaeritur primo:
696 1041 959 1104 An requiratur &
692 1083 959 1146 sufficiat consensus
703 1130 966 1188 mutuus per signa
706 1175 962 1233 praesentialia explici
690 1218 967 1276 tus ad verum matri
694 1260 961 1321 monium. Responde
696 1307 965 1364 turaffirmatiue, non
697 1351 968 1412 tamen requiritur consen
694 1395 968 1451 sus formalis in ma
706 1440 969 1497 trimonium: vel con
207 1471 967 1531 sensus formalis in dationem corporum: simplices
204 1529 958 1586 enim nesciunt ita discernere: sed requiritur saltem
208 1575 971 1623 consensus tacitus inter illos quo velint illum con
205 1624 971 1678 tractum inire quo sint coniuges: vel possint licite
210 1664 971 1717 reddere debitum: vel aliquid aequiualens. Probatur
204 1706 956 1753 conclusio. Aliqua ad matrimonium inter persona-
207 1751 958 1802 legitimas requiruntur: & nion videtur quid aliud
214 1795 971 1864 quam ista recitata: igitur. solus autem consensus non
205 1840 962 1888 sufficit. nani potest Petrus in Bertam consentire
205 1887 965 1934 & contra: & vterque ignorare de alterius consensu.
205 1931 971 1981 si autem tunc esset matrimonium / esset valde incer
213 1972 961 2038 tum. Et patet hoc in ca. Tua nos. de spon. ltem ma
205 2018 970 2071 trimonium est sacramentum ad quod de commui le
207 2070 970 2118 ge requiritur signum sensibile. verba tamen sine con-
202 2112 968 2166 sensu etiam non sufficiunt. Tertio arguitur ad idem.
204 2164 960 2214 vir habet dominium sui corporis: sic mulier: & vter
213 2198 971 2257 quod pontest transferre partiale dominium in alterum:
207 2240 958 2298 si transsatio non sit irritata per legem superioris, quod
203 2284 971 2355 excludo per ( legitime). sed haec trassatio non potest fic
202 2328 556 2403 ri nisi per signa. igitur.
213 2360 958 2452 ⁋ Contra conclusionem arguitur. Non
202 2444 965 2493 requiritur explicatio per signum sensibile in casu
207 2489 965 2535 inter Petrum & Bertam iam signatos. Nam Petrus
201 2532 968 2580 in Bertam consentit: & scit se consentire: hoc etiam
198 2578 968 2629 Berta de se ipsa scit: ergo ipsi duo sciunt se consen-
204 2618 966 2672 tire in se mutuo. Respondetur. licet isti sciant se con
192 2668 971 2716 sentire de matrimonio: hoc tamen non sufficit: sed
198 2710 959 2759 requiritur quod vterque sciat illud de altero. ⁋ Secundo
207 2752 973 2817 arguituriliter. de regu. iuris. dicitur. Nuptias non con
1053 337 1816 403 cubitus sed consensus facit. ergo solus consensus
1040 393 1827 445 sufficit. Respondetur. consensus partialiter facit ma
1048 439 1820 494 trimonium: licet partialiter facere sit facere simpli
1044 486 1807 537 citer. ⁋ Tertio arguitur. Matrimonium inter absen-
1051 525 1814 579 tes crebro contrahitur: vt reges contrahere solent in
1054 574 1813 640 magna locorum intercapedine. tunc autem vno con
1046 624 1817 667 sentiente altera forte dormit: ergo non requiritur consen
1041 660 1820 712 sus mutuus. ⁋ Respondetur concedendo quod ma
1044 707 1810 762 trimonium inter absentes contrahitur si specialiter
1051 757 1804 807 mandetur procuratori vt contrahat: & signetur ei
1048 796 1816 851 determinata persona cum qua contrahatur si perseue
1045 842 1811 887 ret in eadem voluntate. vt habetur de procur. ca. Procu
1048 885 1814 931 rator. libro sexto, iuncta glossa. Sed ad formam ar-
1046 926 1804 989 gumenti dico. quod duplex est consensus. quidam
1044 973 1807 1025 actualis: & ille ad matrimonium sufficit: sed non re
1042 1021 1805 1076 quiritur. Nam quando vir profert verba de praesen
1051 1064 1814 1111 ti & consentit: potest mulier adhuc non consenti-
1048 1114 1814 1159 re. postea muliere verba proferente & haben te con-
1045 1150 1805 1200 sensum viri, consensus non est in rerum natura: &
1054 1202 1814 1245 tamen est verum matrimonium. alioquin ratissi-
1042 1242 1805 1288 me erit matrimonium si talis vnio consensus requi
1044 1277 1804 1338 ratur. Alius est consensus virtualis / qui debet esse
1044 1329 1811 1374 simul: & ille sufficit. Consensum virtualem voco
1054 1371 1821 1428 quando alter consensit, & postea non dissentit. Vir-
1044 1416 1808 1470 tualis etiam cum formali sufficit. hoc sic declaro.
1041 1463 1819 1510 Sortes in Britannia consentit in Bertam in Gallia in
1047 1505 1808 1563 principio lanuarii. Berta vero in Francia consentit
1042 1548 1808 1603 in hunc Sortem primo die Februatii sorte dormien
1048 1598 1808 1642 te: iam consensus virtualis in sorte concurrit cum
1045 1642 1814 1693 consensu actuali Bertae: qui duo consensus ad ma-
1035 1680 1819 1732 trimonium sufficiunt. Tertia propositio. possibile
1038 1730 1813 1782 est matrimonium primo esse contractum: & tamen
1048 1783 1814 1831 nullum esse consensum actualem in vno coniuga-
1045 1816 1817 1866 torum. Probatur. Sortes in principio lanuatii in
1044 1862 1816 1917 Bertam consensit: & Berta in Sortem ante expli-
1045 1902 1811 1957 cationem verborum in principio Februarii quan
1047 1951 1826 2002 do matrimonium contrahitur: non est autem necessa-
1038 1998 1816 2049 rium ad matrimonium quod Berta tunc iterato con
1044 2041 1817 2089 sentiat: sed sufficit quod ipsa consenserit, & postea non
1041 2091 1808 2139 dissentiat. ⁋ Ex istis tribus propositionibus ad ar-
1039 2140 1819 2187 gumentum responsiuis infero alias propositiones: qua-
1045 2174 1813 2222 rum Prima est. Consensus virtualis nullum actum volun
1048 2217 1799 2269 tatis vel intellectus ponit. ⁋ Secunda propositio. si
1050 2263 1804 2317 Sortes dissensit tempore intermedio quo oratores
1038 2305 1811 2356 erant in itinere antequam Bertam adirent, & postea con-
1040 2349 1810 2403 sensit: consensus virtualis manet sufficiens. ⁋ Ter-
1042 2394 1817 2450 tia propositio. si Sortes in Bertam consentiat & hoc
1038 2437 1817 2491 explicet verbo, & Berta dissentiat: sed Berta con-
1048 2489 1804 2538 sentiente Sortes dissentiat: non est matrimonium. pa
1039 2537 1805 2578 tet: quia nec est consensus actualis / nec virtualis cum
1035 2570 1808 2622 formali simul: & ille ad matrimonium requiritur. Af-
1039 2616 1808 2667 ferri potest exemplum ex secundo Regum de Thamar &
1038 2658 1808 2714 Ammodo. ⁋ Quarta propositio. Nihil est quod Panor.
1036 2704 1807 2756 in ca. Dilectus. de sponsa. dicit, quod de subtilitate iuris
1029 2748 1814 2807 securior & tutior debet esse cosensus mutuus simul-
