2363 3327
508 339 1274 417 non est maioris ligaminis quam ante carnalem copu-
507 395 1276 448 lam: quia alioquin ipsum solueret: quod est falsum:
517 444 1265 496 vt patet in ca. fi. de spon. duo. sed vnum est indisso
502 480 1260 548 lubile: ergo & aliud. ⁋ Respondetur distinguendo quod
501 532 1264 585 sit tanti ligaminis: vel quo ad separationem: & quod fiai
506 579 1267 631 nouus cotractus matrimonialis: & hoc est dubium:
504 623 1268 674 quod paulopost tangemus. vel per hoc quod fluctiuagum
498 668 1256 713 & instabile saeculum relinquitur, & potissimum per
508 708 1268 759 religionis professionem. & sic non est idem. ratio iam
507 759 1271 814 proxime reddita est. ⁋ Sed contra hoc arguitur. quan-
507 803 1265 846 do ille profitetur religionem: vel vinculum matri
507 846 1265 900 monii est solutum: vel non. si secundum / cum ipsa
513 887 1267 940 possit contrahere sicut pontifex definit: sequitur quod
516 934 1271 984 vna mulier habebit duos viros in mundo, & ad
508 974 1271 1029 duos viros duo vincula: quod est inconveniens. Si est
500 1021 1262 1069 ruptum: contra. vtrumque extremum est in rerum na
501 1065 1259 1119 tura: & vinculum est illae personae vinctae. Relatio enim
495 1112 1263 1165 non distinguitur a fundamento & termino, proui
501 1150 1262 1200 suppono: & extrema manent: ergo illud vinculum
503 1196 1265 1252 manebit. Respondetur. aliqui dicunt illud vincu-
502 1235 1271 1291 lum non esse solutum. sed dico ipsum esse ruptum
505 1290 1259 1339 vbi ille profitetur castitatem: quemadmodum in mor
508 1329 1276 1376 te naturali. Et habetur. xxxi. quaest. i. Quomodo vir
498 1377 1268 1426 ginibus. de diuor. ca. Gaudemus. Nec habet haec
505 1424 1265 1476 mulier duos viros. nam cum vinculum sit ruptum:
496 1468 1272 1512 non habet eos amplius, quemadmodum diceretur
508 1500 1260 1563 de resuscitato. vt vxor Lazari, siqua fuerit, non te
507 1551 1261 1601 nebatur post resurrectionem eum capere: nec Dru-
502 1588 1263 1653 siana virum. si tamen voluisset / poterat. nam legitur
499 1644 1268 1691 ad hebraeos. xi. de mulieribus accipientibus viros
495 1682 1267 1737 suos. licet illud possit intelligi de filiis earum. sicut
505 1722 1258 1775 Sunamitis recepit filium a propheta resuscitatum ar
495 1769 1262 1825 te Naim. Lucae. vii. Sed ad propositum redeundo pro-
495 1813 1259 1872 pter ipsam in saeculo manentem cogetur ille statim re
496 1860 1264 1908 ligionem profiteri in duobus mensibus, vt manens
501 1899 1259 1952 in saeculo sibi prouideat de matrimonio, nec opor
499 1946 1267 1997 tet tenere legem communem nouitiorum in illo ca-
504 1988 1262 2045 su: sed arbitrio iudicis tempus est abbreuiandum.
502 2035 1265 2091 ⁋ Sed dicis papam posse dispensare cum religio
505 2081 1264 2131 so vt religionem derelinquat. Sortes igitur de quo
497 2121 1261 2182 in casu argumenti tractatur / egrediatur coenobium
496 2171 1261 2226 & ducat vxorem: iam Berta habebit duos viros in
502 2211 1260 2274 saeculo: cum ipsa nunc sit coniuncta. Respondetur.
506 2257 1257 2318 impertinens est nobis illud quod infertur. Opinor
508 2298 1260 2362 llud esse probabilius: quod sortes cum dispensatione po
501 2348 1268 2404 test aliam vxorem ducere, cum vinculum fuerit so-
502 2389 1259 2441 lutum: & sit resuscitatus ad saeculum ciuiliter, quem
504 2441 1268 2490 admodum resuscitatus ad vitam potest aliam vxo-
507 2486 1265 2537 rem ducere sua priore coniuge viuente. Sed istius
498 2529 1260 2580 concessio non infert idem esse cum dispensato, non
511 2565 1268 2630 sufficit tamen castitas in domo propria. vt patet ex
507 2616 1266 2676 ca. Ex parte tua. Et quando dicis. illae personae post
507 2658 1271 2720 matrimonium consummatum manent: ergo vin
510 2692 1252 2761 culum, nego consequentiam. nam vinculum ma
496 2749 1260 2810 nebit quando non manebit vinculum. per mortem
1350 356 2114 421 enim ciuilem corrumpitur vinculum: licet vincu-
1353 407 1762 469 lum non desinat esse entia.
1360 485 2116 548 ⁋ Sed quo ad aliam particulam dubium
1357 547 2114 606 est: an pontifex possit dispensare, cum aliqua fidelis con
1347 586 2119 643 traxit matrimonium de praesenti cum aliquo / ante carna
1345 628 2111 691 lem copulam: vt alter istorum altero in saeculo manen
1350 674 2109 743 te possit contrahere rursus cum alio. puta possit sepa
1351 722 2104 779 rare matrimonium inter Sortem & Bertam, dando
1357 762 2115 828 facultatem Bertae contrahendi cum Cicerone: & Sor
1347 815 2104 860 ti cum Teberga. Et hic duas positiones oppositas
1354 851 2111 915 inuenio: quarum vna est glossae in cap. Ex publico.
1341 896 2117 964 de con. coiu. saltem recitatiue. & clarius in ca. Qua
1348 944 2111 997 propter. xxvii. qu. ii quae dicit quod matrimonium non con
1347 994 2101 1049 summatum significat vnione animae fidelis ad deum
1344 1034 2107 1087 Consummatum significat vnionem verbi ad huma-
1348 1078 2116 1125 nitatem: & dei ad ecclesiam. prior vnio per mortale dis-
1351 1118 2111 1176 soluitur: secunda vero nunquam. propterea matrimonium
1343 1164 2107 1219 non consummatum dissoluitur: non autem consumma-
1346 1212 2107 1274 tum. Hostiensis & Panor. hic dissute & sinistre glos
1336 1252 2108 1309 sam impugnant. tum primo quod glos. solum recitat.
1335 1303 2105 1356 tum secundo: non negaret quin matrimonium sit
1345 1343 2110 1403 ex institutione dei. Sed nodus argumenti in hoc
1347 1388 2101 1443 consistit: an indissolubilitas matrimonii ante car-
1342 1435 2101 1483 nalem copulam sit ex institutione diuina an huma-
1340 1479 2105 1533 na. & voluit glos. dicere quod erat ex humana. & tenem
1341 1528 2102 1573 do quod pontifex dispensare possit, bene consequenter
1342 1562 2101 1618 loquitur. Et sicut Hostiensis & Panor. glossam non
1339 1608 2114 1663 intelligunt: ita nec seipsos: nec leporem argumenti
1338 1651 2105 1717 inquirunt. Sed in effectu dicit Hostiensis: quod con-
1339 1695 2099 1758 sensu vtriusque sponsi potest papa ex potestate ab
1341 1741 2102 1795 soluta dissoluere tale matrimonium: nulla alia causa
1348 1782 2096 1840 existente. sed ex potestate ordinaria potest ex cau-
1336 1829 2106 1887 sa dissoluere tale matrimonium: non autem consum
1338 1872 2104 1925 matum: quia consummatio consistit in facto: quod non
1346 1914 2090 1978 potest haberiper non facta. xxxii. qui. v. ca. Si paulus
1344 1958 2106 2020 Panormitanus dicit illd mirabile verbum: sed cum eo
1342 2010 2106 2071 transit. ⁋ His relictis iterato tango nodum argumenti.
1346 2054 2105 2114 vel indissolubilitas matrimonii ante copulam car-
1342 2096 2102 2166 nalem est de iure diuino: vel ex institutione ecclesiae.
1345 2136 2093 2193 Si primum: non potest vllo modo dispensare: quia hoc
1338 2185 2098 2238 est ius superioris reuocare. Non valet dicere. serua-
1336 2228 2101 2282 re votum spontanee emissum est de iure diuino: sed
1339 2275 2094 2336 non in omnem euentum: verumrin casu ancipiti superior
1332 2322 2104 2369 interpretatur quando est tenendum: & declarat ipsum in ca
1332 2366 2101 2414 su soluendum. sic in proposito: licet sit de iure diuimo. Nam
1338 2405 2102 2460 si hoc sit verum / habetur positio Hostiensis & eum imitam
1329 2450 2099 2511 tium falsa / quod non potest de potentia absoluta sic
1331 2498 2107 2557 matrimonium dissoluere. Sed nec illud sufficit. quia
1338 2537 2104 2595 sic diceres de matrimonio consummato. Prorsus
1336 2589 2102 2638 etiam nihil valet quod dicit, consummatum consistit in fa-
1342 2628 2095 2693 cto: quia sic matrimonium de quo loquimur est prae
1345 2670 2098 2735 sentialiter factum: & non potest haberi pro non facto,
1342 2715 2095 2769 per eadem quae ipse allegat. Restabat ergo dicere
1339 2770 2097 2828 quod est ex institutione positiua ecclesiae: per ec-
