2378 3321
253 362 1009 414 dissolui: dato quod erant pura & categorica. hoc pa-
245 418 1013 464 tet per. c. Praeterea. de spon. Sed dicis: pontifex di
252 460 1007 506 cit illud tolerandum: sicut aliqua peccata minora ne
248 504 1010 550 deteriora contingant / tolerantur. Et ita tenet glo. or-
243 548 1016 590 dina. Contra hoc arguo. hunc contractum pontifex so-
243 591 1013 650 cietati comparat. modo societas inita cum vtriusque con
242 635 1007 682 sensu potest sine peccato dissolui. Verum hoc argu-
240 681 1004 731 mentu non vinceret. quia diceretur non esse omnino
240 725 1001 771 simile: sed in aliquo quoad tolerantiam. Secundo
246 771 1001 817 arguitur ad idem. Omnis res per quascumque causas
245 815 1009 862 oritur / per easdem dissoluitur. & hoc in contracti-
239 857 1007 904 bus ratificationem indissolubilitatis non habentibus
240 902 1003 953 a deo: quemadmodum sunt sponsalia. sed sponsa-
239 948 1006 997 lia etiam categorica sunt huiusmodi. igitur. ⁋ Secun
240 991 1012 1039 da conclusio. Sponsalia possunt dissolui sine pec-
233 1037 1013 1083 cato altero dissentiente. probatur. potest superuenire
231 1081 1007 1131 noua causa: quae si occurrisset in contractione spon
239 1123 1001 1172 salium / sponsalia non fuissent contracta: sed in tali
232 1171 1007 1228 casu possunt sponsalia sine peccato dissolui. igitur.
234 1216 1007 1260 Secundo probatur idem. aliqui casus in iure con
241 1258 1001 1305 ceduntur liciti de non perficiendis sponsalibus: etiam
234 1302 998 1346 altero dissentiente: ergo conclusio vera. quorum ali-
229 1350 1004 1399 quos enumerabimus. ⁋ Primus casus est quan-
229 1396 998 1441 do alter religionem assumit etiam ante professionem.
238 1436 1007 1491 patet per. c. Veniens. qui cleri. vel vouen. secundum
235 1492 1001 1534 vnum intellectum. Praeterea, matrimonium ante car-
232 1525 1007 1575 nalem copulam per professionem dissolui potest
233 1573 997 1621 ex dictis in hac distin. quod alioquin est indissolubi
235 1611 1004 1665 le. sed multo minus sponsalia obligant quam matri-
229 1661 1011 1703 monium. igitur. Tertio. aliquis casus sponsalium
222 1705 995 1762 dissolutionem parit: qui id minus videtur posse quam
226 1747 992 1796 religionis ingressus, vt patebit per sequentia: ergo
228 1792 998 1850 etiam ille est admittendus. ⁋ Secundus casus: quan-
218 1835 1002 1893 do alter sponsus cum alia contrahit per verba de
219 1881 991 1937 praesenti vel per verba de futuro carnali copula
217 1928 999 1973 subsecuta. c. i. de spon. duorum. Et patet ratione. nam
220 1973 994 2025 vinculum minus vinculum maius & incompossibile
216 2016 998 2064 tollit. ⁋ Tertius casus, quando certus terminus tem-
214 2060 1002 2115 poris a principio sponsalium appositus fuit. Nam
213 2105 992 2155 termino elapso ille per quem non stetit liber est: & contra
209 2149 995 2207 hit etiam sine periurio: sed alteri imponitur poeniten
210 2197 998 2250 tia de periurio. patet in eodem titulo. c. Sicut ex lite-
207 2240 986 2283 ris. Signanter dicitur (a principio sponsalium) quia
208 2281 989 2328 si fuissent sponsalia a principio categorice contra-
201 2325 1003 2375 cta, & postea de die nuptiarum conuenissent: per la-
194 2369 1004 2429 psum: illius diei non liberatur alter. ⁋ Quartus. quam
199 2415 998 2464 do alter lepram aut paralysim incurrit: aut visum
195 2462 990 2520 vel nasum amittit: aut ei aliquid turpius euenit post
183 2503 988 2559 sponsalia. patet in. c. Literas. de coniu. lepro. Et in
181 2546 989 2595 c. Quemadmodum. de iureiuran. Notanter (post spon
180 2591 994 2647 salia) quia secus est si ante sponsalia vitium tale inerat.
184 2628 989 2693 Et ratio istius casus est: quia si istud vitium a princi-
177 2682 985 2729 pio affuisset: fictione iuris obicem sponsalibus praesti
168 2721 994 2780 tisset. Si dicas quod non: tunc alter vitium non habens potest
169 2768 1000 2837 matrimonium perficere. si ergo vitium non habens retro-
1081 373 1856 432 cedit, & non constat quare aliunde decedit: signum est
1095 424 1855 472 quod vitium illud impedimentum sponsalibus dedisset a
1087 471 1854 525 principio si affuisset. ⁋ Quintus casus: quando alter
1086 511 1860 559 fornicatur / quo ad innocentem. ille enim qui fornica
1089 555 1855 602 tus est non potest resilite si alter innocens velit cum ipso
1099 602 1865 656 vel ipsa contrahere. patet per. c. ii. de transsa. praela. etiam
1087 635 1853 702 si fornicatio esset violenta cum tali cognita. Plerique
1093 686 1847 745 enim sunt qui nullo modo contrahere / & rationabiliter
1099 731 1865 780 nollent cum tali. hoc potest etiam contingere si tempore
1089 771 1852 825 desponsationis erat corrupta quam virginem putabat.
1090 821 1861 864 nam potest esse quod nolit bigamiam & illam poenam ca-
1087 862 1846 924 nonicam incurrere. vel sine hoc / vult castam & inco
1087 914 1853 969 gnitam. ⁋ Sextus casus, quando alter est haereticus. Haere
1089 957 1847 1007 sis enim est fornicatio spiritualis. xxviii. q. i. c. Non so
1080 994 1852 1046 lum. &. c. lam nunc. ⁋ Septimus casus, in sponsa
1093 1039 1855 1096 libus conditionalibus deficiente conditione: vt si mu-
1084 1083 1844 1147 lier promittat dotem quam dare nequit. ⁋ Octauus
1090 1133 1853 1179 casus est ob affinitatem. vt si sponsus consanguineam
1084 1170 1843 1233 sponsae cognoscat, vel econtrario. xxvii. q. ii. Si quis
1077 1223 1853 1268 sponsam. de eo qui cogno. consan. vxo. su. c. Ex lite
1074 1265 1853 1320 ris. Non autem ob publicae honestatis iustitiam. ratio est
1089 1310 1853 1368 quia per sponsalia primo contracta fuit primo indu
1087 1354 1844 1409 cta publicae honestatis iustitia: ergo par ratio indu
1075 1397 1857 1449 cta non potest eam tollere. ⁋ Nonus casus ob ordinis
1080 1438 1853 1496 sacri susceptionem. xxvii. q. ii. c. Scribit. S. Ecce. se-
1078 1493 1854 1544 cus est de matrimonio. vt ex praecedentibus patuit.
1087 1531 1852 1583 ⁋ Decimus casus. si sponsus se ad remota trans-
1081 1574 1859 1617 fert: sponsalia etiam iuramento firmata sunt dissol-
1076 1617 1851 1671 uenda a muliere: si per eam non stetit quin matrimo-
1077 1659 1844 1725 nium compleuisset. de spon. c. De illis. Et licet ponam
1084 1712 1852 1755 tur tres anni secundum leges. vt. C. de repu. l. ii non
1077 1754 1844 1801 tamen est necesse sic expectare: sed ad arbitrium iudi
1078 1804 1848 1852 cis secundum exigentiam casus / tempus est abbreuiandum
1085 1845 1849 1897 vel prorogandum. Casus hos tangit glossa in di
1087 1885 1856 1950 cto. c. De illis. & patent in his versiculis. Lepra super:
1067 1935 1850 1991 ueniens, furor, ordo, sanguis, & absens: Laesaque vir
1074 1977 1849 2030 ginitas: membri dannum: minor aetas, Ac heresis: la-
1080 2025 1849 2074 psus, fidei remissio, prorsus Sponsos dissoluunt
1074 2071 1840 2125 & vota futura retractant. Breuiter tot casus super:
1073 2109 1847 2165 uenire possunt vt enumerari nequeant. Sed in hac
1068 2155 1841 2206 theorica standum est qua in tota materia vtimur.
1073 2196 1844 2251 Casus ille post sponsalia eueniens dissolutionem eo-
1070 2244 1845 2308 rundem inducit: qui si affuisset in principio sponsa
1075 2283 1842 2348 lium / eadem iudicio prudentum impediuisset. Et quando
1072 2338 1842 2395 causa est notoria vel sponsalia sunt penitus occul-
1074 2375 1841 2429 ta: auctoritate propria potest resilire: in casu autem du
1069 2420 1844 2469 bio ecclesiae auctoritate separatio fieri debet. patet
1072 2467 1841 2519 per. c. Si duo pueri. de despon. impube. ⁋ Tertia
1071 2512 1846 2556 conclusio. Sponsalia non possunt dissolui sine pec-
1071 2561 1832 2611 cato nisi vbi interuenit causa / quae ab initio ea iu-
1074 2597 1840 2647 dicio prudentis impediuisset. probatur. quaelibet
1077 2646 1837 2690 promissio deliberata & rationabilis est seruanda.
1068 2692 1842 2746 de pact. c. i. vbi dicitur. Antigonus episcopus di-
1074 2735 1838 2779 xit. & infra. Aut inita pacta suam obtineant firmi
1068 2778 1838 2841 tatem: aut conuentus si se non cohibuerit / ecclesia
