2333 3311
484 303 1247 359 est cauere ne proles generetur quam prolem vitalem suf-
488 353 1246 408 focare. & certe hoc est verum. nam Plato talem legem an
498 397 1249 447 te recitauit. Ex hoc manifeste sequitur quod noluit or
498 444 1249 496 batos occidi: sed exponendos esse extra vrbem, & il-
496 489 1238 544 lic nutriendos: si lex vrbis eos residere in vrbe non
507 538 1243 597 patiatur. quod ita voluerit, patet per eius verba. At si mul
502 574 1243 632 titudo tanta prolis alicui contigerit: vt duplicatus sit
498 618 1245 670 filiorum numerus (nam is definitus esse debet) ad
493 667 1247 713 mulritudinem nimiam euitandam anteuenire oportet ne
495 707 1234 757 foetus concipiantur. nam postquam concepti sunt, & ser
489 753 1238 801 sum aut vitam acceperint: nefas est attingere eos
494 797 1250 858 Ecce eius verba. ac si expressissime dixisset. Culpa
492 838 1237 898 grandis est eis nocere. Ex quo clare sequitur quod null
487 891 1246 943 tales sunt necandi. Nusquam vero melius quam in materia
485 930 1250 984 matrimonii, & puerorum educatione loquutus est
498 978 1252 1038 philosophus. quare mirandum est de aliquibus theo-
491 1014 1243 1069 logis: qui cum Politicorum libros vix inspexerint, eorum
484 1065 1241 1121 dem auctorem reprobant. Alia causa est secundum eum
478 1110 1243 1164 nam quando comiunguntur iuuenes: parum aetatis distat in
490 1152 1253 1204 ter parentes & liberos: quamobrem non prosequuntur eos
477 1192 1243 1248 honore. Sed contra illud arguitur. ergo ipse admittit
487 1234 1241 1290 fornicationem simplicem licita: quia non approbat ma-
474 1278 1240 1328 trimonium ante contractum. homines enim tam diu continere
489 1333 1244 1382 nequeunt. Respondetur negando sequelam. numquid no
482 1366 1241 1422 stri vouentes & sacerdotes continere possunt sine
486 1420 1243 1465 matrimonio vel fornicatione? praesertim si Aristo
480 1464 1234 1516 telis vterentur consilio & doctrina in eodem septimo
471 1503 1237 1553 scilicet quod in iuuentute nec viderent nec audirent turpia
480 1550 1233 1604 & honestas occupationes sequaerentur. Fateor tamen qui
483 1590 1241 1641 consuetudo ecclesiae est facilis pro communi plebe. pru
484 1640 1235 1686 dentes autem multas proles habentes si obseruarent do
473 1681 1247 1728 ctrinam Aristotelis, bene agerent: & esset ecclesiae gra
479 1726 1246 1777 tissimum. Videns igitur secundum omnes quod mulier ante virum
480 1767 1244 1826 nubit. Sed summe cauendum est senibus quinqua-
483 1821 1250 1870 genariis & supra eam aetatem ne ducant iuuenculas po
483 1858 1243 1905 tissimum nobiles aut diuites. multa enim mala ex ta
483 1897 1240 1949 libus coniugiis euenire solent. Si tamen senex gratia sobo
478 1942 1247 2001 lis habendae iuuenem mulierem desideret: ducat viduam
477 1991 1231 2051 probam, cuius foecunditas est cognita: vel pauperi
471 2038 1243 2095 mulierem e bona & laudata stirpe: quae viro erit &
475 2082 1238 2140 vxor & ancilla. vidimus siquidem plerasque tales ca
482 2129 1244 2178 ste & pie cum maritis suis in omni probitate viuentes.
477 2171 1235 2224 opulentas autem & nobiles mulieres cum senibus con-
471 2210 1243 2273 trahentes crebro labi audiuimus. ⁋ Secundo arguitur
473 2255 1241 2314 contra eandem conclusionem. Pigmaei generant in quinto
484 2308 1228 2362 anno, & senescunt in octauo. ergo conclusio falsa
487 2345 1234 2408 Si neges pigmaeos: hoc est contra Aristotelem. vii
477 2384 1231 2440 de historiis animalium. Et Auicenna octauo de An
471 2443 1235 2490 malibus dicit: quod Pigmaei sunt vnius cubiti: & pu-
486 2478 1228 2525 gnant contra grues, nec hoc est mendacium. Petrus iti
480 2518 1243 2584 Ebanensis in decima particula problematum Aristo-
477 2562 1232 2620 telis, dicit se aliquos vidisse. ⁋ Respondetur. Pigmae.
471 2609 1232 2654 non sunt homines, sed omnino more aliorum brutorum inue
465 2650 1232 2698 recundi, & bruta nobiscum multum communicantia. pro
471 2696 1234 2769 pterea enim homines putantur a multis. quod bruta citius
1320 288 2068 372 generent: non est mirandum: nam etiam citius moriuntur
1329 358 2078 413 ⁋ Tertio arguitur. homines ab exordio mundi diu
1330 410 2069 460 tius vixerunt qui nunc viuant, vt videtur ex principio
1317 444 2077 496 Geneseos. plerique enim vltra nongentos annos vixe
1317 494 2066 543 runt. sed postea pedetentim minus & minus vixe
1320 533 2080 591 runt. ergo sensim & temporis successu dabuntur viri
1321 583 2075 627 non potentes viuere. xviii. vel. xx. annos. quare
1324 626 2069 680 oportebit eos generare ante. xiiii. annos. alioquir
1311 671 2071 725 mundus hominibus vacabit. ⁋ Respondetur. scriptura
1321 711 2081 760 loquitur de hominibus qui diu vixerunt. & est verosimi
1327 756 2081 800 le quod hoc fiebat miraculose: nam alii non ita diu vi-
1320 800 2077 858 xere. Nec sufficit dicere: quod erant temperati & bonae
1320 849 2082 900 complexionis sub bono caeli aspectu producti. quia
1314 890 2077 943 illa in diebus istis contingunt: in quibus nulli ad hanc
1321 929 2083 980 aetatem perueniunt. Opinor tamen quod homines alii de quibus
1320 977 2081 1022 scriptura non facit mentione, vixerunt multo diu-
1311 1021 2071 1074 tius quam homines nunc viuant. deus namque conseruabat eos
1323 1069 2077 1114 ob eorum bonitatem: vel quia pauci eruditi erant, ad
1321 1111 2081 1168 alios docendos tam in legibus quam in moribus. Sed a
1317 1154 2081 1207 bis mille annis praeteritis communes homines optima
1312 1199 2081 1248 complexione donati non transierunt. lxx. annos. In
1311 1245 2071 1298 giganteis autem viris aetas est. lxxx. annorum. Testis
1311 1294 2075 1345 est psalmographus psalmo. lxxxix. canens. An
1312 1332 2068 1377 ni nostri sicut aranea meditabuntur: dies annorum
1321 1372 2068 1428 nostrorum in ipsis. lxx. anni. Si autem in potentatibus
1323 1419 2071 1466 octoginta anni & amplius: eorum labor & dolor-
1317 1464 2077 1525 Homines quoque adhuc eam aetatem viuunt. Nego igitur
1311 1503 2072 1555 suppositum argumenti: quod semper homines sensim minus
1312 1552 2078 1618 & minus viuant. Aliqui enim viuunt tandiu quam in die
1321 1594 2069 1645 bus Dauidis, etiam apud nos. Nam Strabo. xv. libus
1312 1638 2078 1689 dicit Indos passim vluere. cxxx. annos, & Seres
1321 1686 2074 1736 cc. Sed quicquid sit de hoc: nihil ad nos. Credo
1315 1724 2081 1789 etiam quod & ipsi nunc longe minus viuant quam sui ma-
1311 1772 1550 1820 iores vixerint.
1478 1814 2080 1910 lc dubitatur primo: quando
1485 1899 2083 1943 occurrit dubium in aliquo contractu: an
1477 1937 2081 1994 sponsalia contrahantur an matrimonium i
1311 1984 2081 2043 pro quo iudicandum sit. Respondetur. oportet videre
1315 2038 2077 2086 circumstantias contractus. In nostro proposito sponsalia
1321 2072 2082 2125 plerumque matrimonium antecedunt. Porro in casu du
1315 2117 2090 2174 bio pro sponsalibus praesumitur si iam non praecesserint. si
1317 2162 2087 2219 autem antecesserint, pro matrimonio praesumendum est. Sed
1312 2206 2090 2265 quia sponsalia non sunt necessaria matrimonio: pos-
1311 2251 2090 2302 sunt audientes considerare ex aliis circumstantiis: quando
1311 2297 2090 2351 erit praesumptio pro matrionio. In verbis autem dubiis
1311 2339 2084 2397 oportet respicere communem hominium intelligentiam, & non ar-
1308 2391 2080 2443 gutias ineptas. vt si Sortes Bertae diceret. tenebo
1311 2428 2083 2485 te pro vxore quousque terra oculos meos cooperiati
1312 2469 2090 2522 licet intelligat / quousque puluerem super oculos ponati
1315 2514 2087 2566 cogitur matrimonium continuare, & pro eo praesumitur: lica
1315 2559 2075 2613 si non consentiat, non sit matrimonium. hoc patet in ca. Ex
1309 2600 2082 2650 littris. i. de sponsa. vbi Alexander Tertius Cantuariensi
1302 2652 2090 2703 archiepraeo scribit dicens. Ex litterus. & infra. De hoc autem
1311 2696 2093 2761 quod consuluisti quid debeat obseruari, quando inter ali-
