2337 3325
484 354 1247 413 vel beatitudine. ⁋ Quita propositio. Fides infusa
478 410 1242 461 superueniente acquisita fide actiue concurrit ad actum fi
486 452 1246 502 dei. Probatur. apparentia est vt patet ex praecedenti, quod fi-
478 495 1235 546 des infusa sit perfectior acquisita: ergo non neganda est
490 542 1223 599 causalitas ab ea, magis qui ab acquisita: immo esto quod
484 582 1236 646 esset imperfectior. sed haec non e sufficiens cam cum anima, nisi
478 630 1235 686 ponatur fides acquisita: ita quod illae duae causae cum anima
472 674 1238 723 sufficiunt. acquisita tamen sine infusa sufficienter inclinat
478 715 1235 765 in actum, sed non econverso. & hoc nobis experientia &
477 763 1232 815 ratione partim constat: & sic homienus fidem infusam & acquisitam
478 809 1232 853 intensiorem actum credendi producit quam si haberet ha
475 847 1238 901 bitum acquisitum tamtenum, nec illa via naturaliter habi
478 898 1232 944 tum infusum in nobis probare potes, cum nesciatur a
477 938 1238 993 quibus fontibus scateat intensio actus. Ex istis patet
472 986 1238 1034 quod virtutes cardinales infusae non sunt eiusdem
475 1030 1231 1081 speciei cum acquisitis. Probabiliter autem possumus pro-
478 1071 1232 1121 bare habitus acquisitos per actus, sed temperantiam ne
465 1119 1223 1171 scimus plus probare in baptizato inquantum huiusmodi, qua
475 1158 1237 1212 in non baptizato. igitur nec illud cocludit quod non de
465 1207 1232 1266 bemus ponere virtutes cardinales alterius speciei
472 1252 1247 1297 in paruulis: quia eodem modo argumenta vin-
465 1300 1238 1345 cunt de fide spe & charitate. Contra dicis, deus in-
459 1338 1244 1401 fundit iustitiam, vel omnem iustitiam, vel aliquam &
478 1382 1236 1443 aliquam non. Secundum non est dicendum, nec primum: quia
469 1422 1238 1482 sunt infiniti habitus specie distincti ipsius iustitiae
474 1471 1226 1525 dabiles: & sic de temperantia. ergo si deus sufficien
472 1517 1229 1562 ter infundit istos habitus, infinitos infundit. Di
466 1562 1223 1610 catur: infundit vnum habitum qui inclinat in omnes
460 1605 1229 1658 actus iustitie: sicut fides infusa inclinat in omne
469 1648 1233 1706 illud quod de necessitate credendum est: & chari-
460 1695 1223 1747 tas infusa ad omnem actum meritorium: vt in. xvii
475 1736 1224 1798 distinctione primi dictum est. vel oportet dicere quod
465 1779 1224 1842 deus infinitos habitus infundit, contra communem
471 1827 1006 1880 scholam: quia de facto loquimur.
478 1893 1229 1959 ⁋ Secundo arguitur contra dicta.
471 1953 1220 2008 si esset aliquis habitus creatus a deo: ille ita natura:
468 1997 1216 2048 liter inclinaret ad actum sicut habitus acquisitus. Sed foi
459 2043 1229 2090 titudo infusa inclinat ita naturaliter ad actus forti
463 2089 1213 2136 tudinis sicut habitus fortitudinis ex actibus genit
466 2133 1225 2183 Respondetur concedendo dummodo habitus fortitudi-
459 2177 1223 2235 nis infusus a deo esset eiusdem speciei specialissimae
453 2221 1217 2269 cum habitu acquisito produceret suum actum cum ita pat
466 2267 1230 2323 uo motiuo sicut acquisitus: sed habitus infusus quando
465 2311 1229 2363 producit, semper naturaliter producit sicut acquisitus.
460 2356 1228 2405 ⁋ Sed contra illud arguitur. dabilis est vna pars
465 2398 1230 2455 fidei habitus acquisiti ita remissa sicut fides infusa
460 2440 1220 2489 & illa agit: ergo fides infusa quia est perfectior cum
454 2488 1216 2540 sola potentia. Respondetur. est color in argumento: sed
457 2536 1218 2588 consequentia nihil valet, vt patet ex dictis. Expe-
463 2578 1206 2636 rientia enim rerum magistra docet oppositum, quia rec
454 2626 1217 2675 rit secumn fidem acquisitam vel motiuum extrinsecun. Ex in
453 2666 1223 2712 lo sequitur quod si esset vnus habitus fidei infusus in
460 2706 1224 2765 finitus, actum fidei cum sola potentia producere non pos
448 2755 1223 2819 set, quia dato opposito deuenire oporteret ad habi
1315 366 2081 434 tum finitum fidei infusum qui posset producere cum sola po-
1311 419 2089 464 tentia actum, quod est contra dicta. Et est simile. sol partialiter potest
1318 461 2075 514 producere asinum, puta cum asino. ii. Physicorum: & for
1318 510 2073 560 te asinus sine sole. Sed nunc tamen imaginemur: si sol
1312 551 2074 605 in infinitum crescat / asinum sine asino producere nequit.
1316 591 2076 652 Vnde hoc interest inter habitum infusu & acquisitum: quod
1312 641 2066 689 acquisitus habitus & potentia possunt producere actus
1314 686 2073 732 credendi sine alio adiumento extriseco. Infusus autem
1314 724 2078 779 & potentia sine motiuo extrinseco non valent. suffi-
1311 773 2053 830 cit quod habens fidem infusam & motiuum citius credit qua
1315 814 2057 864 eam non habens: & fortitudine infusa redimitus citi
1309 859 2066 913 fortius aget quam illa vacans: & cum fortitudo sit volun
1315 906 2066 963 tatis ornamentum quae est libera / cum potentia sufficit pri-
1311 951 2083 994 mun actum fortitudinis erigere. Haec de fide in vm-
1315 991 2048 1053 bra dicta sunt secundum exigentiam huius materiae.
1657 1142 2064 1217 Vaeritur secundo cir-
1642 1203 2082 1266 ca hanc distinctionem quartam
1648 1251 2075 1305 vtrum non volens & fictus re-
1648 1291 2078 1351 cipiat sacramentum. Pro so-
1641 1338 2075 1401 lutione quaestionis suppo-
1619 1376 2081 1439 no non idem esse: non vo-
1636 1427 2067 1481 lens / & nolens. Antichristus enim
1312 1470 2071 1520 non vult capere sacramentum baptismi: sed falsum
1312 1514 2071 1563 est dicere, Antichristus nonvult capere sacramen
1303 1560 2072 1607 tum baptismi: supposito quod non vult / sint duae
1306 1606 2063 1652 dictiones in prima / & tertia persona de nolo in se
1309 1648 2069 1701 cunda. Prima enim est negatiua non praegnans de
1306 1693 2066 1740 subiecto non supponente: ergo vera. secunda pro
1300 1741 2071 1793 pter similem causam falsa est. Tunc pono distinctiones.
1303 1784 2071 1831 Prima est. recipientium baptismum quidam sunt ad
1309 1828 2071 1875 ulti: quidam infra annos discretionis. Et si dicas
1303 1868 2075 1914 haec diuisio in plurali non valet. nam captis duo
1305 1912 2070 1966 bus / quorum vnus est adultus: alter vero non: haec
1308 1962 2069 2009 membra non competunt illis: tamen diuisum de
1299 2004 2066 2058 pronomine eos demonstrante verificatur. Redu
1293 2051 2066 2104 cas ad singularem numerum si volueris: vel acci
1297 2094 2060 2145 pe plura membra in plurali numero. ltem loquor vt
1302 2145 2071 2195 plures. Anni discretionis citius incipiunt in vno
1299 2182 2056 2229 qui in alio. Propterea non est possibile dare vnam
1302 2228 2068 2279 regulam generalem ex parte temporis conuenientem
1299 2273 2061 2328 omnibus: sed sic procedendum est. Capiatur Sortes quo
1299 2316 2059 2359 nunc est natus: capiatur totum tempus in quo ni
1303 2357 2069 2413 hil rationis habet: & gratia exempli sit septem annorum:
1294 2402 2060 2451 & a. instans terminatiuum illius. postea successiue
1294 2447 2054 2501 secundum quod maturescit succedit ratio capiantur duo an
1293 2495 2054 2548 ni: a. & b. instantia terminatiua illorum duorum an
1299 2537 2068 2584 norum: in b. primo verum est dicere, Sortes com-
1296 2580 2049 2636 plete & plene intelligit: & toto tempore inter a. & be
1302 2631 2058 2685 minus peccat quae post b caeteris paribus. capiamus
1294 2669 2057 2727 a. instans: ante illud est infra annos discretionis. Tunc
1296 2713 2057 2761 sic procedo. Recipientium baptisma vnus est infra an-
1294 2758 2069 2826 nos discretionis: alter in termino vel extra. ldem
