2335 3310
475 317 1247 391 hoc non impedit: quia illud sufficeret de identitate spe-
484 396 1238 442 cifica, propterea dicitur, quam errat non consentit. l. Si per erro-
489 424 1241 475 rem.litur. de iurisdi. om. iu. ldem patet. de iure & facti
493 473 1235 539 ignorantia. l. Cum testamentum. Etrantis voluntas nulli
485 513 1243 569 sit. ldem pate de seruitute. nam qui credit aliquam liberan
490 556 1250 608 & in eam consentit, cum ipsa sit ancilla: proprie non con-
490 598 1252 656 sentit. & dato quod in hanc / demonstrando ancillam / consen-
480 651 1246 699 tiat: hoc non sufficit propter ecclesiae illegitimationem
488 693 1246 754 & errorem praeuium cum iugo intolerabili. Partus autem inse
486 737 1244 794 quitur ventrem: nisi fuerit lex municipalis vel consue-
480 779 1241 829 tudo in oppositum. alioquin oportebit habere sobo
491 820 1238 872 lem seruituti miserae subiecta, nec ipsa potest reddere
487 866 1234 924 debitum ad nutum petentis rationabiliter: & quod acquirit i
493 909 1247 981 domini. hoc patet de coniu. seruo. c. Proposuit. ⁋ Se-
480 957 1233 1012 cunda conclusio probatur. remanentibus essentialibus
485 1000 1235 1052 alicuius contractus quantuncumque varientur accidi
479 1044 1238 1095 talia: manet contractus ille. Accidentia enim non va
483 1102 1249 1143 riant essentiam rei. vt patet per definitionem acci-
486 1133 1234 1187 dentis apud Porphyrium, prime intentionalite
481 1178 1243 1238 & de rebus eam exponendo. sed praesupponuni
482 1220 1250 1270 mas & foemina habiles per modum materiae: com
485 1266 1238 1315 sensus autem explicatus per verba obtinet similitud
487 1311 1247 1365 nem formae. modo seclusa materia vel forma seclu
493 1353 1246 1404 ditur compositum integrum: & eis positis / omnibus aliis se-
480 1398 1232 1450 clusis ponitur compositum. sed in duobus secundis erroribus
489 1439 1238 1503 ponuntur mas & foemina & consensus. igitur. diuitia
482 1486 1244 1535 autem & bonitas accidunt matrimonio: quia si opor-
483 1531 1243 1581 teret habere illa de necessitate / num quam esset firmitas
484 1575 1244 1632 in matrimonio: protinus diceret maritus bile conci-
487 1619 1244 1675 tus / arbitrabar hanc humilem quae more leonino super-
487 1665 1241 1714 ba est. hinc nostrates loquentes puellis hoc prouerbio
484 1713 1244 1763 vtuntur. Sis humilis ante matrimonium, postea erige
481 1756 1250 1807 comua, quod crebro in praxim deducunt. De diuitiis
481 1798 1244 1857 minus esset stabilimenti. Si quis autem contrahat cum com-
492 1845 1247 1900 ditione expressa de diuitiis vel huiusmodi: alioquin non
484 1887 1247 1943 intendens contrahere / non contrahit: nec est matrimo
493 1930 1250 1990 nium verum, nec praesumptum ab ecclesia. sed si
483 1975 1243 2030 non consentiat mente nisi sint diuitiae: & hoc non
481 2022 1250 2080 expresse ponat: non est consensus matrimonialis: prae
481 2063 1244 2124 sumitur tamen matrimonium ab ecclesia: & cogetur de in-
487 2107 1025 2178 tegro consentire, illam capiendo.
492 2170 1252 2253 ⁋ Subnectam aliqua pro explicatione
485 2239 1242 2300 materiae: quorum aliqua sequuntur corollarie: aliquam
496 2282 1244 2340 vix inferuntur. Primum. Contrahens cum muliere quae
489 2326 1245 2378 estigenita ex libero & ancilla, vbi est consuetudo re-
498 2377 1250 2429 gionis quod partus sequitur conditionem patris: ve-
492 2413 1244 2471 re contrahit. quia talis est libera. de coniug. seruo.
501 2458 1252 2509 c. Licet. Non loquimur de seruis mercemnatiis / sed de
505 2503 1244 2555 seruis seruiture legali: quales in neutro Britannorum
494 2547 1256 2606 regno reperiuntur. Propterea haec seruitus apud
499 2594 1253 2641 vulgus Britannicum est incognita: & in magna
493 2642 1262 2691 parte Galliae. ipsa tamen non est improbanda ran-
499 2681 1262 2735 quam vitium. lus nanque pontificium eam licitam admit
502 2729 1250 2796 tit. sed nullos tales habere honestius est. Ascripti
1317 312 2086 392 tius autem qui sine gleba vendi non potest / nec econ
1317 384 2083 444 uerso, nullo modo est persona illegitima. patet: quia edi-
1317 426 2077 480 ctum matrimonii est prohibitorium, & caetera. Et hoc
1313 472 2083 527 patet in auten. de sanc. episc. S. Ascriptitius. col-
1314 517 2084 570 xix. vbi dicitur. Ascriptitii possunt ordinari & matri
1330 560 2084 605 monium contrahere sine voluntate domini, non autem
1321 605 2090 658 serui secundum leges. ⁋ Secundo sequitur quod si sor
1330 650 2090 699 tes contrahat cum Berta nesciens conditionem eius, &
1320 693 2084 746 ipsa sit ancilla: non manet matrimonium si recedat
1314 744 2093 797 cum primum ei constiterit. ⁋ Tertio. si sortes contrahat
1323 782 2090 828 cum Berta ancilla, & dominus Bertae dederit libertatem
1314 823 2089 881 ancillae post matrimonium, non est necesse quod sortes
1330 872 2087 930 eam capiat. quia licet ante in eam consenserit: & ipsa
1314 914 2087 960 nunc consentiat: non est consensus mutuus sufficiens
1315 953 2093 1002 si vero tempore contractus vel ante eam manumit-
1330 1001 2086 1061 tat: est verum matrimonium. ⁋ Quarto sequitur. si sor-
1326 1051 2087 1098 tes credat se contrahere cum ancilla, & ipsa sit libera
1330 1094 2078 1141 manet matrimonium. patet: quia error conditionis
1330 1139 2091 1196 melioris non impedit. & qui consentit in Bertam quae est an-
1323 1180 2084 1228 cilla, consentit in eam cum libertate, nec leditur in aliquo
1325 1226 2090 1272 sic contrahens. talis etiam non aestimatur persona inmhabi
1317 1268 2083 1317 lis ab ecclesia. Eodem modo si seruus icum ancilla
1329 1312 2081 1366 contrahat quam credit esse liberam, manet matrimo
1320 1363 2090 1418 nium: quia aeque laeditur. vterque. ar. xxix. q. ii per to
1320 1402 2083 1453 tum. de diuor. cap. Significasti. Si item liber scien-
1326 1446 2086 1500 ter cum ancilla contrahat: est matrimonium. xxix.
1327 1489 2096 1553 qui. ii. Si quis liber. & liber tenetur sequi ancillam. ipse
1326 1538 2090 1595 autem est liber: non ipsa. ⁋ Quinto sequitur quod ser-
1320 1580 2081 1627 uituris conditio non illegitimat simpliciter: hoc
1326 1620 2084 1668 est, si alter consentiat. nam cum quis contrahit cum
1327 1662 2093 1725 ancilla ignoranter vel ex ignorantia, postea tamen con-
1326 1713 2091 1763 sentiens in eam dum hoc sciuerit, est vere mati-
1326 1756 2089 1801 tus illius mulieris: & hoc si mulier tunc consen-
1320 1804 2087 1861 tiat. secus est si mulier dissentiat. ⁋ Sexto sequi-
1320 1846 2087 1902 tur quod cum ancilla quis scienter contrahit / & non ma
1329 1892 2089 1944 net matrimonium. patet. credat Titius Tebergam
1326 1935 2089 1996 liberam quae est ancilla: & consentiat in eam: tunc sic. Cum
1327 1976 2099 2023 hac Teperga Titius scienter contrahit: haec Te-
1327 2023 2084 2072 berga est ancilla: ergo cum ancilla scienter contrahit.
1321 2067 2087 2123 & tamen matrimonium non tenet. sed is non contrahit scien
1330 2110 2081 2164 ter cum ancilla. sicut in simili: regem scio esse prope
1326 2158 2087 2206 me: & non scio regem esse in hac vrbe. Capio hic con
1320 2198 2084 2261 trahere vt tantum valet quantum nititur contrahere
1333 2246 2085 2301 vt vides, non luctemur semper de virtute sermodois
1326 2300 2089 2343 ⁋ Septimo sequitur quod seruus contrahens cum libera
1319 2330 2087 2384 ea ignorante / peccat eam cognoscendo: quia scit non
1320 2378 2090 2430 esse matrimonium: licet adhuc ipsa consentiat post
1326 2419 2092 2481 carnalem copulam: nisi ignorantia inuincibilis eu ex
1326 2460 1891 2530 cusaret / credentem esse matrimonium.
1506 2526 2093 2606 Vbitatur: An seruus possit
1501 2587 2099 2652 matrimonium contrahere inuito domino. Et
1474 2633 2083 2691 vi quid faciet vxore vnum petente: & domino
1476 2669 2095 2733 d aliqudod in eodem tempore. Respondetur. seruitus non prohi-
1333 2725 2099 2782 bet virum a sacramentis ecclesiae. de sacramentie
