2349 3325
470 322 1216 385 Ethico. viii. sic virtus quaelibet cuique virtuti est com
482 379 1225 435 possibilis. ⁋ Respondetur negando maiorem: quando virtus
482 423 1223 480 vel eius actus est opus consilii. Aliquis enim potest esse
479 467 1213 518 virgo sine voto: & habere propositum seruandi
483 524 1225 570 virginitatis pro tempore / vel perpetuo: quae per con-
475 554 1229 612 lugium licitum & meritorium corrumpitur. Et licet
483 600 1226 655 possit habere propositum eiusdem speciei cum est com-
471 654 1222 700 iunx: tamen non habet amplius virginitatem: siue actus
477 693 1225 739 categoricos castitatis, siue conditionales habeat
477 736 1219 789 ⁋ Secundo. ponatur Berta habens habitum intensum
473 778 1218 829 virginitatis & actum: cognoscatur inuita & renitens
464 820 1229 873 tunc sic arguitur. In hac virginitas amittitur vel amit-
475 875 1216 917 titur virginitas. sed nulla virtus inuito aufertur.
466 909 1220 959 igitur. Hic a variis vario modo respondetur. sed di-
472 954 1222 1011 co quod corrumpitur virginitas. Contra hoc arguitur.
465 998 1226 1045 non est necesse habitum illum corrumpi: qui augeri potest.
467 1043 1226 1092 Hic dicit Martinus magister: quod ille habitus non
474 1092 1216 1144 corrumpitur: sed non inclinat in similes actus eiusdem spe
474 1131 1219 1189 ciei specialissimae entitatiue vt antea: sed in similes qui
459 1177 1226 1232 aequalent in merito virginitatis. Integritas enim
469 1221 1222 1277 corporis existens cadit in ratione obiecti virgini
459 1265 1231 1311 tatis. propterea integritate amissa desinit illd ob-
472 1305 1225 1364 iectum: & per consequens non potest virginitas haberi:
466 1352 1226 1407 nec propositum actuale eiusdem speciei specialissimae
469 1404 1229 1456 quemadmodum notitia intuitiua non manet obie
476 1443 1229 1496 cto absente vel corrupto. Haec positio est nullius
474 1494 1225 1539 momenti. nam quaero quid in viro corrumpatur: & responde,
474 1537 1225 1587 re non potest. Secundo ponendo quod deus miraculo
470 1579 1231 1630 se teneat claustra pudoris integra in muliere co-
476 1619 1225 1681 gnita, & quod sit penetratio corporum: iam potest habe-
471 1674 1228 1721 re propositum actuale eiusdem speciei. & sic meretrix
480 1710 1225 1774 erit virgo. Tertio sequitur quod corrupta ferro in iu-
476 1750 1224 1805 uentute: hoc est si claustra virginalia sint in iuuem
476 1798 1231 1854 tute corrupta: non possit esse virgo: cum non pos
473 1841 1225 1893 sit habere propositum sufficiens ad virginitatem
477 1886 1228 1935 secundum eum. Quarto, falsum est quod mulieris inte-
477 1936 1225 1991 gritas corrumpitur: sed solum corrumpitur integritas mu-
474 1976 1226 2027 lieris. Partes enim quae fuerunt integritas manent: sed
474 2022 1227 2077 non manent integritas. Quinto, si Berta habeat pro
468 2063 1225 2125 positum actuale virginitatis antequam cognoscatur
470 2107 1229 2174 non video quin ipsa cognita possit talem actum in spe-
474 2151 1231 2206 cie entitatiua continuare vel similem elicere: non autem
465 2198 1234 2255 in tali denomnatione. Et licet actus voluntatis depem
477 2250 1228 2300 dens a notitia intuitiua: & actus ab abstractiua de
465 2296 1234 2348 pendens differant specie: non potest hic ad illud con-
475 2332 1237 2383 fugere. & ratio est: quia de tali obiecto non opor
465 2389 1231 2429 tet mulierem habere notitiam intuitiuam, siue obie
465 2420 1213 2478 ctum sit, siue obiectum non sit. ⁋ Propterea dico qui
480 2472 1234 2527 uando ipsa est cognita, desinit esse virgo: & potest habe
472 2518 1238 2569 re similem actum in specie specialissima entitatiue
468 2557 1229 2609 non autem in specie specialissima moris & acciden-
468 2602 1234 2651 tali. nam postqui ipsa est cognita, non est amplius vir
468 2641 1225 2701 go: nec eius habitus virginitas. sicut si actus esse
468 2691 1228 2745 continuatus per vnum tempus in cuius prio-
462 2734 1237 2812 re parte ipsa esset incorrupta: & in posteriore cor-
1290 323 2063 385 rupta: primo actus ille esset virginitas: & postea
1294 374 2063 428 idem actus desinit esse virginitas: & incipit esse
1296 420 2051 469 viduitas, si vir eam reliquat, & ipsa caste viuat. Eo
1299 467 2065 513 dem modo de habitu: quamquam habitus ipse a virginitatis
1293 513 2071 566 actibus emersit. hoc enim non sufficit: sed requiritur
1292 551 2062 598 cum hoc quod suppositum habitum homionus sit virgo in
1308 597 2059 648 corrupta, siue ipsa consentiente siue renitente. Nul
1293 641 2069 692 lus enim habitus vel actus denominatur virgo. alio
1308 688 2060 746 uin virgo posset parere in sensu composito: quod apud
1306 733 2072 779 vulgo loquentes reputatur inconveniens. habitus au
1306 778 2069 823 tem ille qui prius erat virginitas, inclinabit in actus
1299 821 2065 868 de seruanda castitate eiusdem speciei specialissi-
1299 863 2077 912 mae entitatiue cum virginitate: sed non erit virgini-
1293 907 2078 967 tas ob defectum connotati termini virgo: quia vir-
1302 958 2069 1008 go non supponit amplius pro aliqua postquam ipsa
1302 998 2066 1049 est corrupta. Ad multas auctoritates insinuantes
1308 1049 2059 1099 quod corrupta corpore / incorrupta mente adhuc ma
1302 1085 2071 1130 net virgo, dicatur quod intelliguntur de virginum aureo
1301 1127 2069 1178 la: & quod sic corruptae non peccant: quia non est in earum
1308 1169 2064 1219 ptante non corrumpi corpore. quare eis non imputabi
1296 1219 2069 1268 tur. Quia sint auctoritates docentes violente corru-
1296 1271 2060 1318 ptas, esse virgines: videre est apud Augustinum
1312 1310 2060 1362 primo de ciuitate dei longiuscule. in libro de dua
1302 1350 2063 1399 bus animabus. & in primo de li. arbi. & Hieronymum
1296 1397 2066 1452 in epistolam ad Romanos. ⁋ Tertio arguitur. Omnis
1308 1440 2066 1492 virtus amissa est reparabilis. virginitas amissa non
1300 1482 2075 1529 estreparabilis: ergo virginitas non est virtus. con-
1306 1530 2069 1581 sequentia est in Baroco. Minor patet per Hierony
1307 1573 2077 1624 mu in epistola ad Eustochium. Audeter loquar
1293 1616 2060 1672 cum deus possit omnia / suscitare non potest virginem post
1299 1663 2063 1713 ruinam. ⁋ Respondetur. cum illa qualitas est amis
1296 1709 2065 1759 sa: non est amplius virginitas: licet propositum
1296 1754 2078 1801 eius de specie specialissima actuali vel habituali
1305 1793 2066 1850 recuperetur. immo licet idem actus numero reparetur
1303 1842 2072 1889 a deo: nunquam tamen redit virginitas propter connotatio-
1306 1882 2075 1936 nem termini. Aliqui nanque termini supponunt pro
1302 1927 2078 1982 aliquo connotando talem qualitatem subiecto inhae
1300 1978 2072 2025 rere siue corrumpatur semel / siue non. & tales termi-
1308 2013 2069 2074 ni propter vnicum defectum connotationis adhuc pro
1302 2055 2078 2109 illo supponunt pro quo prius supponebant. vt albu
1298 2103 2068 2153 sciens. Alii vero pro subiecto supponunt connotan-
1308 2151 2075 2204 do quod nunquam ceciderunt actualiter in actum exte-
1299 2195 2078 2244 riorem: & si ceciderunt non supponunt pro eis
1299 2235 2075 2290 amplius defectu connotationis. vt hoc complexum
1307 2284 2074 2329 status innocentiae post peccatum primorum parentum
1304 2335 2078 2382 & poenitentiam pactam. Licet enim quilibet fuerit in gratia
1309 2369 2078 2420 & omnis peccati expeors: status innocentiae non recu
1314 2417 2071 2475 perabitur. simiter hoc complexum, nunquam peccat: num quam ce
1305 2459 2072 2514 cidit ad terram, post casum in terram non amplius
1311 2503 2077 2552 supponit pro illo pro quo supponebat. Sic est de il-
1299 2544 2075 2599 Io termino (virgo) qui connotat quod subiectum eius
1311 2593 2069 2644 nunquam fuit corruptum libidinose. Virginitas tamen
1317 2643 2077 2689 amissa ante coniunctionem carnalem est recuperabilis:
1313 2684 2087 2736 & qui sic eam recuperauit decedens aureolam vir-
1314 2723 2075 2792 ginum habebit. Virginitas enim connotat quod num quam eo
