2327 3303
491 312 1256 378 non est recuperabilis. Ex quo sequitur quod duae aequali-
495 370 1252 417 ter peccant: & aequaliter peccata per poenitentia emi
502 408 1268 464 dant: sed in vna virginitas recuperatur: non autem in
508 453 1265 498 alia. hoc patet de duabus virosis in carnalem co-
507 494 1265 554 pulam aequaliter consentientibus: quarum vna est
495 539 1258 593 tantenm cognita: altera autem non: sed per eam non stat: cum
513 589 1261 642 actus exterior manente vniformitate in actibus in
504 630 1256 684 terioribus nihil malitiae actui interiori adiiciat: quai
514 677 1267 731 si poenitudine ducatur, patet propositum. Et ex conse-
509 719 1267 778 quenti conceditur quod duae aequaliter peccantes & me
496 770 1268 825 rentes erunt: quarum vna habebit virginum aureolam:
499 807 1268 865 non autem altera. Aureola est quodda praemium acciden
514 850 1265 904 tale praeseruationi ab actu libidinoso respondens,
511 902 1270 952 & non pro corporis integritate. nam siqua violente cor
514 936 1261 997 rupta fuerit: prorsus renitens quantum potest: ipsa aured
504 985 1268 1040 lam virginum habebit: quia non consensit in opus libi-
510 1029 1268 1086 dinosum: sed & restitit quitum potuit: vel saltem quantum
508 1072 1271 1129 tenebatur si pure passiue se habebat sine consensu.
507 1117 1274 1170 Non resistens autem vbi virginitatem per resistentiam ser-
502 1168 1268 1217 uare poterat: non habebit aureolam: sed est meretrixs
514 1208 1271 1265 quae cognita inuita / si postea consentiat in hanc con-
505 1252 1274 1303 mixtionem carnalem: irrecupabiliter virginum aureolam
508 1307 1267 1361 amittit: non per vnum illorum: quia non per solam copulam car
502 1345 1265 1397 nalem: bene tamen virginitatem sic amittit: sed per complacem
504 1387 1273 1442 tiam sequentem carnali copulae iunctam. Forte non sic
510 1430 1277 1475 erit in polluta noctu ipsa dormiente / cui postea pla
507 1474 1268 1526 cet pollutio: quia ista hoc modo se habens non pons
513 1518 1273 1575 parere. secus est de violente cognita, nec aequaliter
514 1572 1274 1621 peccare vel non peccare arguit virginitatem recupera
511 1605 1280 1654 bilem vel irrecuperabilem. ⁋ Praeterea dico quod con-
513 1650 1268 1701 tingit virginitatem amitti / semen non diffundendo, quod
517 1702 1271 1749 patet in frigido / eunucho / octogenario / ebrio / &
508 1740 1261 1792 huiusmodi. in seminis enim resolutione virginita
514 1788 1276 1832 amittitur: sed per tactus / oscula / vel venereorum auditum
507 1827 1268 1881 non est seminis resolutio: sed alterius humoris. Nan
519 1874 1258 1931 vt naturaliter loquentes dicunt, e membris genitalibu
510 1920 1267 1976 triplex egreditur humor. quidam vrina. secundus semen
517 1963 1268 2010 quod ad generationem prolis natura ordinauit. tertius me
508 2006 1277 2061 dius qui naturaliter ab aliquibus impudicis adolescen
513 2051 1280 2109 tibus egreditur etiam violente cum de venereis cum volu
513 2103 1268 2155 ptate loqui audiunt. Huius tertii humoris egressio
517 2141 1274 2199 nihil facit ad virginitatis amissionem: prinde acsi non
516 2192 1285 2243 egrederetur caeteris paribus. sed contingit bene virgini-
513 2228 1273 2275 tatem cum illo humore perdi per actum voluntatis: sed hoc
516 2275 1282 2333 non pertinet ad virginitate. ⁋ Vlterius dico quod interdum
513 2318 1283 2378 aliquibus virginitas est illicita vt regi prolem non habenti:
516 2364 1270 2418 quomodo erat in principio naturae institutae: quia tunc praece
525 2406 1282 2452 ptum, Crescite & multiplicamini, obligabat omnes pro
511 2451 1274 2510 loco & tempore. vnde si Abel vixisset / matrimonium
519 2496 1280 2544 contraxisset, sicut Cain. Et in lege Mosaica sterili-
508 2543 1282 2594 tas erat opprobrium: & foecunditas benedictio. se-
517 2584 1271 2643 cundum illud Psalmographi. Vxor tua sicut vitis
507 2622 1285 2677 abundans in lateribus domus tuae. Filii tui sicut
516 2681 1283 2731 nouelle oliuarum in circuitu mensae tue. Ecce sic
520 2717 1272 2788 benedicetur homo, qui timet dominum. psal. cxx vii
1344 313 2104 370 Et per locum a contrario sensu, qui non habebat
1336 362 2102 421 hanc foecunditatem / saltem apud vulgus malediceba
1341 408 2104 460 tur: vel per legem commune. dispensante autem deo
1342 452 2102 503 semper pulchrius erat seruare virginitatem. vt videre
1341 499 2111 559 est de Helia: & Hieremia. in cuius libri prologo Hio
1344 544 2110 592 ronymus dicit. Virginitate sua euangelicum virum Chri
1345 587 2111 634 sti ecclesiae dedicans. & Hieremiae. xvi. Non accipies
1345 633 2104 682 vxorem: & non erunt tibi filii, & filiae in loco isto. hoc est
1342 676 2111 725 in ludaea. In Aegypto autem semper erat in vexatio-
1354 721 2111 778 ne: quare non est verosimile quod illic vxorem duxerit.
1353 763 2104 812 Diua virgo quoque & loannes baptista caelitus erant
1338 805 2110 856 sinspirati de virginitate seruanda. ipa enim erat prima
1341 857 2104 905 in qua virginitas plurimum laudata est. vnde dixit Psa
1341 898 2113 947 mog. Adducentur regi virgines post eam. psal. xliiii. Si
1348 943 2125 1001 filia lepte & Plato ob vulgus defleuerint virgini-
1347 989 2113 1040 tatem: nihil improbitatis in virginibus concluditur.
1350 1030 2126 1080 Tamen cum virginitas in lege gratiae sit consulta: iam
1341 1073 2117 1135 est multo speciosior coniugio, & vxoris foecundi-
1344 1118 2116 1164 tate. Et licet tota multitudo quo ad aliquams sui par-
1341 1163 2120 1224 tes adhuc ad coniugium obligetur: tamen non quodlibet
1357 1206 2105 1266 suppositum obligatur: immo paucissima. Nec opor
1348 1253 2111 1301 tet oculum ad hoc dirigere, quo modo illud praece
1362 1298 2113 1355 ptum, Crescite & multiplicamini. nunc adimpleal
1357 1340 2108 1398 in tota multitudine: cum homines ad coniugium propensos
1357 1384 2111 1442 videamus. Amplius si aliqua virgo fuerit nolens
1359 1424 2115 1486 corrupta: habitus eius non amplius inclinat in actus
1359 1475 2125 1524 virginitatis. bene tamen inclinat in actus eiusdem
1354 1516 2114 1564 speciei entitatiue: quia nunquam habitus acquisitus im
1347 1571 2116 1616 mediate inclinat in actus alterius speciei essentialis
1348 1608 2114 1656 ab actibus a quibus emersit. Martinus autem tenens op
1369 1658 2111 1711 positum omnino praeter rationem loquitur. Ex quo sequil
1363 1697 2110 1753 quod habitus qui fuit virginitas inclinat in actus vidui
1362 1740 2111 1800 tatis vel virginitatis. Secundo sequitur quod virginitas
1356 1783 2108 1835 inclinabit in viduitatem immediate. Dixi (imediate
1358 1825 2111 1883 quia mediate inclinat in actum alterius speciei entitam
1353 1871 2120 1931 tiue. vt habitus praemissarum inclinat mediate in
1353 1918 2120 1972 assensum actualem conclusionis. hoc nihil aliud
1360 1958 2119 2021 est dicere quam habitum aliquem concurrere ad a. suum
1351 2007 2120 2064 actum: & quod a actus eius inclinat in b actum alte-
1347 2049 2111 2116 rius speciei ab a propterea iste habitus dicitur me-
1357 2093 1850 2162 diate in talem actum be. inclinare
1474 2153 2075 2240 ⁋ Distinctionis Trigesimae.
1595 2218 1952 2300 Quaestio Tertia.
1665 2285 2114 2376 Ertio iuxta promissa
1675 2356 2120 2419 quaeritur. An viduitati & casti-
1672 2405 2123 2459 tati coniugali virginitas praestet.
1674 2455 2126 2509 De virginitate in quaestione prae-
1677 2493 2120 2550 cedenti locuti sumus. Viduitas
1664 2535 2126 2597 autem est castitas in illa quae fuit
1662 2581 2110 2640 cognita & virum non habet: vel
1360 2625 2113 2679 in illo qui cognouit: & vxorem non habet. Vidua enim
1363 2669 2119 2718 dicitur ab altera parte diuisa. nam viduo diuidere signi
1353 2715 2119 2778 ficat: & viduus priuatus. Vnde Horatius lib. i carmi.
