2337 3315
496 343 1253 399 nibus sequitur quod castitas coniugalis est bona. pa
496 394 1252 445 tet sic. castitas vidualis & virginalis est ea melior
492 442 1262 494 ergo ipsa est bona, ab exponibili copulatiue ad al
498 484 1266 539 teram exponentium proprie comparatiuum capiendo. Et ptet
495 527 1148 596 hoc ipsum per Apostolum. i. ad Corinth. vii.
508 590 1262 670 ⁋ Contra primam conclusionem argui
508 659 1262 703 tur. viduis & coniugibus difficilius est continenter
510 701 1268 758 viuere quam virginibus: ergo plus merentur, probo conse
501 752 1270 803 quentia, sicut probaui conclusionem quam impugnamus.
507 789 1274 846 antecedens patet, quia ob experta venerea diffici-
505 832 1275 891 lius continent. hinc Leo papa, vt recitatur. xxxii. qui. v.
502 877 1268 929 in. c. Illae. sic ait. Illae autem famulae dei quae integritatem
517 918 1271 974 pudoris oppressione barbarica perdiderunt: laudabi
496 967 1274 1020 liores erunt in humilitate ac verecundia si se inconta-
501 1014 1271 1065 minatis non audeant comparare virginibus. ⁋ Re-
507 1055 1273 1109 spondetur negando quod sit difficilius viduis & con
502 1103 1271 1149 iugibus continere: quia contingit virginem putare
508 1141 1265 1199 maiorem delectationem inesse copulae carnali qui sit. vt
505 1187 1265 1235 dua autem scit multas anxietates & turpitudines in
510 1231 1265 1292 venereis esse / quas ipsa abhorret. Si autem alicui sit
507 1274 1264 1332 difficilius caeteris imparibus, non inconvenit quod plus
498 1331 1256 1379 mereatur. Ad dictum Leonis papae dicitur quod mulie
505 1378 1271 1424 cognita iudicio suo est ingloria: quia no sufficien
507 1405 1274 1459 ter constat an ipsa restitit: & quamuis cognoscatur / / praea
507 1457 1267 1509 non debet verecundari: tamen verecundatur & mino
511 1494 1276 1555 ris seipsam aestimat: & ex consequenti minus pro ca-
505 1539 1265 1591 stitate seruanda laborat. ⁋ Secundo arguitur. Vir
520 1590 1268 1636 ginitas loannis non praefertur castitati coniugali
511 1634 1277 1681 Abrahae. vt dicit Augusti. in lib. de virginibus. & in
507 1675 1264 1732 lib. de bono coniugali. sicut nec mors Petri praefer
513 1719 1277 1775 tur vitae loannis. ⁋ Respondetur. possibile est dare
502 1765 1268 1810 aliquam castitatem coniugalem aequalis meriti cum castita
517 1808 1278 1870 te virginea. Abraham namque diu mansit coniunx: non
508 1854 1262 1902 ita diu fuit loannes virgo. Secundo dico quod virgini
510 1904 1278 1956 tas fuisset Abrahae vitium: cum ei sit dictum. In semine
506 1946 1277 1995 tuo benedicentur omnes gentes. paratus tamen erat more loan
508 1992 1271 2044 nis vitam caelibem ducere: si deus ei praecepisset. vt Au
513 2030 1271 2085 gu. dicit, quemadmodum si nunc esset aliquis paratus ser-
505 2075 1274 2127 uare virginitatem / cui deus praeciperet coiugium: is non
517 2126 1270 2168 minus mereretur in coniugio qui si in virginitate viue
510 2165 1277 2216 ret: modo bene naturalibus vtatur. Hoc vltimum dicit
514 2206 1274 2273 beatus Tho, quod Martinus sic impugnat. habere vir
507 2255 1274 2316 tutem actu plus est quam eam habere secudum praeparationem
519 2300 1274 2351 animi. sed loannes erat virgo actu: non autem Abra
511 2343 1274 2388 ham. Hac solutione reprobata dat aliam dicens. Coniu
519 2387 1258 2441 gium Abrahae habuit Christum pro obiecto & fine
505 2430 1259 2482 quia erat ei reuelatum quod in semine eius essent bent
510 2478 1258 2526 dicendae omnes gentes. Ratio Martini non est solum con
501 2521 1259 2571 tra sanctum Tho. sed contra beatum Augustini manifeste
511 2570 1272 2619 & est omnino sophistica, nego quod sit melius actu
504 2610 1258 2670 seruare virginitatem quam secundum praeparationem ani
505 2655 1268 2698 mi / superiore praecipiente oppositum. & quando hoc colo-
514 2696 1271 2747 rat per ingressum religionis: color est nullus. nam si
501 2746 1265 2816 Sortes deliberatus religionem profiteri non profiteatur
1342 336 2113 411 prohibente deo, & bene se habeat in saeculo sicut
1338 398 2113 446 Abraham: is non minus meretur quam religionem professus.
1335 441 2116 492 Insuper status episcoporum non religiosorum est supe-
1339 483 2111 538 rior statu religiosorum. Contra solutionem Martini ar-
1348 531 2111 583 guo. Si Abraham virginitatem reliquisset praecipiente
1350 574 2111 627 dmino: licet nesciuisset de generatione Christi: adhuc tam
1341 624 2108 673 tum meritus fuisset parendo deo quantum loannes.
1348 661 2110 720 quod patet per exemplum de volente profiteri religionem
1344 710 2117 761 qui a deo est prohibitus. ⁋ Tertio arguitur. duo possunt
1356 756 2114 810 decedere in aequali charitate: quorum alter est virgo:
1342 797 2109 851 & alter coniugatus: & sic erunt aequaliter boni & prae
1350 844 2113 889 miati: & per consequens virginitas & castitas coniuga
1347 879 2110 938 lis aequantur. Respondet Martinus. si caetera bona sint
1337 932 2117 986 in eis paria / & gradus virginitatis & castitatis con
1342 967 2117 1026 iugalis pares: virgo semper in maiore charitate de-
1345 1015 2105 1070 cedit: & est melior. Haec solutio est nullius momenti-
1348 1061 2116 1110 nam si inaequales sint charitates secundum eius imagina
1342 1110 2107 1160 tionem, & tenendo viam communem de charitate: oportet
1343 1155 2116 1206 quod sint inaequaliter boni: & inaequaliter beati. ⁋ Re-
1348 1199 2104 1251 spondetur ergo aliter, concedendo duas primas propo
1354 1248 2109 1294 sitiones: & si vnus actus virginitatis actum viduita
1345 1290 2112 1338 tis vel castitatis coniugalis exuperet: coniunx potest
1350 1325 2104 1380 habere alios bonos actus plures quam virgo: & habe-
1353 1370 2120 1430 re aequalitatem aliunde. sed ex hoc nullo modo sequi-
1341 1414 2116 1472 tur quod castitas coniugalis virginitati aequetur. sicut de-
1344 1460 2110 1508 narius aureus denario argenteo praestat: & tamen dena-
1350 1503 2105 1549 rium argenteum habens potest in bobus & ouibus & aliis
1353 1548 2117 1598 esse magis diues vel aeque diues ac habens denarium
1341 1600 2111 1655 aureum. Concedo igitur quod coniunx aliquis & aliquam vidua
1357 1638 2111 1696 cum aliqua virgine habet aequalem beatitudinem: cum ali-
1347 1683 2117 1740 qua minorem: & cum aliqua maiorem. ⁋ Quarto argui
1351 1726 2105 1774 tur. bonum commune est potius bono priuato. i. Ethic.
1348 1769 2108 1823 sed coniugium ordinatur ad bonum commune scilicet mul
1348 1816 2104 1865 tiplicationem hominium: virginitas autem ad bonum priuar
1344 1861 2102 1922 tum. Respondet beatus Tho. bonum commune quid est
1354 1904 2116 1953 eiusdem generis cum bono priuato, est preferendum
1345 1944 2102 1994 cum hoc tamen stat quod bonum priuatum secundum genus
1350 1993 2108 2052 suum sit melius. Hoc reprehedit Martinus: & dicit quod
1341 2045 2105 2095 multiplicatio generis humani est melior quam conte-
1347 2080 2107 2137 platio. & ratio eius est: quia quis derelinquit virginita
1341 2127 2116 2183 tem propter bonum prolis papa dispensante. sed haec
1341 2173 2098 2233 impugnatio est nulla. Dico cum beato Thoma quod
1344 2213 2107 2265 contemplatio est finis melior quam generare: licet contempia
1347 2265 2101 2312 tio sit accidens, & puer genitus substantia. nam de boni
1341 2309 2110 2358 tate entitatiua no est sermo. aliquis autem in casu de-
1342 2349 2113 2394 relinquit illud quod est plerumque melius / propter casum
1335 2392 2114 2439 incidentem: & propter illud quod plerumque est minus bonum:
1348 2436 2110 2486 siue sit ei melius siue aequaliter bonum: forte erit ei
1345 2480 2116 2537 opus praecepti. nunquid ipse vidit multos etiam coniu-
1345 2524 2096 2581 gatos vouere & religionem profiteri? ergo per ipsius mo
1342 2570 2099 2621 dum arguendi / religio, virginitas / & contemplatio est me
1347 2614 2105 2667 lior. dicere autem quod coniugium simpliciter praestat virgi
1348 2654 2116 2712 nitati, est error louiniani teste Hieronymo. ⁋ Quin
1341 2703 2105 2752 to arguitur. reprehenditur virginitas in Origene virilia
1342 2743 2107 2816 abscindente, vt eunuchus fieret. tales enim prohibentur
