<?xml version="1.0" encoding="UTF-8" standalone="yes"?>
<PcGts xmlns="http://schema.primaresearch.org/PAGE/gts/pagecontent/2013-07-15" xmlns:xsi="http://www.w3.org/2001/XMLSchema-instance" xsi:schemaLocation="http://schema.primaresearch.org/PAGE/gts/pagecontent/2013-07-15 http://schema.primaresearch.org/PAGE/gts/pagecontent/2013-07-15/pagecontent.xsd">
    <Metadata>
        <Creator>prov=University of Rostock/Institute of Mathematics/CITlab|PLANET AI GmbH/Gundram Leifert/gundram.leifert@planet-ai.de:name=cod-Bda113-model2(htr_id=24733)::::v=2.6.6
prov=University of Rostock/Institute of Mathematics/CITlab|PLANET AI GmbH/Tobias Gruening/tobias.gruening@planet-ai.de:name=de.uros.citlab.module.baseline2polygon.B2PSeamMultiOriented:v=2.6.6
prov=University of Rostock/Institute of Mathematics/CITlab|PLANET AI GmbH/Tobias Gruening/tobias.gruening@planet-ai.de:name=/net_tf/LA73_249_0mod360.pb:de.uros.citlab.segmentation.CITlab_LA_ML:v=2.6.6
Transkribus</Creator>
        <Created>2020-04-17T22:24:30.166+02:00</Created>
        <LastChange>2020-06-19T07:30:31.567+02:00</LastChange>
        <TranskribusMetadata docId="371227" pageId="14532821" pageNr="585" tsid="32172014" status="IN_PROGRESS" userId="25065" imgUrl="https://files.transkribus.eu/Get?id=PIHHOKMMEQJUANGMFXXYYNNY&amp;fileType=view" xmlUrl="https://files.transkribus.eu/Get?id=KDUUXLFGNVEQRBYLSQILXHRG" imageId="10489198"/>
    </Metadata>
    <Page imageFilename="0585.jpg" imageWidth="2340" imageHeight="3314">
        <ReadingOrder>
            <OrderedGroup id="ro_1592575827619" caption="Regions reading order">
                <RegionRefIndexed index="0" regionRef="r1"/>
            </OrderedGroup>
        </ReadingOrder>
        <TextRegion orientation="0.0" id="r1" custom="readingOrder {index:0;}">
            <Coords points="221,303 221,2869 1848,2869 1848,303"/>
            <TextLine id="r1l2" custom="readingOrder {index:0;}">
                <Coords points="1077,415 1837,411 1837,356 1077,367"/>
                <Baseline points="1082,401 1119,401 1157,401 1194,401 1232,401 1269,401 1307,399 1344,399 1382,399 1419,399 1457,399 1494,399 1532,399 1569,399 1607,399 1644,399 1682,399 1719,399 1757,400 1794,401 1832,401"/>
                <TextEquiv>
                    <Unicode>ria. Crisantus cum Daria. De hominum pictura di</Unicode>
                </TextEquiv>
            </TextLine>
            <TextLine id="r1l3" custom="readingOrder {index:1;}">
                <Coords points="228,414 998,407 998,361 591,375 228,355"/>
                <Baseline points="233,404 271,404 309,404 347,403 385,402 423,402 461,401 499,401 537,399 575,399 613,399 651,399 689,398 727,398 765,398 803,398 841,399 879,399 917,401 955,401 993,402"/>
                <TextEquiv>
                    <Unicode>tiue igitur solus genitus est primogenitus: etiansi sit so</Unicode>
                </TextEquiv>
            </TextLine>
            <TextLine id="r1l4" custom="readingOrder {index:2;}">
                <Coords points="1080,453 1853,455 1853,422 1800,408 1080,417"/>
                <Baseline points="1085,446 1123,446 1161,446 1199,446 1237,446 1275,445 1313,444 1352,444 1390,444 1428,444 1466,444 1504,444 1542,444 1580,444 1619,444 1657,444 1695,444 1733,446 1771,446 1809,446 1848,446"/>
                <TextEquiv>
                    <Unicode>catur illud Horatianum. Pictoribus atque poetis</Unicode>
                </TextEquiv>
            </TextLine>
            <TextLine id="r1l5" custom="readingOrder {index:3;}">
                <Coords points="228,459 998,461 997,417 952,408 227,415"/>
                <Baseline points="233,450 271,449 309,448 347,447 385,447 423,446 461,446 499,444 537,444 575,444 613,444 651,443 689,443 727,443 765,444 803,444 841,444 879,446 917,446 955,447 993,449"/>
                <TextEquiv>
                    <Unicode>lus genitus. &amp; sacerdotibus debentur primogenita,</Unicode>
                </TextEquiv>
            </TextLine>
            <TextLine id="r1l6" custom="readingOrder {index:4;}">
                <Coords points="1086,504 1853,499 1853,455 1826,452 1086,452"/>
                <Baseline points="1091,491 1128,491 1166,489 1204,489 1242,489 1280,489 1318,488 1355,488 1393,488 1431,488 1469,488 1507,488 1545,488 1583,488 1620,489 1658,489 1696,489 1734,489 1772,489 1810,489 1848,489"/>
                <TextEquiv>
                    <Unicode>Quidlibet audendi semper fuit aequa potestas. Ima</Unicode>
                </TextEquiv>
            </TextLine>
            <TextLine id="r1l7" custom="readingOrder {index:5;}">
                <Coords points="240,504 1006,497 1006,470 961,453 240,466"/>
                <Baseline points="245,492 282,492 320,492 358,492 396,492 434,492 471,491 509,491 547,491 585,489 623,489 660,489 698,488 736,488 774,488 812,488 849,488 887,489 925,489 963,491 1001,492"/>
                <TextEquiv>
                    <Unicode>vt ex lege patet. ⁋ Septimo arguitur. Christus ha-</Unicode>
                </TextEquiv>
            </TextLine>
            <TextLine id="r1l8" custom="readingOrder {index:6;}">
                <Coords points="1083,552 1838,539 1838,512 1790,497 1083,503"/>
                <Baseline points="1088,534 1125,534 1162,534 1199,534 1237,534 1274,534 1311,534 1348,534 1386,534 1423,533 1460,533 1497,533 1535,533 1572,533 1609,533 1646,533 1684,533 1721,533 1758,533 1795,533 1833,534"/>
                <TextEquiv>
                    <Unicode>ginor tamen quod erat. xxiiii. annos natus vel am-</Unicode>
                </TextEquiv>
            </TextLine>
            <TextLine id="r1l9" custom="readingOrder {index:7;}">
                <Coords points="235,548 1001,544 991,498 235,502"/>
                <Baseline points="240,537 277,537 315,536 353,536 391,536 429,534 466,534 504,534 542,534 580,533 618,533 655,533 693,533 731,533 769,533 807,533 844,533 882,533 920,534 958,534 996,534"/>
                <TextEquiv>
                    <Unicode>buit fratres. dicitur eim Matthaei. xii. Ecce mater eius</Unicode>
                </TextEquiv>
            </TextLine>
            <TextLine id="r1l10" custom="readingOrder {index:8;}">
                <Coords points="1089,590 1840,595 1840,548 1813,540 1089,550"/>
                <Baseline points="1094,578 1131,578 1168,579 1205,579 1242,579 1279,579 1316,579 1353,579 1390,579 1427,579 1464,579 1501,579 1538,578 1575,578 1612,578 1649,579 1686,579 1723,579 1760,579 1797,579 1835,579"/>
                <TextEquiv>
                    <Unicode>plius. Verosimile est ( &amp; ita pie credo) deum praeser</Unicode>
                </TextEquiv>
            </TextLine>
            <TextLine id="r1l11" custom="readingOrder {index:9;}">
                <Coords points="235,592 998,593 998,550 904,540 235,547"/>
                <Baseline points="240,582 277,582 315,581 352,581 390,581 428,579 465,579 503,579 541,579 578,579 616,578 654,578 691,578 729,578 767,578 804,578 842,578 880,579 917,579 955,579 993,579"/>
                <TextEquiv>
                    <Unicode>&amp; fratres eius stabant foris quaerentes loqui ei. &amp; non</Unicode>
                </TextEquiv>
            </TextLine>
            <TextLine id="r1l12" custom="readingOrder {index:10;}">
                <Coords points="1081,636 1817,636 1844,631 1844,594 1081,597"/>
                <Baseline points="1086,623 1123,623 1161,624 1198,624 1236,624 1274,624 1311,624 1349,624 1387,623 1424,623 1462,623 1500,623 1537,623 1575,623 1613,623 1650,623 1688,623 1726,623 1763,623 1801,623 1839,623"/>
                <TextEquiv>
                    <Unicode>uasse suam castissimam matrem sic vt nullus in </Unicode>
                </TextEquiv>
            </TextLine>
            <TextLine id="r1l13" custom="readingOrder {index:11;}">
                <Coords points="234,638 996,640 1010,599 234,602"/>
                <Baseline points="239,627 277,627 315,626 353,626 392,626 430,626 468,624 507,624 545,624 583,624 622,623 660,623 698,623 736,623 775,623 813,623 851,623 890,623 928,623 966,624 1005,624"/>
                <TextEquiv>
                    <Unicode>ex parte patris vt notum est. &amp; per consequens nec ex</Unicode>
                </TextEquiv>
            </TextLine>
            <TextLine id="r1l14" custom="readingOrder {index:12;}">
                <Coords points="1078,675 1850,680 1832,632 1078,636"/>
                <Baseline points="1083,663 1121,666 1159,666 1197,667 1235,668 1273,668 1311,668 1349,668 1387,668 1425,668 1464,668 1502,668 1540,668 1578,668 1616,667 1654,666 1692,668 1730,668 1768,668 1806,669 1845,669"/>
                <TextEquiv>
                    <Unicode>eam impudice moueretur: licet esset virgo decora</Unicode>
                </TextEquiv>
            </TextLine>
            <TextLine id="r1l15" custom="readingOrder {index:13;}">
                <Coords points="240,687 873,688 994,674 994,636 240,642"/>
                <Baseline points="245,671 282,671 319,671 356,671 393,671 431,669 468,669 505,669 542,668 579,668 617,668 654,668 691,666 728,666 765,666 803,666 840,666 877,666 914,667 951,668 989,668"/>
                <TextEquiv>
                    <Unicode>parte vtriusque: ergo ex parte matris. Aliqui dicunt.</Unicode>
                </TextEquiv>
            </TextLine>
            <TextLine id="r1l16" custom="readingOrder {index:14;}">
                <Coords points="1075,719 1838,720 1838,688 1781,676 1075,677"/>
                <Baseline points="1080,710 1117,710 1155,711 1192,711 1230,711 1268,713 1305,713 1343,713 1381,713 1418,713 1456,713 1494,711 1531,711 1569,711 1607,711 1644,711 1682,711 1720,711 1757,711 1795,711 1833,711"/>
                <TextEquiv>
                    <Unicode>nimis Dauid de semine regis. ad motum enim impu</Unicode>
                </TextEquiv>
            </TextLine>
            <TextLine id="r1l17" custom="readingOrder {index:15;}">
                <Coords points="244,735 692,712 750,733 982,730 989,683 244,688"/>
                <Baseline points="249,717 285,716 322,716 359,716 396,716 432,714 469,714 506,714 543,713 579,713 616,711 653,711 690,711 726,710 763,710 800,710 837,710 873,711 910,711 947,713 984,713"/>
                <TextEquiv>
                    <Unicode>quod Ioseph habuit vxorem ante virginem: ex qua pro</Unicode>
                </TextEquiv>
            </TextLine>
            <TextLine id="r1l18" custom="readingOrder {index:16;}">
                <Coords points="1074,762 1844,771 1844,723 1817,716 1074,721"/>
                <Baseline points="1079,755 1117,755 1155,756 1193,756 1231,756 1269,756 1307,756 1345,756 1383,756 1421,756 1459,756 1497,756 1535,756 1573,756 1611,756 1649,756 1687,756 1725,756 1763,756 1801,756 1839,756"/>
                <TextEquiv>
                    <Unicode>dicum in eam / non concurrebat deus. &amp; ex consequenti nullum</Unicode>
                </TextEquiv>
            </TextLine>
            <TextLine id="r1l19" custom="readingOrder {index:17;}">
                <Coords points="229,768 1001,765 1000,728 793,717 228,728"/>
                <Baseline points="234,758 272,758 310,759 348,759 386,759 424,758 462,758 500,758 538,758 576,758 615,758 653,756 691,756 729,756 767,756 805,756 843,756 881,756 919,756 957,756 996,756"/>
                <TextEquiv>
                    <Unicode>les habuit. &amp; quia reputabatur pictur Christi: vocabantur</Unicode>
                </TextEquiv>
            </TextLine>
            <TextLine id="r1l20" custom="readingOrder {index:18;}">
                <Coords points="1075,811 1838,811 1838,768 1783,761 1480,780 1075,762"/>
                <Baseline points="1080,798 1117,800 1155,800 1192,800 1230,800 1268,800 1305,800 1343,800 1381,800 1418,800 1456,800 1494,800 1531,800 1569,800 1607,800 1644,801 1682,801 1720,801 1757,801 1795,801 1833,803"/>
                <TextEquiv>
                    <Unicode>talem motum habere poterat quisquam ob defectum concur</Unicode>
                </TextEquiv>
            </TextLine>
            <TextLine id="r1l21" custom="readingOrder {index:19;}">
                <Coords points="229,814 964,812 995,807 995,766 229,768"/>
                <Baseline points="234,804 271,804 309,804 347,803 385,803 423,803 460,803 498,803 536,801 574,801 612,801 649,801 687,800 725,800 763,800 801,800 838,800 876,800 914,800 952,801 990,801"/>
                <TextEquiv>
                    <Unicode>fratres Curisti. Et hoc in vna solutione tenet Mar</Unicode>
                </TextEquiv>
            </TextLine>
            <TextLine id="r1l22" custom="readingOrder {index:20;}">
                <Coords points="1068,853 1796,862 1841,854 1841,809 1068,812"/>
                <Baseline points="1073,843 1111,843 1149,843 1187,845 1225,845 1263,845 1301,845 1340,845 1378,845 1416,845 1454,845 1492,845 1530,843 1568,843 1607,843 1645,843 1683,844 1721,845 1759,845 1797,846 1836,846"/>
                <TextEquiv>
                    <Unicode>sus generalis dei. hoc autem decuit in dei matre.</Unicode>
                </TextEquiv>
            </TextLine>
            <TextLine id="r1l23" custom="readingOrder {index:21;}">
                <Coords points="225,861 973,861 989,810 225,815"/>
                <Baseline points="230,848 267,848 305,848 343,846 380,846 418,846 456,846 493,846 531,846 569,845 607,845 644,845 682,845 720,845 757,845 795,845 833,846 870,846 908,846 946,846 984,848"/>
                <TextEquiv>
                    <Unicode>tinus. Illud nullo modo placet. Augustinus enim &amp;</Unicode>
                </TextEquiv>
            </TextLine>
            <TextLine id="r1l24" custom="readingOrder {index:22;}">
                <Coords points="1074,898 1730,911 1838,901 1839,855 1075,854"/>
                <Baseline points="1079,888 1116,888 1154,888 1192,888 1229,888 1267,888 1305,888 1342,888 1380,888 1418,888 1456,889 1493,890 1531,890 1569,890 1606,890 1644,890 1682,890 1719,890 1757,890 1795,890 1833,890"/>
                <TextEquiv>
                    <Unicode>In expositione autem euangelii Matthaei primo.</Unicode>
                </TextEquiv>
            </TextLine>
            <TextLine id="r1l25" custom="readingOrder {index:23;}">
                <Coords points="232,901 944,904 988,896 988,861 232,865"/>
                <Baseline points="237,894 274,893 311,891 348,891 386,891 423,890 460,890 498,890 535,890 572,890 610,890 647,890 684,890 721,890 759,890 796,890 833,890 871,890 908,891 945,891 983,890"/>
                <TextEquiv>
                    <Unicode>magister tenent eum fuisse virginem: &amp; hoc credo. cer-</Unicode>
                </TextEquiv>
            </TextLine>
            <TextLine id="r1l26" custom="readingOrder {index:24;}">
                <Coords points="1074,947 1682,960 1850,941 1842,898 1074,901"/>
                <Baseline points="1079,933 1117,933 1155,933 1193,933 1232,933 1270,933 1308,933 1347,933 1385,933 1423,933 1462,933 1500,935 1538,935 1576,935 1615,935 1653,936 1691,936 1730,936 1768,936 1806,937 1845,938"/>
                <TextEquiv>
                    <Unicode>hoc prolixius deduximus. quocirca his paucis con</Unicode>
                </TextEquiv>
            </TextLine>
            <TextLine id="r1l27" custom="readingOrder {index:25;}">
                <Coords points="234,945 1007,945 1007,910 957,897 234,901"/>
                <Baseline points="239,938 277,937 315,936 353,936 391,935 429,935 467,935 506,934 544,933 582,933 620,933 658,933 696,933 734,933 773,933 811,933 849,933 887,935 925,935 963,935 1002,936"/>
                <TextEquiv>
                    <Unicode>te virum integerrimum / pariter &amp; optimum illa tempesta-</Unicode>
                </TextEquiv>
            </TextLine>
            <TextLine id="r1l28" custom="readingOrder {index:26;}">
                <Coords points="228,994 995,988 995,949 881,940 228,946"/>
                <Baseline points="233,983 270,981 308,981 346,981 384,980 422,980 460,978 497,978 535,978 573,978 611,977 649,977 687,977 725,977 762,977 800,977 838,977 876,978 914,978 952,978 990,980"/>
                <TextEquiv>
                    <Unicode>te elegit deus pro communiuge matris, &amp; virginem. quo mor</Unicode>
                </TextEquiv>
            </TextLine>
            <TextLine id="r1l29" custom="readingOrder {index:27;}">
                <Coords points="1081,990 1293,987 1345,1003 1392,987 1417,1003 1471,988 1471,952 1460,946 1081,947"/>
                <Baseline points="1086,977 1111,977 1136,977 1162,978 1187,978 1212,978 1238,978 1263,978 1288,978 1314,978 1339,978 1364,978 1390,980 1415,980 1440,980 1466,981"/>
                <TextEquiv>
                    <Unicode>entus transeo ad reliqua. </Unicode>
                </TextEquiv>
            </TextLine>
            <TextLine id="r1l30" custom="readingOrder {index:28;}">
                <Coords points="222,1034 979,1040 992,989 222,1002"/>
                <Baseline points="227,1026 265,1026 303,1025 341,1025 379,1025 417,1023 455,1023 493,1023 531,1023 569,1023 607,1022 645,1022 683,1022 721,1022 759,1022 797,1022 835,1022 873,1023 911,1023 949,1023 987,1025"/>
                <TextEquiv>
                    <Unicode>tuo ante passionem / alteri virgini eam commendauit. si</Unicode>
                </TextEquiv>
            </TextLine>
            <TextLine id="r1l31" custom="readingOrder {index:29;}">
                <Coords points="229,1077 1001,1077 985,1037 812,1027 228,1041"/>
                <Baseline points="234,1071 272,1070 310,1070 348,1070 386,1068 424,1068 462,1068 500,1067 538,1067 576,1067 615,1067 653,1067 691,1067 729,1067 767,1067 805,1067 843,1067 881,1067 919,1068 957,1068 996,1068"/>
                <TextEquiv>
                    <Unicode>autem loseph tempore passionis superuixisset: matrem</Unicode>
                </TextEquiv>
            </TextLine>
            <TextLine id="r1l32" custom="readingOrder {index:30;}">
                <Coords points="1078,1111 1163,1085 1351,1091 1391,1117 1612,1090 1669,1116 1814,1111 1814,1045 1783,1031 1701,1046 1498,1019 1349,1054 1186,1022 1078,1037"/>
                <Baseline points="1083,1086 1119,1086 1155,1085 1191,1084 1228,1083 1264,1083 1300,1083 1337,1082 1373,1082 1409,1082 1446,1082 1482,1082 1518,1082 1554,1083 1591,1083 1627,1083 1663,1085 1700,1086 1736,1086 1772,1088 1809,1089"/>
                <TextEquiv>
                    <Unicode>⁋ Distinctionis Trigesimae primae</Unicode>
                </TextEquiv>
            </TextLine>
            <TextLine id="r1l33" custom="readingOrder {index:31;}">
                <Coords points="216,1117 997,1119 997,1086 935,1076 216,1083"/>
                <Baseline points="221,1113 259,1113 298,1113 336,1113 375,1113 413,1112 452,1112 490,1112 529,1110 567,1110 606,1110 645,1110 683,1110 722,1110 760,1110 799,1110 837,1110 876,1110 914,1112 953,1112 992,1113"/>
                <TextEquiv>
                    <Unicode>nulli alteri commendasset. Omnes vero consanguinei mo</Unicode>
                </TextEquiv>
            </TextLine>
            <TextLine id="r1l34" custom="readingOrder {index:32;}">
                <Coords points="1320,1174 1348,1179 1367,1161 1398,1157 1447,1171 1507,1156 1546,1167 1570,1156 1589,1167 1605,1155 1670,1163 1670,1115 1587,1119 1555,1101 1531,1113 1511,1100 1494,1110 1435,1099 1419,1115 1367,1121 1320,1098"/>
                <Baseline points="1325,1152 1351,1151 1377,1149 1403,1149 1429,1148 1455,1146 1481,1146 1508,1146 1534,1146 1560,1146 1586,1148 1612,1149 1638,1150 1665,1151"/>
                <TextEquiv>
                    <Unicode>Quaestio Vnica.</Unicode>
                </TextEquiv>
            </TextLine>
            <TextLine id="r1l35" custom="readingOrder {index:33;}">
                <Coords points="228,1165 901,1175 995,1166 995,1128 228,1134"/>
                <Baseline points="233,1157 270,1158 308,1158 346,1158 384,1157 422,1157 460,1157 497,1157 535,1157 573,1156 611,1155 649,1155 687,1155 725,1155 762,1155 800,1155 838,1155 876,1155 914,1157 952,1157 990,1158"/>
                <TextEquiv>
                    <Unicode>re scripturae fratres dicebantur. sic Abraham Loth</Unicode>
                </TextEquiv>
            </TextLine>
            <TextLine id="r1l36" custom="readingOrder {index:34;}">
                <Coords points="223,1212 997,1217 985,1165 223,1169"/>
                <Baseline points="228,1203 266,1203 304,1202 342,1202 380,1202 419,1202 457,1202 495,1201 533,1200 571,1200 610,1200 648,1200 686,1199 724,1199 762,1199 801,1199 839,1200 877,1200 915,1200 953,1202 992,1202"/>
                <TextEquiv>
                    <Unicode>fratrem appellabat. Genesis. xiii. qui tamen erat ei</Unicode>
                </TextEquiv>
            </TextLine>
            <TextLine id="r1l37" custom="readingOrder {index:35;}">
                <Coords points="1537,1253 1660,1256 1672,1248 1727,1257 1757,1249 1815,1260 1835,1255 1836,1201 1815,1192 1792,1201 1651,1195 1622,1211 1589,1195 1538,1196"/>
                <Baseline points="1542,1242 1568,1241 1594,1239 1620,1239 1646,1239 1672,1239 1699,1241 1725,1241 1751,1242 1777,1243 1803,1244 1830,1244"/>
                <TextEquiv>
                    <Unicode>Ro distinctio</Unicode>
                </TextEquiv>
            </TextLine>
            <TextLine id="r1l38" custom="readingOrder {index:36;}">
                <Coords points="223,1257 989,1254 988,1213 936,1206 222,1212"/>
                <Baseline points="227,1248 264,1248 302,1247 340,1247 378,1246 416,1245 453,1245 491,1245 529,1244 567,1244 605,1244 642,1244 680,1244 718,1244 756,1244 794,1244 831,1245 869,1245 907,1245 945,1246 983,1247"/>
                <TextEquiv>
                    <Unicode>nepos ex fratre: &amp; Saram vxorem suam / sororem. Ge-</Unicode>
                </TextEquiv>
            </TextLine>
            <TextLine id="r1l39" custom="readingOrder {index:37;}">
                <Coords points="235,1301 995,1300 995,1260 947,1255 235,1259"/>
                <Baseline points="240,1290 277,1290 315,1290 352,1290 390,1290 427,1290 465,1290 502,1289 540,1289 577,1289 615,1289 652,1289 690,1289 727,1289 765,1289 802,1289 840,1289 877,1289 915,1290 952,1290 990,1290"/>
                <TextEquiv>
                    <Unicode>nesis. xx. modo multi apostoli erant eius cognati ex</Unicode>
                </TextEquiv>
            </TextLine>
            <TextLine id="r1l40" custom="readingOrder {index:38;}">
                <Coords points="1542,1306 1596,1297 1642,1311 1657,1299 1700,1297 1744,1313 1769,1298 1834,1303 1834,1255 1805,1264 1781,1251 1746,1258 1679,1249 1665,1257 1612,1254 1581,1269 1561,1255 1542,1256"/>
                <Baseline points="1547,1293 1572,1292 1598,1290 1623,1290 1649,1290 1675,1290 1700,1290 1726,1292 1752,1292 1777,1292 1803,1292 1829,1293"/>
                <TextEquiv>
                    <Unicode>ne trigesimaprima</Unicode>
                </TextEquiv>
            </TextLine>
            <TextLine id="r1l41" custom="readingOrder {index:39;}">
                <Coords points="228,1357 939,1354 992,1344 992,1299 228,1308"/>
                <Baseline points="233,1337 270,1335 308,1335 346,1335 383,1335 421,1335 459,1334 496,1334 534,1334 572,1334 610,1332 647,1332 685,1332 723,1332 760,1332 798,1332 836,1334 873,1334 911,1334 949,1335 987,1337"/>
                <TextEquiv>
                    <Unicode>parte matris. vt patet ex solutione ad quartu. ⁋ lam</Unicode>
                </TextEquiv>
            </TextLine>
            <TextLine id="r1l42" custom="readingOrder {index:40;}">
                <Coords points="1548,1355 1639,1341 1830,1347 1844,1340 1844,1303 1814,1309 1781,1299 1744,1314 1701,1297 1654,1301 1641,1312 1594,1302 1580,1312 1548,1308"/>
                <Baseline points="1553,1337 1579,1335 1605,1335 1631,1334 1657,1334 1683,1334 1709,1335 1735,1335 1761,1336 1787,1337 1813,1337 1839,1338"/>
                <TextEquiv>
                    <Unicode>quaero. An tria bo-</Unicode>
                </TextEquiv>
            </TextLine>
            <TextLine id="r1l43" custom="readingOrder {index:41;}">
                <Coords points="231,1387 949,1396 992,1390 992,1343 231,1357"/>
                <Baseline points="236,1379 273,1379 311,1379 348,1379 386,1379 423,1379 461,1379 498,1377 536,1377 573,1377 611,1377 649,1377 686,1376 724,1376 761,1376 799,1376 836,1377 874,1377 911,1377 949,1379 987,1380"/>
                <TextEquiv>
                    <Unicode>iam vidimus quomodo erat verum matrimonium</Unicode>
                </TextEquiv>
            </TextLine>
            <TextLine id="r1l44" custom="readingOrder {index:42;}">
                <Coords points="1536,1391 1591,1384 1603,1393 1681,1396 1711,1386 1769,1401 1784,1389 1843,1384 1844,1351 1740,1345 1723,1357 1651,1340 1626,1355 1537,1354"/>
                <Baseline points="1541,1380 1568,1379 1595,1379 1622,1379 1649,1379 1676,1379 1703,1380 1730,1380 1757,1380 1784,1382 1811,1382 1838,1383"/>
                <TextEquiv>
                    <Unicode>na matrimonii ex-</Unicode>
                </TextEquiv>
            </TextLine>
            <TextLine id="r1l45" custom="readingOrder {index:43;}">
                <Coords points="235,1441 989,1438 979,1389 235,1387"/>
                <Baseline points="240,1424 277,1424 314,1423 351,1422 388,1422 426,1422 463,1422 500,1421 537,1421 574,1421 612,1421 649,1421 686,1421 723,1421 760,1421 798,1422 835,1422 872,1422 909,1422 946,1424 984,1424"/>
                <TextEquiv>
                    <Unicode>inter christiferam virginem, &amp; virginem loseph.</Unicode>
                </TextEquiv>
            </TextLine>
            <TextLine id="r1l46" custom="readingOrder {index:44;}">
                <Coords points="1545,1437 1634,1435 1652,1423 1679,1441 1731,1429 1841,1434 1841,1388 1807,1402 1797,1395 1761,1402 1717,1387 1677,1400 1634,1387 1545,1389"/>
                <Baseline points="1550,1422 1576,1422 1602,1422 1628,1422 1654,1422 1680,1422 1706,1423 1732,1424 1758,1424 1784,1424 1810,1424 1836,1425"/>
                <TextEquiv>
                    <Unicode>cusent actum matri-</Unicode>
                </TextEquiv>
            </TextLine>
            <TextLine id="r1l47" custom="readingOrder {index:45;}">
                <Coords points="217,1480 564,1490 737,1468 958,1489 1001,1479 1001,1438 217,1443"/>
                <Baseline points="222,1469 260,1469 299,1469 338,1469 376,1467 415,1467 454,1467 492,1467 531,1466 570,1466 609,1466 647,1466 686,1466 725,1466 763,1466 802,1466 841,1466 879,1466 918,1467 957,1467 996,1469"/>
                <TextEquiv>
                    <Unicode>nec virginitas vtriusque partis cum matrimonio pu</Unicode>
                </TextEquiv>
            </TextLine>
            <TextLine id="r1l48" custom="readingOrder {index:46;}">
                <Coords points="1541,1479 1673,1474 1770,1491 1798,1477 1832,1490 1843,1484 1844,1436 1801,1432 1786,1441 1732,1428 1679,1441 1656,1428 1605,1444 1570,1432 1542,1440"/>
                <Baseline points="1547,1469 1573,1467 1600,1466 1626,1466 1653,1466 1679,1467 1706,1467 1732,1468 1759,1469 1785,1469 1812,1470 1839,1470"/>
                <TextEquiv>
                    <Unicode>monialem ne sit pec-</Unicode>
                </TextEquiv>
            </TextLine>
            <TextLine id="r1l49" custom="readingOrder {index:47;}">
                <Coords points="1546,1519 1590,1525 1652,1513 1661,1523 1847,1524 1847,1485 1813,1481 1780,1492 1737,1478 1665,1474 1628,1490 1598,1479 1587,1488 1577,1477 1546,1486"/>
                <Baseline points="1551,1511 1577,1512 1603,1512 1630,1512 1656,1512 1683,1512 1709,1512 1736,1512 1762,1514 1789,1514 1815,1515 1842,1517"/>
                <TextEquiv>
                    <Unicode>catum. Ainaduertes</Unicode>
                </TextEquiv>
            </TextLine>
            <TextLine id="r1l50" custom="readingOrder {index:48;}">
                <Coords points="216,1526 990,1526 997,1481 291,1478 216,1500"/>
                <Baseline points="221,1518 259,1516 298,1515 336,1514 375,1513 413,1512 452,1512 490,1511 529,1511 567,1511 606,1511 645,1511 683,1511 722,1511 760,1511 799,1511 837,1511 876,1512 914,1512 953,1512 992,1512"/>
                <TextEquiv>
                    <Unicode>gnat. Si enim matrimonio per verba de praesenti con-</Unicode>
                </TextEquiv>
            </TextLine>
            <TextLine id="r1l51" custom="readingOrder {index:49;}">
                <Coords points="229,1566 985,1568 976,1519 229,1531"/>
                <Baseline points="234,1556 271,1557 308,1557 345,1557 383,1557 420,1557 457,1557 495,1556 532,1556 569,1555 607,1554 644,1554 681,1554 718,1553 756,1553 793,1553 830,1553 868,1554 905,1554 942,1556 980,1557"/>
                <TextEquiv>
                    <Unicode>tracto, vit membris genitiuis orbaretur: verum eris</Unicode>
                </TextEquiv>
            </TextLine>
            <TextLine id="r1l52" custom="readingOrder {index:50;}">
                <Coords points="1539,1567 1629,1562 1650,1573 1667,1562 1715,1562 1762,1565 1791,1582 1823,1565 1843,1568 1844,1525 1788,1525 1773,1536 1745,1523 1661,1523 1652,1514 1540,1524"/>
                <Baseline points="1544,1554 1570,1554 1597,1556 1624,1556 1650,1556 1677,1556 1704,1556 1731,1557 1757,1557 1784,1557 1811,1559 1838,1560"/>
                <TextEquiv>
                    <Unicode>luxta diuum Augu-</Unicode>
                </TextEquiv>
            </TextLine>
            <TextLine id="r1l53" custom="readingOrder {index:51;}">
                <Coords points="222,1613 940,1623 988,1613 988,1568 222,1577"/>
                <Baseline points="227,1601 264,1601 302,1602 340,1602 378,1602 416,1602 453,1602 491,1602 529,1601 567,1601 605,1601 642,1601 680,1599 718,1599 756,1599 794,1599 831,1599 869,1599 907,1599 945,1599 983,1601"/>
                <TextEquiv>
                    <Unicode>matrimonium, &amp; inseparabile nisi per religionis ingres</Unicode>
                </TextEquiv>
            </TextLine>
            <TextLine id="r1l54" custom="readingOrder {index:52;}">
                <Coords points="1543,1610 1669,1608 1699,1621 1730,1608 1773,1618 1850,1612 1850,1575 1825,1566 1796,1578 1715,1562 1664,1565 1649,1577 1629,1562 1600,1570 1543,1565"/>
                <Baseline points="1548,1601 1575,1601 1602,1602 1629,1602 1656,1601 1683,1601 1710,1601 1737,1601 1764,1602 1791,1604 1818,1606 1845,1610"/>
                <TextEquiv>
                    <Unicode>stinum super Gene</Unicode>
                </TextEquiv>
            </TextLine>
            <TextLine id="r1l55" custom="readingOrder {index:53;}">
                <Coords points="1530,1653 1576,1661 1605,1650 1664,1650 1714,1664 1754,1649 1833,1662 1834,1612 1801,1623 1732,1610 1700,1621 1668,1608 1599,1625 1530,1608"/>
                <Baseline points="1535,1644 1561,1644 1588,1644 1615,1643 1641,1644 1668,1644 1695,1644 1722,1646 1748,1646 1775,1646 1802,1647 1829,1647"/>
                <TextEquiv>
                    <Unicode>sim ad literam libro</Unicode>
                </TextEquiv>
            </TextLine>
            <TextLine id="r1l56" custom="readingOrder {index:54;}">
                <Coords points="234,1657 995,1656 995,1615 968,1609 809,1628 234,1610"/>
                <Baseline points="239,1646 276,1646 314,1646 351,1646 389,1646 426,1646 464,1645 501,1644 539,1644 576,1644 614,1644 652,1644 689,1644 727,1643 764,1644 802,1644 839,1644 877,1644 914,1646 952,1646 990,1647"/>
                <TextEquiv>
                    <Unicode>sum. &amp; manebit hincinde virginitas corporis, &amp;</Unicode>
                </TextEquiv>
            </TextLine>
            <TextLine id="r1l57" custom="readingOrder {index:55;}">
                <Coords points="220,1699 919,1712 998,1702 998,1657 220,1663"/>
                <Baseline points="225,1691 263,1690 301,1689 340,1689 378,1689 417,1689 455,1688 493,1688 532,1688 570,1688 609,1688 647,1688 685,1688 724,1688 762,1689 801,1689 839,1689 877,1689 916,1689 954,1689 993,1689"/>
                <TextEquiv>
                    <Unicode>animisi voluerint. vel si duo nunc votum simplex</Unicode>
                </TextEquiv>
            </TextLine>
            <TextLine id="r1l58" custom="readingOrder {index:56;}">
                <Coords points="1537,1700 1610,1692 1644,1709 1686,1698 1702,1710 1722,1697 1847,1700 1847,1663 1814,1653 1769,1671 1729,1655 1704,1665 1691,1652 1631,1661 1600,1652 1572,1662 1537,1652"/>
                <Baseline points="1542,1691 1567,1690 1592,1689 1617,1688 1642,1688 1667,1688 1692,1688 1717,1689 1742,1690 1767,1691 1792,1692 1817,1693 1842,1694"/>
                <TextEquiv>
                    <Unicode>ix. c. vii. triplex esse</Unicode>
                </TextEquiv>
            </TextLine>
            <TextLine id="r1l60" custom="readingOrder {index:57;}">
                <Coords points="234,1748 974,1748 988,1702 234,1707"/>
                <Baseline points="239,1736 276,1735 313,1734 350,1734 387,1734 425,1733 462,1733 499,1733 536,1733 573,1733 611,1733 648,1733 685,1733 722,1734 759,1734 797,1734 834,1734 871,1734 908,1734 945,1733 983,1733"/>
                <TextEquiv>
                    <Unicode>virginitatis vouerint: edocti a spiritu sancto non</Unicode>
                </TextEquiv>
            </TextLine>
            <TextLine id="r1l62" custom="readingOrder {index:58;}">
                <Coords points="1534,1745 1608,1748 1627,1738 1682,1748 1764,1740 1846,1749 1846,1700 1723,1699 1703,1711 1534,1700"/>
                <Baseline points="1539,1733 1564,1734 1589,1734 1614,1733 1639,1733 1664,1733 1690,1733 1715,1733 1740,1734 1765,1734 1790,1735 1815,1736 1841,1737"/>
                <TextEquiv>
                    <Unicode>bonum matrimonii.</Unicode>
                </TextEquiv>
            </TextLine>
            <TextLine id="r1l63" custom="readingOrder {index:59;}">
                <Coords points="228,1790 972,1793 988,1745 228,1747"/>
                <Baseline points="233,1779 270,1779 308,1779 345,1779 383,1779 420,1779 458,1779 495,1778 533,1778 570,1778 608,1778 645,1778 683,1778 720,1778 758,1778 795,1778 833,1779 870,1779 908,1779 945,1779 983,1779"/>
                <TextEquiv>
                    <Unicode>esse periculum contraueniendi votis / pariter contrahen</Unicode>
                </TextEquiv>
            </TextLine>
            <TextLine id="r1l64" custom="readingOrder {index:60;}">
                <Coords points="1069,1790 1786,1802 1835,1788 1835,1748 1069,1750"/>
                <Baseline points="1074,1778 1111,1780 1149,1781 1187,1782 1225,1782 1263,1782 1300,1782 1338,1782 1376,1781 1414,1781 1452,1781 1489,1779 1527,1779 1565,1779 1603,1779 1641,1778 1678,1779 1716,1779 1754,1779 1792,1781 1830,1782"/>
                <TextEquiv>
                    <Unicode>non quod haec tria sint de essentia matrimonii: nam potest</Unicode>
                </TextEquiv>
            </TextLine>
            <TextLine id="r1l65" custom="readingOrder {index:61;}">
                <Coords points="229,1832 994,1827 981,1789 229,1790"/>
                <Baseline points="234,1823 271,1823 309,1824 347,1824 385,1824 422,1824 460,1824 498,1823 536,1823 573,1823 611,1823 649,1823 687,1821 724,1821 762,1821 800,1821 838,1821 875,1823 913,1823 951,1823 989,1824"/>
                <TextEquiv>
                    <Unicode>do: &amp; deo matrimonium praeicpiente: matrimonium es-</Unicode>
                </TextEquiv>
            </TextLine>
            <TextLine id="r1l66" custom="readingOrder {index:62;}">
                <Coords points="1062,1838 1674,1829 1715,1849 1844,1831 1844,1799 1062,1801"/>
                <Baseline points="1067,1826 1105,1826 1144,1827 1182,1827 1221,1827 1260,1827 1298,1827 1337,1827 1375,1826 1414,1826 1453,1826 1491,1825 1530,1824 1568,1824 1607,1824 1646,1824 1684,1824 1723,1823 1761,1824 1800,1824 1839,1824"/>
                <TextEquiv>
                    <Unicode>esse verum matrimonium sine illis. sed aliquo mo-</Unicode>
                </TextEquiv>
            </TextLine>
            <TextLine id="r1l67" custom="readingOrder {index:63;}">
                <Coords points="226,1878 989,1875 971,1831 226,1835"/>
                <Baseline points="231,1868 268,1868 306,1868 343,1868 381,1868 419,1868 456,1868 494,1868 532,1868 569,1868 607,1868 645,1869 682,1869 720,1869 758,1869 795,1869 833,1869 871,1869 908,1869 946,1868 984,1868"/>
                <TextEquiv>
                    <Unicode>set licitum cum virginitate. Praeterea diximus quod mu</Unicode>
                </TextEquiv>
            </TextLine>
            <TextLine id="r1l68" custom="readingOrder {index:64;}">
                <Coords points="1075,1880 1844,1878 1844,1847 1758,1829 1713,1851 1645,1831 1075,1836"/>
                <Baseline points="1080,1866 1119,1868 1159,1869 1199,1869 1239,1871 1279,1871 1319,1871 1359,1871 1399,1870 1439,1869 1479,1869 1519,1869 1559,1868 1599,1868 1639,1868 1679,1868 1719,1868 1759,1868 1799,1868 1839,1869"/>
                <TextEquiv>
                    <Unicode>do possunt dici matrimonio essentialia: quia pactio-</Unicode>
                </TextEquiv>
            </TextLine>
            <TextLine id="r1l69" custom="readingOrder {index:65;}">
                <Coords points="234,1922 1001,1925 1001,1887 971,1874 234,1878"/>
                <Baseline points="239,1913 276,1913 314,1913 352,1913 390,1913 428,1913 466,1913 503,1913 541,1913 579,1913 617,1913 655,1911 693,1911 731,1911 768,1911 806,1911 844,1911 882,1913 920,1913 958,1913 996,1913"/>
                <TextEquiv>
                    <Unicode>lier non haeres poterat nubere cuicumque viro cuiuscum</Unicode>
                </TextEquiv>
            </TextLine>
            <TextLine id="r1l70" custom="readingOrder {index:66;}">
                <Coords points="1072,1925 1841,1925 1841,1886 1812,1878 1072,1879"/>
                <Baseline points="1077,1911 1116,1913 1156,1914 1196,1915 1236,1916 1276,1916 1316,1916 1356,1916 1396,1916 1436,1914 1476,1914 1516,1914 1556,1913 1596,1913 1636,1913 1676,1912 1716,1912 1756,1913 1796,1913 1836,1913"/>
                <TextEquiv>
                    <Unicode>ne excludens ea in principio contractus: nullo mo</Unicode>
                </TextEquiv>
            </TextLine>
            <TextLine id="r1l71" custom="readingOrder {index:67;}">
                <Coords points="228,1977 962,1973 988,1967 988,1924 228,1925"/>
                <Baseline points="233,1959 270,1958 308,1958 345,1956 383,1956 420,1956 458,1956 495,1956 533,1956 570,1956 608,1956 645,1956 683,1956 720,1956 758,1956 795,1956 833,1956 870,1956 908,1956 945,1955 983,1955"/>
                <TextEquiv>
                    <Unicode>quod tribus populi Israelitici: haeres autem solum vi-</Unicode>
                </TextEquiv>
            </TextLine>
            <TextLine id="r1l72" custom="readingOrder {index:68;}">
                <Coords points="1075,1966 1841,1971 1841,1935 1772,1917 1477,1938 1075,1923"/>
                <Baseline points="1080,1956 1117,1958 1155,1959 1193,1959 1231,1959 1269,1959 1306,1959 1344,1959 1382,1959 1420,1959 1458,1959 1495,1958 1533,1958 1571,1958 1609,1958 1647,1957 1684,1956 1722,1958 1760,1958 1798,1958 1836,1959"/>
                <TextEquiv>
                    <Unicode>do contrahit: vt ante diximus de conditionibus in </Unicode>
                </TextEquiv>
            </TextLine>
            <TextLine id="r1l73" custom="readingOrder {index:69;}">
                <Coords points="219,2011 944,2016 991,2009 991,1972 219,1974"/>
                <Baseline points="224,2003 262,2001 300,2001 338,2001 376,2001 414,2000 452,2000 490,2000 528,2000 566,2000 605,2000 643,2000 681,2000 719,2001 757,2001 795,2001 833,2001 871,2001 909,2001 947,2000 986,2000"/>
                <TextEquiv>
                    <Unicode>ro suae tribus. Alioquin vna tribus creuisset &amp; al-</Unicode>
                </TextEquiv>
            </TextLine>
            <TextLine id="r1l74" custom="readingOrder {index:70;}">
                <Coords points="1062,2016 1843,2008 1842,1970 1788,1957 1756,1980 1061,1972"/>
                <Baseline points="1067,2001 1105,2003 1144,2004 1182,2005 1221,2006 1259,2006 1298,2006 1336,2006 1375,2006 1413,2004 1452,2004 1491,2003 1529,2003 1568,2003 1606,2001 1645,2001 1683,2001 1722,2001 1760,2001 1799,2001 1838,2001"/>
                <TextEquiv>
                    <Unicode>matrimonio appositis. Sed haec tria sunt potio-</Unicode>
                </TextEquiv>
            </TextLine>
            <TextLine id="r1l75" custom="readingOrder {index:71;}">
                <Coords points="226,2056 939,2060 992,2053 992,2016 226,2018"/>
                <Baseline points="231,2046 268,2046 306,2046 344,2046 382,2046 420,2046 457,2046 495,2046 533,2046 571,2046 609,2046 646,2046 684,2046 722,2046 760,2046 798,2046 835,2046 873,2046 911,2046 949,2046 987,2046"/>
                <TextEquiv>
                    <Unicode>tera decreuisset in magnitudine terrae super sortes da</Unicode>
                </TextEquiv>
            </TextLine>
            <TextLine id="r1l76" custom="readingOrder {index:72;}">
                <Coords points="1062,2055 1819,2058 1841,2055 1841,2016 1062,2018"/>
                <Baseline points="1067,2048 1105,2048 1143,2049 1182,2049 1220,2049 1259,2049 1297,2049 1336,2048 1374,2048 1413,2048 1451,2048 1489,2046 1528,2046 1566,2046 1605,2046 1643,2045 1682,2045 1720,2046 1759,2046 1797,2046 1836,2048"/>
                <TextEquiv>
                    <Unicode>ra quae matrimonio insunt, scilicet bonum fidei: </Unicode>
                </TextEquiv>
            </TextLine>
            <TextLine id="r1l77" custom="readingOrder {index:73;}">
                <Coords points="225,2104 985,2103 985,2054 225,2059"/>
                <Baseline points="230,2093 267,2091 305,2091 342,2091 380,2091 417,2090 455,2090 492,2090 530,2090 567,2090 605,2090 642,2090 680,2091 717,2091 755,2091 792,2091 830,2091 867,2091 905,2091 942,2090 980,2090"/>
                <TextEquiv>
                    <Unicode>tas a deo sub ducatu losue, quod erat incommodum</Unicode>
                </TextEquiv>
            </TextLine>
            <TextLine id="r1l78" custom="readingOrder {index:74;}">
                <Coords points="1069,2100 1829,2104 1829,2056 1465,2072 1069,2054"/>
                <Baseline points="1074,2093 1111,2093 1149,2093 1186,2094 1224,2094 1261,2094 1299,2094 1336,2093 1374,2093 1411,2093 1449,2093 1486,2093 1524,2091 1561,2091 1599,2091 1636,2091 1674,2091 1711,2091 1749,2091 1786,2091 1824,2093"/>
                <TextEquiv>
                    <Unicode>hoc est seruare fidelitatem alteri coniugum / non red- </Unicode>
                </TextEquiv>
            </TextLine>
            <TextLine id="r1l79" custom="readingOrder {index:75;}">
                <Coords points="222,2154 988,2147 987,2106 946,2099 221,2108"/>
                <Baseline points="227,2141 264,2139 302,2137 340,2135 378,2135 416,2133 453,2133 491,2133 529,2133 567,2133 605,2133 642,2133 680,2135 718,2135 756,2135 794,2136 831,2136 869,2136 907,2136 945,2136 983,2135"/>
                <TextEquiv>
                    <Unicode>pro tempore illius legis in illa plaga terrae. Et propterea ter-</Unicode>
                </TextEquiv>
            </TextLine>
            <TextLine id="r1l80" custom="readingOrder {index:76;}">
                <Coords points="1069,2143 1835,2148 1835,2101 1763,2096 1542,2116 1069,2102"/>
                <Baseline points="1074,2133 1111,2135 1149,2136 1187,2138 1225,2138 1263,2139 1300,2139 1338,2139 1376,2139 1414,2138 1452,2138 1489,2138 1527,2137 1565,2136 1603,2136 1641,2136 1678,2136 1716,2135 1754,2136 1792,2136 1830,2136"/>
                <TextEquiv>
                    <Unicode>dendo cuiuis alteri vsum sui corporis: &amp; coniugi</Unicode>
                </TextEquiv>
            </TextLine>
            <TextLine id="r1l81" custom="readingOrder {index:77;}">
                <Coords points="229,2187 973,2196 989,2148 229,2154"/>
                <Baseline points="234,2177 271,2178 309,2178 346,2178 384,2178 421,2178 459,2178 496,2178 534,2178 571,2178 609,2178 646,2178 684,2178 721,2178 759,2178 796,2178 834,2178 871,2178 909,2178 946,2178 984,2180"/>
                <TextEquiv>
                    <Unicode>ram vendere non poterant vltra annum iubileum.</Unicode>
                </TextEquiv>
            </TextLine>
            <TextLine id="r1l82" custom="readingOrder {index:78;}">
                <Coords points="1069,2189 1832,2190 1832,2155 1790,2143 1069,2156"/>
                <Baseline points="1074,2178 1111,2180 1149,2181 1186,2181 1224,2183 1262,2183 1299,2183 1337,2183 1375,2183 1412,2183 1450,2182 1488,2181 1525,2181 1563,2181 1601,2181 1638,2180 1676,2180 1714,2180 1751,2181 1789,2181 1827,2181"/>
                <TextEquiv>
                    <Unicode>reddendo quando par est. vt inter Vlyssem &amp; Pe</Unicode>
                </TextEquiv>
            </TextLine>
            <TextLine id="r1l83" custom="readingOrder {index:79;}">
                <Coords points="222,2238 964,2240 991,2230 991,2191 222,2193"/>
                <Baseline points="227,2225 266,2223 306,2223 346,2223 386,2223 426,2223 466,2222 506,2222 546,2222 586,2222 626,2222 666,2222 706,2222 746,2222 786,2223 826,2223 866,2223 906,2223 946,2224 986,2225"/>
                <TextEquiv>
                    <Unicode>Amplius diximus terram partitam secundum capita</Unicode>
                </TextEquiv>
            </TextLine>
            <TextLine id="r1l84" custom="readingOrder {index:80;}">
                <Coords points="1063,2237 1832,2240 1832,2191 1810,2186 1549,2205 1063,2189"/>
                <Baseline points="1068,2225 1107,2225 1147,2225 1187,2225 1227,2225 1267,2225 1307,2226 1347,2226 1387,2226 1427,2226 1467,2226 1507,2226 1547,2226 1587,2226 1627,2226 1667,2226 1707,2225 1747,2225 1787,2225 1827,2225"/>
                <TextEquiv>
                    <Unicode>nelopen: inter Lucretiam &amp; eius maritum Collati</Unicode>
                </TextEquiv>
            </TextLine>
            <TextLine id="r1l85" custom="readingOrder {index:81;}">
                <Coords points="225,2276 989,2276 989,2235 225,2235"/>
                <Baseline points="230,2267 267,2267 305,2267 343,2267 380,2268 418,2268 456,2268 493,2268 531,2268 569,2267 607,2267 644,2267 682,2267 720,2267 757,2267 795,2267 833,2267 870,2267 908,2267 946,2268 984,2268"/>
                <TextEquiv>
                    <Unicode>eorum qui Aegyptum egressi sunt. Salphaad autem</Unicode>
                </TextEquiv>
            </TextLine>
            <TextLine id="r1l86" custom="readingOrder {index:82;}">
                <Coords points="1065,2276 1838,2281 1838,2241 1785,2232 1065,2238"/>
                <Baseline points="1070,2267 1108,2267 1146,2268 1184,2268 1222,2270 1260,2270 1298,2270 1337,2270 1375,2270 1413,2270 1451,2270 1489,2270 1527,2270 1565,2270 1604,2270 1642,2270 1680,2270 1718,2270 1756,2269 1794,2268 1833,2268"/>
                <TextEquiv>
                    <Unicode>num fuisse memorant. Bonum sacramenti est in-</Unicode>
                </TextEquiv>
            </TextLine>
            <TextLine id="r1l87" custom="readingOrder {index:83;}">
                <Coords points="228,2322 848,2333 989,2324 989,2276 228,2280"/>
                <Baseline points="233,2310 270,2310 308,2310 345,2310 383,2309 420,2309 458,2309 495,2310 533,2310 570,2310 608,2310 646,2310 683,2310 721,2310 758,2310 796,2310 833,2310 871,2310 908,2310 946,2310 984,2312"/>
                <TextEquiv>
                    <Unicode>mortuus est in deserto: cuius terram filiae: quia filios</Unicode>
                </TextEquiv>
            </TextLine>
            <TextLine id="r1l88" custom="readingOrder {index:84;}">
                <Coords points="1072,2326 1835,2324 1829,2279 1519,2296 1072,2275"/>
                <Baseline points="1077,2310 1114,2312 1152,2313 1189,2313 1227,2315 1265,2315 1302,2316 1340,2316 1378,2316 1415,2316 1453,2316 1491,2316 1528,2316 1566,2316 1604,2316 1641,2316 1679,2315 1717,2315 1754,2315 1792,2313 1830,2313"/>
                <TextEquiv>
                    <Unicode>dissolubilitas: hoc est, quod vinculum sit indissolubi</Unicode>
                </TextEquiv>
            </TextLine>
            <TextLine id="r1l89" custom="readingOrder {index:85;}">
                <Coords points="228,2369 991,2360 976,2319 228,2322"/>
                <Baseline points="233,2357 270,2356 308,2355 345,2355 383,2355 421,2354 458,2354 496,2354 534,2354 571,2354 609,2354 647,2355 684,2355 722,2355 760,2355 797,2355 835,2355 873,2355 910,2355 948,2354 986,2354"/>
                <TextEquiv>
                    <Unicode>non habuit) acceperunt in haereditatem. Et ex consequen-</Unicode>
                </TextEquiv>
            </TextLine>
            <TextLine id="r1l90" custom="readingOrder {index:86;}">
                <Coords points="1066,2369 1826,2375 1826,2325 1765,2320 1455,2340 1066,2324"/>
                <Baseline points="1071,2355 1108,2357 1146,2358 1183,2358 1221,2358 1258,2360 1296,2360 1333,2360 1371,2360 1408,2360 1446,2360 1483,2360 1521,2360 1558,2360 1596,2360 1633,2360 1671,2360 1708,2358 1746,2358 1783,2358 1821,2358"/>
                <TextEquiv>
                    <Unicode>le. Petrus Paludensis hic tres positiones de entita</Unicode>
                </TextEquiv>
            </TextLine>
            <TextLine id="r1l91" custom="readingOrder {index:87;}">
                <Coords points="231,2414 946,2413 986,2408 986,2362 231,2373"/>
                <Baseline points="236,2400 273,2400 310,2400 347,2400 385,2400 422,2399 459,2399 496,2399 534,2399 571,2399 608,2399 645,2399 683,2399 720,2399 757,2400 794,2400 832,2400 869,2400 906,2400 943,2400 981,2400"/>
                <TextEquiv>
                    <Unicode>te sequitur quod multiplicatis liberis diminuebatur inter</Unicode>
                </TextEquiv>
            </TextLine>
            <TextLine id="r1l92" custom="readingOrder {index:88;}">
                <Coords points="1069,2412 1680,2425 1823,2414 1823,2373 1069,2376"/>
                <Baseline points="1074,2402 1111,2402 1148,2403 1185,2403 1222,2403 1260,2403 1297,2403 1334,2405 1371,2405 1408,2405 1446,2405 1483,2405 1520,2405 1557,2405 1594,2405 1632,2405 1669,2405 1706,2403 1743,2403 1780,2403 1818,2403"/>
                <TextEquiv>
                    <Unicode>te vinculi recitat: quas ad indissolubilitatem con-</Unicode>
                </TextEquiv>
            </TextLine>
            <TextLine id="r1l93" custom="readingOrder {index:89;}">
                <Coords points="230,2452 974,2464 985,2408 231,2417"/>
                <Baseline points="236,2442 273,2444 310,2444 347,2444 384,2444 422,2444 459,2444 496,2444 533,2444 570,2444 608,2445 645,2445 682,2445 719,2445 756,2445 794,2445 831,2445 868,2445 905,2445 942,2444 980,2444"/>
                <TextEquiv>
                    <Unicode>eos dominium terrae. Vlterius patet quod beata Maria sem</Unicode>
                </TextEquiv>
            </TextLine>
            <TextLine id="r1l94" custom="readingOrder {index:90;}">
                <Coords points="1062,2458 1789,2462 1828,2459 1829,2413 1063,2412"/>
                <Baseline points="1068,2444 1105,2445 1143,2446 1181,2447 1219,2448 1257,2449 1294,2450 1332,2450 1370,2450 1408,2451 1446,2451 1483,2451 1521,2451 1559,2451 1597,2450 1635,2450 1672,2450 1710,2448 1748,2448 1786,2447 1824,2445"/>
                <TextEquiv>
                    <Unicode>ducere existimat. Vna tenet quod vinculum est rela-</Unicode>
                </TextEquiv>
            </TextLine>
            <TextLine id="r1l95" custom="readingOrder {index:91;}">
                <Coords points="216,2504 946,2506 979,2495 979,2464 216,2465"/>
                <Baseline points="221,2492 258,2490 296,2489 333,2489 371,2487 409,2487 446,2487 484,2487 522,2487 559,2488 597,2489 635,2489 672,2489 710,2490 748,2490 785,2490 823,2490 861,2490 898,2490 936,2489 974,2489"/>
                <TextEquiv>
                    <Unicode>per virgini tradita est custodienda. primo ipsi lo-</Unicode>
                </TextEquiv>
            </TextLine>
            <TextLine id="r1l96" custom="readingOrder {index:92;}">
                <Coords points="1063,2499 1829,2503 1816,2455 1498,2476 1473,2458 1063,2457"/>
                <Baseline points="1068,2489 1105,2489 1143,2490 1181,2492 1219,2493 1257,2493 1294,2493 1332,2495 1370,2495 1408,2495 1446,2495 1483,2495 1521,2495 1559,2495 1597,2495 1635,2495 1672,2493 1710,2493 1748,2493 1786,2492 1824,2492"/>
                <TextEquiv>
                    <Unicode>tio rationis solum. Secunda positio, vinculum est</Unicode>
                </TextEquiv>
            </TextLine>
            <TextLine id="r1l97" custom="readingOrder {index:93;}">
                <Coords points="222,2540 985,2549 985,2499 222,2505"/>
                <Baseline points="227,2534 264,2532 302,2532 339,2532 377,2532 415,2532 452,2532 490,2532 528,2532 565,2532 603,2534 641,2534 678,2534 716,2534 754,2535 791,2535 829,2535 867,2535 904,2535 942,2534 980,2534"/>
                <TextEquiv>
                    <Unicode>seph in coniugio: secundo post eius mortem Chri-</Unicode>
                </TextEquiv>
            </TextLine>
            <TextLine id="r1l98" custom="readingOrder {index:94;}">
                <Coords points="1069,2542 1783,2560 1838,2547 1839,2508 1070,2500"/>
                <Baseline points="1074,2532 1113,2534 1153,2535 1193,2537 1233,2538 1273,2538 1313,2539 1353,2540 1393,2540 1433,2540 1473,2540 1513,2540 1553,2540 1593,2540 1633,2540 1673,2540 1713,2540 1753,2540 1793,2540 1833,2540"/>
                <TextEquiv>
                    <Unicode>aliquid absolutum corpori inhaerens. Tertia est quan</Unicode>
                </TextEquiv>
            </TextLine>
            <TextLine id="r1l99" custom="readingOrder {index:95;}">
                <Coords points="225,2585 979,2592 973,2542 225,2542"/>
                <Baseline points="230,2574 267,2574 304,2574 341,2574 378,2574 416,2576 453,2576 490,2576 527,2576 564,2576 602,2577 639,2577 676,2577 713,2578 750,2579 788,2579 825,2579 862,2579 899,2579 936,2580 974,2580"/>
                <TextEquiv>
                    <Unicode>sto suo filio. tempore vero passionis commenda</Unicode>
                </TextEquiv>
            </TextLine>
            <TextLine id="r1l100" custom="readingOrder {index:96;}">
                <Coords points="1063,2589 1823,2593 1806,2552 1714,2541 1661,2560 1063,2548"/>
                <Baseline points="1068,2577 1105,2579 1143,2580 1180,2580 1218,2582 1255,2583 1293,2583 1330,2583 1368,2585 1405,2585 1443,2585 1480,2585 1518,2585 1555,2585 1593,2585 1630,2585 1668,2585 1705,2583 1743,2583 1780,2582 1818,2582"/>
                <TextEquiv>
                    <Unicode>Petrus insequitur, quod est quid absolutum in anima.</Unicode>
                </TextEquiv>
            </TextLine>
            <TextLine id="r1l101" custom="readingOrder {index:97;}">
                <Coords points="231,2628 963,2639 988,2630 989,2593 232,2591"/>
                <Baseline points="237,2618 274,2618 311,2619 349,2619 386,2619 423,2619 461,2621 498,2621 535,2621 573,2621 610,2622 647,2622 685,2622 722,2622 759,2622 797,2624 834,2624 871,2624 909,2624 946,2624 984,2624"/>
                <TextEquiv>
                    <Unicode>ta est virgini nepoti ex sorore. Addo. licet lo-</Unicode>
                </TextEquiv>
            </TextLine>
            <TextLine id="r1l102" custom="readingOrder {index:98;}">
                <Coords points="1073,2636 1701,2650 1827,2636 1828,2593 1432,2608 1074,2589"/>
                <Baseline points="1079,2625 1116,2625 1153,2625 1190,2625 1227,2625 1265,2627 1302,2627 1339,2628 1376,2628 1413,2628 1451,2630 1488,2630 1525,2630 1562,2630 1599,2631 1637,2630 1674,2630 1711,2629 1748,2628 1785,2627 1823,2624"/>
                <TextEquiv>
                    <Unicode>Sed dico illa proposito non conducere. quaecun-</Unicode>
                </TextEquiv>
            </TextLine>
            <TextLine id="r1l103" custom="readingOrder {index:99;}">
                <Coords points="226,2674 985,2679 985,2648 872,2630 227,2629"/>
                <Baseline points="231,2663 268,2663 305,2663 343,2663 380,2663 418,2663 455,2663 493,2664 530,2664 568,2664 605,2666 642,2666 680,2666 717,2667 755,2667 792,2667 830,2669 867,2669 905,2669 942,2669 980,2669"/>
                <TextEquiv>
                    <Unicode>seph senex depingatur: non est verosimile quod tem-</Unicode>
                </TextEquiv>
            </TextLine>
            <TextLine id="r1l104" custom="readingOrder {index:100;}">
                <Coords points="1062,2679 1699,2696 1828,2680 1829,2644 1063,2635"/>
                <Baseline points="1067,2670 1104,2670 1142,2670 1180,2670 1218,2670 1256,2670 1294,2670 1331,2672 1369,2672 1407,2673 1445,2673 1483,2673 1521,2675 1559,2675 1596,2675 1634,2675 1672,2673 1710,2673 1748,2672 1786,2670 1824,2667"/>
                <TextEquiv>
                    <Unicode>quod enim res sit vinculum: semper manet aequalis im-</Unicode>
                </TextEquiv>
            </TextLine>
            <TextLine id="r1l105" custom="readingOrder {index:101;}">
                <Coords points="229,2719 995,2727 996,2683 230,2678"/>
                <Baseline points="234,2706 271,2706 309,2705 347,2705 385,2705 423,2705 460,2706 498,2706 536,2706 574,2707 612,2708 649,2708 687,2709 725,2709 763,2711 801,2711 838,2712 876,2712 914,2712 952,2712 990,2712"/>
                <TextEquiv>
                    <Unicode>pore contractus matrimonialis sic fuerit senex. &amp;</Unicode>
                </TextEquiv>
            </TextLine>
            <TextLine id="r1l106" custom="readingOrder {index:102;}">
                <Coords points="1056,2729 1786,2737 1831,2733 1832,2683 1595,2701 1057,2676"/>
                <Baseline points="1062,2714 1100,2714 1138,2714 1176,2715 1215,2715 1253,2715 1291,2715 1329,2717 1368,2717 1406,2718 1444,2718 1482,2718 1521,2720 1559,2720 1597,2720 1635,2720 1674,2720 1712,2718 1750,2718 1788,2717 1827,2715"/>
                <TextEquiv>
                    <Unicode>dissolubilitas. Vlterius dico quod nulla positionum quam</Unicode>
                </TextEquiv>
            </TextLine>
            <TextLine id="r1l107" custom="readingOrder {index:103;}">
                <Coords points="217,2761 988,2761 988,2730 939,2723 217,2726"/>
                <Baseline points="222,2750 260,2750 298,2750 336,2750 374,2750 412,2750 450,2750 488,2750 526,2751 564,2751 602,2753 640,2753 678,2753 716,2754 754,2754 792,2754 830,2756 868,2756 906,2756 944,2757 983,2757"/>
                <TextEquiv>
                    <Unicode>id testatur glossa Esaiae. lxii. super illo verbo. Ha-</Unicode>
                </TextEquiv>
            </TextLine>
            <TextLine id="r1l108" custom="readingOrder {index:104;}">
                <Coords points="1063,2767 1817,2770 1817,2738 1697,2725 1063,2728"/>
                <Baseline points="1068,2756 1105,2757 1142,2758 1179,2759 1216,2760 1254,2760 1291,2762 1328,2762 1365,2762 1402,2762 1440,2763 1477,2763 1514,2763 1551,2763 1588,2763 1626,2763 1663,2763 1700,2762 1737,2762 1774,2762 1812,2762"/>
                <TextEquiv>
                    <Unicode>recitat est vera, non prima: quia nulla est relatio rea</Unicode>
                </TextEquiv>
            </TextLine>
            <TextLine id="r1l109" custom="readingOrder {index:105;}">
                <Coords points="219,2807 665,2806 805,2835 911,2808 965,2830 990,2820 991,2775 220,2761"/>
                <Baseline points="225,2793 263,2793 301,2793 339,2793 377,2793 415,2795 453,2795 491,2795 529,2796 567,2796 605,2798 643,2799 681,2799 719,2800 757,2801 795,2801 833,2801 871,2802 909,2802 947,2802 986,2802"/>
                <TextEquiv>
                    <Unicode>bitabit iuuenis cum virgine. id est loseph cum Ma</Unicode>
                </TextEquiv>
            </TextLine>
            <TextLine id="r1l110" custom="readingOrder {index:106;}">
                <Coords points="1069,2823 1825,2830 1813,2770 1505,2788 1069,2770"/>
                <Baseline points="1074,2801 1111,2802 1148,2804 1185,2805 1223,2807 1260,2807 1297,2808 1335,2808 1372,2810 1409,2810 1447,2810 1484,2810 1521,2810 1558,2810 1596,2810 1633,2810 1670,2808 1708,2808 1745,2808 1782,2807 1820,2805"/>
                <TextEquiv>
                    <Unicode>lis nec rationis / prout existimat. quod alibi videri</Unicode>
                </TextEquiv>
            </TextLine>
            <TextEquiv>
                <Unicode>ria. Crisantus cum Daria. De hominum pictura di
tiue igitur solus genitus est primogenitus: etiansi sit so
catur illud Horatianum. Pictoribus atque poetis
lus genitus. &amp; sacerdotibus debentur primogenita,
Quidlibet audendi semper fuit aequa potestas. Ima
vt ex lege patet. ⁋ Septimo arguitur. Christus ha-
ginor tamen quod erat. xxiiii. annos natus vel am-
buit fratres. dicitur eim Matthaei. xii. Ecce mater eius
plius. Verosimile est ( &amp; ita pie credo) deum praeser
&amp; fratres eius stabant foris quaerentes loqui ei. &amp; non
uasse suam castissimam matrem sic vt nullus in 
ex parte patris vt notum est. &amp; per consequens nec ex
eam impudice moueretur: licet esset virgo decora
parte vtriusque: ergo ex parte matris. Aliqui dicunt.
nimis Dauid de semine regis. ad motum enim impu
quod Ioseph habuit vxorem ante virginem: ex qua pro
dicum in eam / non concurrebat deus. &amp; ex consequenti nullum
les habuit. &amp; quia reputabatur pictur Christi: vocabantur
talem motum habere poterat quisquam ob defectum concur
fratres Curisti. Et hoc in vna solutione tenet Mar
sus generalis dei. hoc autem decuit in dei matre.
tinus. Illud nullo modo placet. Augustinus enim &amp;
In expositione autem euangelii Matthaei primo.
magister tenent eum fuisse virginem: &amp; hoc credo. cer-
hoc prolixius deduximus. quocirca his paucis con
te virum integerrimum / pariter &amp; optimum illa tempesta-
te elegit deus pro communiuge matris, &amp; virginem. quo mor
entus transeo ad reliqua. 
tuo ante passionem / alteri virgini eam commendauit. si
autem loseph tempore passionis superuixisset: matrem
⁋ Distinctionis Trigesimae primae
nulli alteri commendasset. Omnes vero consanguinei mo
Quaestio Vnica.
re scripturae fratres dicebantur. sic Abraham Loth
fratrem appellabat. Genesis. xiii. qui tamen erat ei
Ro distinctio
nepos ex fratre: &amp; Saram vxorem suam / sororem. Ge-
nesis. xx. modo multi apostoli erant eius cognati ex
ne trigesimaprima
parte matris. vt patet ex solutione ad quartu. ⁋ lam
quaero. An tria bo-
iam vidimus quomodo erat verum matrimonium
na matrimonii ex-
inter christiferam virginem, &amp; virginem loseph.
cusent actum matri-
nec virginitas vtriusque partis cum matrimonio pu
monialem ne sit pec-
catum. Ainaduertes
gnat. Si enim matrimonio per verba de praesenti con-
tracto, vit membris genitiuis orbaretur: verum eris
luxta diuum Augu-
matrimonium, &amp; inseparabile nisi per religionis ingres
stinum super Gene
sim ad literam libro
sum. &amp; manebit hincinde virginitas corporis, &amp;
animisi voluerint. vel si duo nunc votum simplex
ix. c. vii. triplex esse
virginitatis vouerint: edocti a spiritu sancto non
bonum matrimonii.
esse periculum contraueniendi votis / pariter contrahen
non quod haec tria sint de essentia matrimonii: nam potest
do: &amp; deo matrimonium praeicpiente: matrimonium es-
esse verum matrimonium sine illis. sed aliquo mo-
set licitum cum virginitate. Praeterea diximus quod mu
do possunt dici matrimonio essentialia: quia pactio-
lier non haeres poterat nubere cuicumque viro cuiuscum
ne excludens ea in principio contractus: nullo mo
quod tribus populi Israelitici: haeres autem solum vi-
do contrahit: vt ante diximus de conditionibus in 
ro suae tribus. Alioquin vna tribus creuisset &amp; al-
matrimonio appositis. Sed haec tria sunt potio-
tera decreuisset in magnitudine terrae super sortes da
ra quae matrimonio insunt, scilicet bonum fidei: 
tas a deo sub ducatu losue, quod erat incommodum
hoc est seruare fidelitatem alteri coniugum / non red- 
pro tempore illius legis in illa plaga terrae. Et propterea ter-
dendo cuiuis alteri vsum sui corporis: &amp; coniugi
ram vendere non poterant vltra annum iubileum.
reddendo quando par est. vt inter Vlyssem &amp; Pe
Amplius diximus terram partitam secundum capita
nelopen: inter Lucretiam &amp; eius maritum Collati
eorum qui Aegyptum egressi sunt. Salphaad autem
num fuisse memorant. Bonum sacramenti est in-
mortuus est in deserto: cuius terram filiae: quia filios
dissolubilitas: hoc est, quod vinculum sit indissolubi
non habuit) acceperunt in haereditatem. Et ex consequen-
le. Petrus Paludensis hic tres positiones de entita
te sequitur quod multiplicatis liberis diminuebatur inter
te vinculi recitat: quas ad indissolubilitatem con-
eos dominium terrae. Vlterius patet quod beata Maria sem
ducere existimat. Vna tenet quod vinculum est rela-
per virgini tradita est custodienda. primo ipsi lo-
tio rationis solum. Secunda positio, vinculum est
seph in coniugio: secundo post eius mortem Chri-
aliquid absolutum corpori inhaerens. Tertia est quan
sto suo filio. tempore vero passionis commenda
Petrus insequitur, quod est quid absolutum in anima.
ta est virgini nepoti ex sorore. Addo. licet lo-
Sed dico illa proposito non conducere. quaecun-
seph senex depingatur: non est verosimile quod tem-
quod enim res sit vinculum: semper manet aequalis im-
pore contractus matrimonialis sic fuerit senex. &amp;
dissolubilitas. Vlterius dico quod nulla positionum quam
id testatur glossa Esaiae. lxii. super illo verbo. Ha-
recitat est vera, non prima: quia nulla est relatio rea
bitabit iuuenis cum virgine. id est loseph cum Ma
lis nec rationis / prout existimat. quod alibi videri</Unicode>
            </TextEquiv>
        </TextRegion>
    </Page>
</PcGts>
