2340 3318
485 333 1250 404 habet. Et iam hoc ab omnibus praeterquam praedicatorum
480 392 1247 445 & minorum conventu tenetur Parisiis / reclamante nemi
489 437 1241 490 ne. Secundo si illud vinculum esset qualitas abso
481 480 1247 539 luta: tam secundum nominales quam reales post carna-
490 526 1244 572 em copulam matrimonialem deus posset huiusmo-
486 574 1246 626 di qualitatem absolutam corrumpere manente perpe
483 621 1249 664 tuitate vinculi sicut nunc manet. Dico ergo, vicu
480 656 1237 708 lum nihil aliud esse quam personas coniunctas. vt in di-
486 704 1241 757 stinctione. xxvi. diximus. Et sic habetur quod quaecun
486 752 1250 801 quod opinio aliorum teneatur de entitate vinculi: idem est
480 799 1250 845 de indissolubilitate: dempto tertio Petri commen
480 841 1241 887 to irrationabili. Tertium bonum est bonum prolis. Bo-
493 890 1250 935 num autem prolis est sancte & religiose prolem si gene
490 930 1247 976 retur / educare. secundum illud secundi Ethicorum pri
489 979 1244 1021 mo. Non parum immo plurimum quin potius to-
490 1016 1247 1067 tum refert: sic an non sic homines ab adolescentia con
487 1058 1241 1116 suescant. &. iii. c. eiusdem. Ob voluptatem (inquitus
484 1102 1253 1146 res improbas agimus: ob dolorem vero res post-
489 1144 1256 1196 habemus honestas. Quapropter homines ab ipsa sta
487 1195 1253 1242 tim adolescentia (vt inquit Plato) ita institutos es-
495 1235 1247 1296 se oportet: vt iis gaudeant doleantque, quibus gau
489 1283 1255 1326 dere dolereque oportet. Haec enim educatio ac eru-
488 1322 1252 1373 ditio recta. Quia autem hoc ponderandum censuit
489 1371 1253 1419 Aristoteles: auctoritatem Platonis in medium addu
489 1413 1243 1462 xit: vt illud roboraret. Propterea antiquitus sole-
486 1454 1254 1514 bant parentes deum timentes suos liberos in locis
490 1499 1256 1553 sacris / moribus instituendos tradere: & postea ma
484 1546 1243 1597 trimonio. Hoc nempe de christifera virgine / cuius
496 1590 1259 1647 in distinctione praecedente mentionem fecimus,
490 1633 1253 1679 beata Anna & venerabilis loachim studiose ob-
496 1675 1241 1738 seruarunt, quod natrat Baptista Mantuanus primo
486 1721 1246 1769 libro Parthenices primae: cum inquit. Mos erat an
489 1764 1255 1822 tiquis longum seruatus in aeuum: Aede puellares
492 1814 1255 1868 annos includere sacra: Aetatemque deo teneram / pri-
496 1866 1246 1914 mumque dicare Virgineae fiorem vitae: & generare pu
496 1899 1256 1953 doris lugenui curam: sanctosque inducere mores.
486 1944 1250 1999 Mox vbi vestitum prima lanugine tempus Ve-
495 1998 1243 2050 nerat: in thalamos ibant, hymenaeaque tecta: Con-
499 2044 1247 2093 unctaeque viris proli indulgere solebant. Propterea
487 2075 1253 2135 legum memores & moris auiti Venturi Solymam tri
490 2123 1244 2180 ma cum prole parentes Deseruere solum / galilaea
498 2167 1243 2223 quod Nazareth arua. Ex quo patet quod multi habent
495 2215 1247 2267 proles qui non habent bonum prolis: cum non reli-
495 2255 1252 2314 giose prolem instituant. ⁋ lstud autem triplex bonum
486 2304 1251 2360 in lumine naturali est aequum. alioquin coniuges num
492 2345 1253 2400 quam bene cohabitarent, sed alter alteram deciperet. vt
493 2391 1252 2437 in distinct. xxvi. q. ii. diximus. Et illud ostendo ex
489 2435 1253 2493 Marone primo Aeneidos solum naturaliter loquen-
495 2482 1246 2536 te. vbi in persona lunonis ad Aeolum ista tria ex-
507 2520 1256 2579 plicat, inquiens. Sunt mihi bis septem praestanti cor-
505 2565 1253 2615 pore nymphae: Quarum quae forma pulcherrima
501 2612 1253 2669 Deiopeiam Connubio iungam stabili: propriamque
495 2660 1248 2722 dicabo: Omnes vt tecum meritis pro talibus annos
498 2696 1251 2760 Exigat: & pulchra faciat te prole paretem. Ecce bonum
481 2741 1253 2822 prolis. peri propriam fidelitatem inteligit. & cum dicit, sta-
1314 342 2087 404 bili, & omnes annos, perpetuitatem intelligit. Simi
1324 394 2084 455 le est in. iiii. Aeneidos dum Dido imponit Aeneae
1320 437 2087 493 ipsum violasse matrimonium ob recessum in lta-
1320 484 2083 529 liam. ob quod volens Aeneas se purgare / dicens
1321 521 2096 583 non esse matrimonium: sic inquit. Neque ego hanc abs
1327 578 2090 624 condere furto Speraui (ne finge) fugam: nec con
1327 620 2087 664 ugis vnquam Praetendi taedas: aut haec in foedera veni.
1326 676 2081 757 ⁋ His praemissis respondebo ad intetio-
1314 759 2087 807 nem quaestionis: quando sit licitum vxorem cognosce-
1327 802 2089 847 re: & quando illicitum. Magnam autem varietatem
1327 844 2078 899 inter doctores hic inuenio: & viros opinione mea
1320 886 2086 940 nimis rigidos. Ponam aliquas conclusiones. ⁋ Pri
1317 935 2088 989 ma erit haec. volitio qua quis vult cognoscere suam:-
1320 979 2090 1029 causa prolis generandae tempore / loco / & modo
1329 1017 2087 1077 debito / est actus bonus moraliter: & in habente gra
1329 1068 2078 1121 tiam meritorius. quando loquor de copula carna
1321 1107 2087 1163 li: intelligo de actu elicito illius actus imperatiuo:
1320 1159 2093 1208 quia actus exterior potest a bono actu & malo si
1326 1196 2084 1246 mul & semel imperari. Probatur conclusio. aliquis
1332 1244 2089 1293 actus coniugii est bonus: & si aliquis sit bonus, erit
1320 1293 2084 1345 actus assignatus. igitur. Insuper quilibet actus cadens
1321 1328 2090 1386 super obiectum debitum / finem debitum / circumstam
1329 1376 2084 1425 tiis requisitis circumamictus est bonus moraliter. actus
1330 1419 2087 1469 de quo loquor est huiusmodi: igitur. obiectum debitum est
1325 1468 2086 1521 propria vxor: finis est generatio prolis. causa prolis
1320 1509 2087 1561 generandae est quando mulier non est impraegnata, & non
1329 1557 2090 1603 constat de eius infoecunditate, non enim oportet
1330 1602 2093 1646 actualiter actum quemlibet referre in deum. de circun
1330 1640 2087 1691 stantiis autem requisitis nonnihil postea loquaemur.
1320 1684 2093 1731 & si sit bonus actus moraliter, & gratia affuerit / est
1327 1731 2084 1781 bonus meritorie: quia a gratia elicitur. ⁋ Secunda con
1321 1778 2089 1826 clusio. Actus quo quis reddit debitum vxori peten
1326 1823 2083 1878 ti / est licitus. patet. xxvii. qui. ii. Si tu. &. xxxiii.
1320 1869 2093 1918 qui. v. ca. i. Et probatur ratione. Negare debitum vxo
1329 1911 2089 1957 ri petenti est actus iniustitiae: ergo ei reddere est actus
1323 1954 2096 2006 iustitiae: quemadmodum reddere depositum. quia non
1324 1998 2095 2046 modo vir habet dominium sui corporis: sed & mu-
1330 2042 2089 2093 lier. primae ad Corinth. vii. Mulier autem trifariam de
1329 2086 2089 2141 bitum petere potest. vno modo verbo. secundo nu-
1332 2133 2085 2185 tu vel signo: quod mariti est cognoscere. Tertio
1326 2178 2092 2227 modo quando vir cogitat secundum fragilitatem huma
1333 2221 2093 2269 nam quod ipsa erit tentata / si non detur ei debitum: & epsa
1333 2267 2096 2319 peteret nisi verecundia probis mulieribus ingenita
1330 2307 2102 2362 obstaret: quae non est in viro. ⁋ Tertia conclusio, cogno
1329 2353 2093 2409 scere vxorem gratia euitandi adulterii in ipsa / est
1332 2399 2092 2451 icitum. probatur: quia matrimonium non solum
1332 2447 2108 2496 est in officium: sed etiam in remedium. Insuper vire
1333 2486 2093 2538 hoc modo occurrit peccato vxoris suae ne adulte
1330 2537 2099 2586 retur: & eam tunc cognoscere non est prohibitum:
1333 2578 2109 2630 ergo est licitum. haec conclusio patet primae ad Co
1330 2619 2108 2671 rinth. vii. vbi dicit Apostolus: Propter fornicatio
1327 2660 2105 2721 nem autem vnusquisque suam vxorem habeat: &
1345 2717 2103 2767 naquaeque suum virum habeat. Vxori igitur vir
1333 2753 2099 2806 debitum reddat. Praeterea forte tunc rationabili-
