2385 3297
478 337 1241 410 diximus difficile esse in lumine naturali probare quod
492 401 1241 451 coitus viri cum propria vxore gratia moderate vo
495 433 1237 496 uptatis sit peccatum imputabile, hoc est culpa: dummo
482 486 1250 534 do non ponatur alia mala circumstantia: & nolit ma
490 532 1240 588 ritus cum aliqua alia concumbere quam cum sua & con
490 576 1241 626 tra: nec sit in iacturam corporis aut animae in eo ve
492 617 1247 671 in vxore eius: aut prolis. Sancti tamen rationabiliter
480 664 1246 722 rigide & seuere de carnali copula locuti sunt: non
483 711 1247 768 quia iudicarunt eam vtrobique esse malam: sed ob
482 750 1247 815 pronitatem qua in ea delinquitur. verum eorum dicta
493 800 1250 852 non oportet extendere: sed potius in hac parte re
489 839 1250 893 stringere: ne omnes coniuges damnemus. Et theo-
493 887 1250 934 logo expedit tum in confessione audienda: tum in
493 938 1243 984 consilio dando / scire qui in ea re sunt culpabiles
493 971 1249 1027 & qui non. ⁋ Apostolus quoque vas electionis &
501 1017 1246 1077 virgo pronitatem humanam in libidinem conside
483 1062 1246 1114 rans primae ad Corith. vii. paucis verbis de carna
490 1107 1258 1162 li copula magnam compleuit sententiam. Cuius di
486 1148 1247 1203 cta epilogando ponam per propositiones: vt ad
495 1195 1063 1253 eas obtutum in hac materia dirigas.
489 1241 1255 1330 ⁋ Prima propositio: bonum est homini
496 1318 1253 1374 mulierem non tangere. ⁋ Secunda propositio. Pro-
507 1368 1249 1419 pter fornicationem aut vnusquisque suam vxorem ha
493 1414 1256 1463 beat: & vnaquaeque suum habeat virum. hoc est: po
495 1459 1252 1501 test sine peccato satisfacere suo appetitui cum pro-
505 1499 1249 1558 pria coniuge. Melius est enim nubere quam vri. Ex quo
498 1546 1252 1594 sequitur quod maritus potest & reddere debitum & pete-
495 1588 1258 1636 re gratia euitandae fornicationis: siue in se / siue in
489 1634 1250 1687 sua. hoc enim expresse illa verba volunt, quod magis
496 1678 1250 1735 adhuc explicans Tertiam propositionem ponit. ⁋ Vxo
499 1722 1247 1768 ri igitur vir debitum reddat, & contra. Subdit causam
505 1769 1255 1812 in quarta propositione dicens. ⁋ Mulier sui corpo-
505 1812 1256 1862 ris potestatem non habet: sed vir: & contra. Per quan
508 1854 1259 1906 popositionem intelligo apostolum dicere voluisse.
514 1897 1265 1952 Cum vir habeat dominium corporis vxoris, &
501 1946 1261 1995 contra: potest mulier gratia sanitatis corporis vel
500 1990 1262 2040 mentis habendae vti corpore viri sui: quia potest vti
502 2034 1256 2081 re sua, vbi no est ei aliqua lege naturali diuina vel
507 2072 1252 2120 humana interdictum. ⁋ Quinta propositio. No-
501 2120 1259 2171 lite fraudare inuicem nisi forte ex consensu ad tem
501 2166 1259 2225 pus: vt vacetis orationi. Per hanc intelligo neutrum
504 2214 1256 2263 coniugum posse castitatem vouere sine alterius con-
497 2255 1262 2314 sensu, aut religionem profiteri. sed si mulier in ali-
508 2297 1266 2354 quo sancto tempore continere velit: & non possit
509 2344 1268 2396 suum maritum ad cotinentiam similem inducere: reddat ei
510 2388 1258 2432 debitum / ne adulterii viri arguatur. ⁋ Sexta proposi-
502 2437 1259 2482 tio. Et iterum reuertimini in idipsum ne tentet vos
501 2477 1270 2520 sathanas propter incontinentiam vestram. hoc est:
498 2516 1264 2565 si coniugum alter sit in periculo incontinentiae: si
504 2561 1256 2622 bi mutuo debitum reddant, & petant ob incontinen
514 2609 1268 2664 tiam euitandam. ⁋ Septima propositio. hoc autem
502 2647 1260 2708 secundum indulgentiam dico: & non secundum im
520 2700 1271 2750 perium. vbi glossa interlinearis. Et ideo non peccat
508 2744 1269 2813 qui aliter agit: immo peccat qui sic agit: sed leuius.
1329 340 2090 405 Sed certe hanc glossam non intelligo. volebat apu
1330 400 2090 447 stolus hoc dicere: non est praeceptum contrahere:
1333 441 2093 489 sed permitto tanquam licitum. volo autem omes ho
1324 495 2087 536 mines esse sicut meipsum. ⁋ Postremo adhortor
1330 532 2105 578 dominum praedicatorem, in sermone de sexta &
1332 577 2095 626 septia conclusione, & osculis coniugii licitis: & de
1341 626 2101 679 prouocatione per cibos & medicamina in casu ra
1329 674 2101 712 tionabili loqui non debere: quia non omne verum
1338 712 2092 762 & licitum est in vulgus spargendum: sed solum il-
1323 751 2099 812 lud quod posse aedificare iudicet prudens. scimus
1330 797 2099 850 tamen interdum ex rationabili dicto / verbi diuini
1333 847 2095 900 declamatoris prudentis / occasionem malos accipe-
1332 884 1967 945 re: quod concionator euitare non potest.
1342 968 2094 1065 ⁋ Distinctionis Trigesimaesecundae
1483 1035 1832 1122 Quaestio Prima.
1801 1112 2106 1203 Agister in hac
1797 1186 2104 1250 distictione trigesima
1797 1233 2108 1295 secunda ferme simi
1795 1279 2096 1338 lem materiam prae-
1804 1324 2100 1380 cedenti tractat. Pro
1801 1368 2102 1428 pterea illam prose-
1797 1414 2106 1470 quendo quaeram. An
1794 1456 2093 1516 alter cmmuniugum sem
1800 1503 2096 1557 per teneatur alteri pe-
1796 1544 2101 1606 tenti reddere debi-
1795 1592 2102 1646 tum: & quomodo ca-
1779 1625 2101 1693 stitas coniugalis ser
1333 1681 2095 1729 uanda sit. Pro solutione quaestionis memoriae mam
1333 1728 2098 1775 dabis ex quaestione praecedente aliquos casus in qui
1330 1767 2102 1828 bus actus matrimoniales licitos diximus. Nunc de
1329 1812 2105 1868 tempore / loco / & aliis occurrentibus loquamur per conclusiones.
1335 1857 2102 1914 ⁋ Prima est. In occulto & cum verecundia est de
1336 1903 2095 1955 bitum communiugi reddendum. Probatur conclusio. post pec
1332 1949 2108 1993 catum primi parentis homines de membris genitiuis vere
1338 1991 2105 2042 cundantur: & ea occultant instinctu naturali: ergo si
1335 2035 2086 2089 gnum est quod eorum actus esse debent occulti. Secund
1347 2087 2105 2134 probatur idem. Si fieret talis actus in publico: cum
1335 2123 2095 2173 homines sint ad carnis vitiam procliues: aperiretur via
1335 2171 2099 2223 peccandi & proximos scandalizandi. Quia cum verecun
1335 2214 2098 2262 dia coniunx sit tractanda / patet. Nam per verecundiam
1342 2254 2093 2302 seruatur castitas: ergo vbi coiunx est effrons frontem
1341 2303 2102 2354 attritam & meretriciam habens: eius castitas periclitatur.
1330 2347 2105 2390 haec pars etiam roboratur ab Aristotele secundi oecono
1335 2392 2108 2440 micorum. iii. vbi hoc ex Homero probat dicens. Nam
1338 2436 2108 2482 neque amorem neque timorem absque verecundia lau
1335 2476 2105 2522 dat Homerus: sed vbique amare praecipit cum mode
1345 2520 2095 2571 stia & pudore. Eo quidem modo timere Helenam
1341 2565 2099 2613 Priamum inquit ita dicentem. O metuende mihi
1344 2608 2086 2663 semper semperque timende Chare socer. Et Vlysses
1342 2657 2087 2710 ad Nausicaam inquit. Te mulier valde equidem ad
1335 2705 2095 2748 miror / & metuo. nam nemo deteriorem se admira
1335 2742 2102 2798 tur & reueretur. ⁋ Secunda conclusio. vir vxorem castam
