2363 3317
506 313 1253 382 dicitur quod vir potest implere votum adeundi terram san-
505 378 1240 428 ctam sine consensu vxoris: & potest illic tota sua
511 411 1249 479 vita permanere: ergo & potest vouere. Respondetur.
513 459 1247 513 vxor potest virum sequi. vel forte occidetur in bel-
509 499 1256 555 lo: & ita mulier erit libera ad contrahendum. Vl-
507 549 1243 604 terius dico quod male & imprudenter facit vir relir-
511 593 1246 656 quens vxorem suam in periculo incontinentiae
495 640 1256 691 ratione suae absentiae. ⁋ Praeterea arguitur pro-
508 688 1247 735 bando quod quarta conclusio sextae repugnet. In pro-
503 723 1246 786 batione sextae conclusionis vir vxori reddebatur
502 768 1247 833 ergo contractus erat irritatus: & tamen postea co-
510 815 1262 877 gebatur religionem profiteri mortua vxore. Respon-
514 853 1247 910 detur, non est repugnantia. nam in quarta conclu-
505 903 1250 961 sione est sermo de viro qui vxore contradicente
508 952 1247 1002 religionem assumpsit: in sexta autem cum faculta-
507 995 1262 1047 te vxoris. ⁋ Secundo arguitur contra sextam com-
505 1030 1250 1092 clusionem. vir non debet assumere religionem nisi
506 1075 1245 1131 etiam vxor idipsum faciat: vel nisi suspecta non si
510 1128 1258 1177 & continentiam promittat. cap. Cum sis. de con-
502 1161 1249 1220 uer. coniug. Respondetur concedendo quod non debet f
500 1207 1255 1264 eride ordine iuris: & peccat aliter faciendo. multa
504 1259 1262 1315 enim fieri non debent, quae tamen facta manent. & patet ex
510 1296 1260 1348 emplariter de professione quae nec debet fieri nec reci
500 1339 1262 1408 pi citra tempus probationis: sed facta & recepta
508 1388 1256 1441 tenet. de regula. & transeun. ad religio. cap. Ad apo
507 1433 1255 1483 stolicam. Similiter homo non debet consecrare
510 1472 1113 1539 post prandium: & tamen reuera consecrat.
507 1532 1252 1616 ⁋ Pro illa rubrica intricata de con-
514 1610 1259 1654 uer. coniug. intelligenda notato quod si matrimonia
511 1645 1264 1698 liter coniuncti velint mutare statum: hoc potest
505 1689 1262 1747 fieri multipliciter. aut maritus vult esse episcopus
513 1732 1262 1787 & tunc requiritur vt vxor ingrediatur monaste-
504 1784 1258 1834 rium, etiam si non sit suspecta de incontinentia. pa-
507 1822 1253 1886 tet in. c. Sane. Si vero maritus velit ad ordines pro
508 1868 1261 1924 moueri, & vxor sit suspecta, debet profiteri reli-
506 1912 1264 1975 gionem. si non sit suspecta, voueat continentiam in
513 1964 1252 2011 saeculo. vt dicitur in. c. Coniugatus. Aut vult ingri
508 2000 1258 2052 di monasterium: & hoc multipliciter. Vel inscia con
517 2043 1264 2100 iuge: aut sciente & contradicente: aut ea dissimulam
516 2095 1265 2140 te: aut ea consentiente per metum & dolum: vel sim
511 2133 1265 2199 pliciter vxor consentit non emittendo votum: vel etiam
516 2176 1259 2234 vouet. Si duo prima, potest reuocari. Si tertium
520 2227 1261 2280 scilicet sciuit vxor, & dissimulauit, potest in vita
518 2262 1271 2324 reuocare. si autem in vita non reuocauerit: non potest
512 2315 1271 2374 post mortem manentis in saeculo / professus relinquam-
517 2353 1276 2405 re monasterium. & idem est in casibus praecedenti
518 2394 1268 2454 bus si in vita non reuocetur: quia iam cessat causa
532 2448 1277 2501 quae illum ingressum inualidabat. Si alter consen
525 2481 1267 2542 sit inuitus: fit reuocatio ad suam petitionem. vt
525 2531 1280 2583 in cap. Accedens. ldem est de dolo. cap. Veniens
528 2572 1273 2632 Si vero consensit sponte in ingressu alterius, non
519 2620 1282 2675 tamen emittendo votum continentiae: vel ipsa est
525 2669 1279 2718 iuris conscia: aut inscia. Si primum: ipsa tacite con-
531 2707 1276 2780 sentit voto. ad hoc est ar. in cap. Ex parte. Si secunt
1317 309 2080 374 dum: debet ad petitionem mulieris vir a coenobio
1330 379 2072 420 euocari. vel vt dicit loan. Calde. & Panor. insed
1326 414 2080 465 tur, & glossa idem ponit in cap. Vxoratus. ex iudi
1323 456 2078 511 cis officio: quia praestando facultatem alteri religionem
1326 511 2078 553 assumendi ipsa renunciat iuri quod in alterum habet
1318 548 2078 601 quare non habebit amplius actionem. Sed haec ratio non
1324 589 2071 641 concludit: cum sitiuris inscia. sed siue sic: siue mi
1326 633 2081 684 nus: non refert. glossa in ca. Vxoratus. credit quod vit
1323 678 2072 738 est religiosus: & votum solennizauit quo ad se. Epseus
1323 725 2078 773 tamen potest eum coenobio e euocare vt reddat debitum
1342 763 2087 825 yvxori. & hoc idem credit Panor. quod scilicet est vere religi
1326 810 2083 856 osus. Ad hoc est ratio: quia mortua vxore tenetur
1329 856 2081 911 religionem profiteri: ergo non est votum simplex. &
1331 899 2090 957 ostenditur per cap. Ex parte. Si vxor confensit in
1329 943 2093 990 ingressu viri vouendo continentiam: & sit an-
1330 986 2087 1036 tiqua, de qua non sit mala suspicio, potest mane
1329 1033 2084 1080 re in saeculo: & alter in religione perseuerabit. vt in
1336 1081 2084 1129 cap. Cum sis. & in cap. Vxoratus. Si autem remanens
1331 1119 2093 1172 in saeculo sit iuuenis & suspectus vel suspecta de in
1333 1168 2086 1223 continentia: non debet superior alterum pati religio
1335 1209 2087 1257 nem profiteri nisi alter simiter faciat. sed si reuera profiteatur
1336 1252 2087 1303 tenet professio: quia professio vnius coniugis non est
1335 1297 2095 1348 de substantia professionis alterius. fufpectus autem ex
1335 1345 2096 1401 istens in saeculo postquam vouit / compelletur ingredi mo
1329 1380 2101 1437 nasterium: & hoc si vouit profiteri religione. vtin cap.
1336 1429 2097 1476 Agathosa. xxvii. qui. ii. Vbi vero simpliciter vouit so
1329 1479 2090 1525 lum continentiam, dando marito facultate assumendi re
1333 1519 2096 1572 ligionem: si erat iuris conscia / cogetur profiteri. xxxiii-
1335 1563 2105 1614 qui. v. Qui vxorem. si erat iuris inscia: non compelletur
1348 1606 2093 1672 prfiteri / sed esse in monasterio. ⁋ Ecce quomodo votum
1338 1650 2083 1704 simplex vtriusque matrimonio non repugnat: & per
1342 1694 2104 1744 consequens vir & mulier possunt vouere continem
1338 1741 2101 1788 tiam statu non mutato. talia autem matrimonia di-
1346 1781 2096 1836 cuntur sanctiora. xxxiii. qui. v. Quod deo pari. & sic
1347 1827 2102 1885 vouentes possunt melius contemplationi vacare / a
1336 1866 2102 1922 carnalibus cessando. hic Plato de diuinis profun-
1342 1914 2103 1966 dius est meditatus. Sed de mutationestatus etiam
1353 1954 2083 2011 vtcumque patuit: quomodo vnus post carnalem co
1341 2002 2104 2067 pulam possit religionem assumere, alia cmmuniuge igno-
1342 2045 2102 2099 rante / sciente & inuita / per metum, dolum, dissimula-
1348 2092 2105 2150 tionem: aut consentiendo quod alter religionem profitea
1344 2135 2105 2193 tur: siue sit iuris inscia siue conscia: vouendo conti
1341 2179 2102 2230 nentiam: vel profitendo religionem. Quomodo autem
1357 2222 2104 2275 possit religionem assumere ante carnalem copu
1347 2267 2103 2318 lam / superius dictum est. & quomodo post adui
1341 2316 2098 2367 terium altera parte inuita possit: paulopost videi
1351 2362 1445 2415 bitur.
1462 2404 2105 2495 a Tquia maginster in vltimo ca
1501 2475 2101 2540 pi. huius distinct. quaerit: quibus tempo
1465 2522 2102 2585 Qiribus non possint nuptiae celebrari: id
1502 2568 2107 2617 scirco dubitatur quando possint nuptiae cele-
1347 2612 2111 2660 brari: & quando non. Respondetur, cum edictum de matri-
1344 2658 2111 2715 monio sit prohibitonum / quod non est prohibitum / per conse
1354 2702 2117 2771 quentiam est permissum. Dico igitur quod nuptiae prohibentur
