2338 3313
236 310 1005 374 coniugum certo scit impedimentum coniugii: vel ha
238 356 998 430 bet conscientiam ex credulitate leui & temeraria: vel
243 409 1001 469 ex probabili & discreta. Si primum: nec debet redde-
231 448 997 503 re debitum, nec petere. Si secundum: deponat illam
234 492 996 553 conscientiam secundum consilium sui pastoris. & tunc tam
238 539 989 594 reddat quam petat. Si tertium: non exigat debitum, sed
229 589 997 645 reddat. In primo membro nulla est difficultas. In
240 624 993 689 secundo membro deponat conscientiam per moti-
235 679 995 728 ua in oppositum rationabiliora, & secundum iudicium
232 723 992 774 prudentu cum quibus confert. nam stante iudicio de
226 769 995 818 opposito per suam conscientiam, non potest assentiri
231 802 993 871 iudicio prudentum: quia non potest habere iudicia
232 855 993 911 contraria. & si suae particulari conscientiae contraue
229 900 997 957 niat etiam erroneae, peccat: sed sua conscientia euacua
226 937 996 1002 ta, reddendo non peccat. vt patet ex tertio membro.
220 984 998 1037 neque petendo: quia iam recte informatus assenti
220 1032 984 1094 tur esse verum matrimonium inter se & Bertam. & per
220 1072 988 1126 consequens licite more aliorum potest debitum petere.
231 1116 997 1171 Si aut habeat scrupulos leues: hoc est motiua ali
232 1164 996 1220 qua parui momenti quod non sit matrimonium: assen-
229 1210 998 1263 tiendo rationabiliter essc: matrimonium, potest ex
222 1251 983 1310 petere debitum & reddere. habere enim scrupulos in
232 1304 996 1353 oppositum, non est opposito assentiri. nam assensus
226 1344 981 1394 oppositi contrariantur. iiii. Metaphysicae. Si vero
229 1385 986 1441 habeat probabiles rationes etiam aequilibres / potest
213 1430 984 1483 reddere debitum: non autem petere. ratio primi est: quia
211 1479 988 1522 probabile est esse matrimonium: pone quod sit proble-
220 1523 980 1569 ma neutrum: & habet rationem quod reddendo debitum
223 1565 986 1616 peccet, eo quod non est matrimonium. habet etiam ratio-
213 1614 982 1665 nes tot & tatae efficaciae in oppositum quod sit matri-
206 1653 983 1707 monium, & quod non dando, peccaret. Et cu alter con-
202 1696 985 1749 iugum sit in possessione: lite pendente nihil debet
208 1739 982 1794 innouari: sed potest reddere debitum. Petere autem
213 1781 982 1836 debitum non potest. & ratio est: quia non petendo non
217 1831 988 1881 peccat: illud membrum est certum: petendo autem expo-
214 1880 971 1936 nit se periculo peccati: cum non sit releuamen in op
205 1920 983 1973 positum, iuxta notata in secunda quaestione prologi. er
214 1970 975 2024 go non debet petere. Conformiter potest se habere
208 2013 978 2069 iste frigidus vel vxor eius peccando vel non pec
207 2051 971 2109 cando, secundum conscientiam & moriua rationabilia quae
207 2092 982 2150 habet. nam potest habere iudicium quod sit matrimo
205 2144 964 2210 nium: & quod non sit frigidus. & sic eius coniunx. Et quam
201 2185 974 2248 uis sit frigidus, sic non peccat. forte enim placet eis
201 2233 962 2286 simul cchabitare non obstante frigiditate. Si vero
211 2277 983 2335 rationabiliter dubitet de matrimonio: patet solu
202 2316 965 2372 tio ex dictis cum alio membtro. Si ex stulta opinio
207 2367 965 2422 ne sua peccet, quid ad ac Quid dicitur de longa co
208 2404 971 2462 habitatione, pot ita impedimentum esse notum: vt po
205 2455 969 2509 teper aspectum aut quia non potest seminare in
221 2504 968 2552 vas debitum: vel quia ipsa est adhuc virgo: & tunc
210 2539 971 2598 non diu simul cohabitabunt. si quis autem statim re-
210 2588 963 2642 clamet quando res est anceps: diutius simul coha
205 2622 959 2687 bitabunt: & toto tempore dubitationis debitum red
208 2675 962 2741 dens quantum in se est non peccat: nec etiam petens:
208 2715 963 2803 dummodo habeat probabile motiuum quod possit mu
1077 312 1837 392 lierem cognoscere: quia nihil aliud ad verum ma-
1081 383 1842 439 trimonium requiritur. nam potest nescire quid sit mu
1071 421 1839 506 lierem cognoscere: & facere potest in hora quod
1068 459 1363 540 non fecit in anno.
1261 546 1836 615 Vbitatur: cum hic de mu-
1235 582 1833 672 lierum sterilitate & virorum frigiditate
1239 651 1826 721 tractetur: quid causae sit quare reges
1246 692 1844 763 & principes rato habeant liberos. agri
1066 721 1831 808 colae autem & plebei plurimos generent. Et dubita-
1075 788 1832 842 tionis ratio est. nam pauperes minus generationi
1073 831 1836 892 vacant: quare pauciores proles habere deberent.
1075 870 1832 935 In oppositum tamen est quotidiana experientia.
1066 914 1826 981 ⁋ Respondetur. multiplex est ratio. Prima ob eorum
1069 964 1835 1027 culpas. nam liberos non merentur in peccatorum poe
1065 1011 1835 1072 nam, secundum illud Psalmographi. Beati omnes qui ti
1063 1052 1841 1109 ment dominum: qui ambulant in viis eius. & quae
1054 1097 1840 1159 sequuntur. Psal. cxxvii. Secunda ratio est naturalis.
1066 1140 1837 1196 nam excessiue coitui vacantes nec pariunt nec ge
1066 1186 1840 1254 nerant: vt euenit de mulieribus prostitutis: qua num
1063 1221 1830 1288 quam, cum se omnibus applicent, pariunt. Sed no est
1066 1278 1833 1340 idem omnino in viris & mulietibus: in his enim
1063 1320 1838 1370 est seminum variorum forte contrariorum in matricem
1060 1352 1835 1426 coniectio: & non sufficiens quies, non sic in viris.
1066 1403 1830 1470 Sed principes, & crebro coeuntes non patiuntur
1054 1455 1836 1512 semen concoqui: sed aute concoctionem sufficientem
1054 1500 1830 1562 concumbunt: quare est inutile. Praeterea a crapula &
1066 1535 1826 1606 excessiuo potu obruuntur, sic vt natura sit prostra-
1062 1586 1822 1637 ta: quare ad generationem sunt inepti. In ieiunio
1066 1631 1814 1692 namque aliqui plus polluuntur noctu in somno: qua
1054 1672 1825 1735 post splendi: iam coenam. Petrus Ebanensis Aristo
1054 1722 1832 1784 telem exponens quarta particula problematum dicit
1048 1758 1826 1819 se audiuisse quendam iuuenem ieiunantem duobus die
1053 1804 1812 1862 bus in hebdomada in pane & aqua: dicentem se illo
1057 1852 1829 1913 tempore pollutiones nocturnas passum. Et Ari
1048 1894 1825 1944 stoteles tangens causam in problemate citato di-
1054 1949 1816 2005 cit. Foramina corporis, ieiuno sunt inaniora: re-
1054 1986 1822 2042 pleto autem plena habentur. itaque impediunt ne hu-
1044 2034 1821 2096 mor seminis genitalis valeat permeare. Adde quod
1051 2069 1830 2137 ex delicatioribus cibis, etsi superflue assumptis,
1048 2122 1825 2179 natura ad se multum trahit, ita vt non relinquatur su-
1050 2165 1814 2227 perfluum tertie digestionis. Mulieres etiam istae delica
1053 2193 1823 2260 tae sunt ociosae: & humidiores excessiue fiunt. Edi
1045 2253 1820 2313 uerso autem in pauperibus contingit. nam exercitantur
1042 2297 1805 2358 in laboribus tam domi quam foris in agris. propteraea
1045 2341 1809 2403 minus pingues & humidae sunt quam foeminae diui-
1050 2384 1808 2446 tes. insuper comunibus & minime exquisitis vescun
1042 2429 1802 2492 tur cibariis: & temperate ac raro rei venereae dant
1047 2475 1812 2534 operam: quapropter crebrius pariunt. ⁋ Ecce quo
1041 2514 1812 2583 modo ex parte frigiditatis viri & arctitudine mu-
1053 2559 1833 2628 ieris cui per artem subueniti non potest sine corpo-
1040 2609 1810 2669 ris discrimine, impedimentum redditur: si partium
1035 2654 1797 2714 alteri placeat. possunt tamen si velint, matrimonium
1036 2697 1838 2762 inter se contrahere. Sterilitas autem foeminae dummo
1045 2734 1805 2796 do cognosci possit non est impedimentum. quare ob
