2345 3316
502 286 1249 362 Si vxorem quis habeat sterilem siue deformen cor-
497 342 1237 409 pore, siue debilem membris, vel caecam, vel claudam
502 394 1249 444 vel surdam, vel si quid aliud, siue morbis, siue la
498 438 1252 484 boribus doleribusque confectam: & quicquid excepta
495 481 1246 530 fornicationis causa, excogitari potest vehemeni
492 526 1247 574 ter horribile: pro societate fideque sustineat. Et si sit
490 566 1244 622 fornicatio notoria: potest vir vxorem propria aucto
493 610 1257 667 ritate dimittere: non tamen obtinebit donationem propter
494 655 1256 710 nuptias vel propter dotem. patet per cap. Plerumque. de
501 700 1252 751 dona. inter vi. & vxo. vbi dicitur. Plerumque. & ifra-
501 749 1259 796 Si mulier ob causam fornicationis iudicio eccle
497 796 1246 845 siae aut propria voluntate a viro recesserit: nec recor
492 839 1249 888 ciliata postea sit eidem: dotem vel dotalitium repetere
504 882 1255 929 non valebit. Si vero delictum non sit notorium: diuor-
496 926 1249 973 tium debet fieri per ecclesiam. alioquin instante altero
492 965 1255 1012 compelletur cohabitare. Sed quo ad redditionem de
492 1010 1250 1065 biti potest propria auctoritate denegare: cum sibi con
496 1052 1247 1109 stet alterius delictum. Adulterium autem est notorium ex
491 1097 1258 1150 mulieris confessione: vel quia ex alio sobolem susce
496 1151 1252 1204 pit ex quo est a marito cognita: vel quia cum alio
504 1193 1256 1239 versatur in domo, mensa, & huiusmodi: quod nulla
504 1233 1243 1281 tergiuersatione potest negare. Sed matrimonii
498 1273 1259 1334 consummatum, quo ad vinculum non est seperabile etiam
501 1320 1246 1379 per mortem ciuilem: sed solum per mortem naturalem, altero
496 1366 1243 1420 coniugum moriente. De quo dicit Apostolis ad Roma
496 1413 1252 1468 vii. Nam quae sub viro est mulier, viuente viro alligata
499 1455 1244 1501 est legi. Si autem mortuus fuerit vir eius: soluta est :a
495 1498 1253 1552 lege viri. Et. i. ad Corin. vii. Mulier alligata est le
505 1543 1253 1601 gi quanto tempore vir eius viuit. quod si dormierit vir eius
505 1588 1252 1635 liberata est a lege. Cui autem vult nubat, tanmenm in domino-
493 1626 1249 1680 Obligatio enim semel extincta non reuiuiscit. & s
492 1675 1259 1726 resuscitetur, non tenetur maritum recipe. Aliud autem est in
501 1711 1252 1768 sacramentis characteres imprimentibus & initerabili
498 1760 1247 1816 bus: quemadmodum sunt baptismus, ordo, & confir
499 1806 1259 1858 matio. illa enim post resuscitationem non sunt iteran
493 1857 1255 1912 da. & aliud de aliis quaetuor sacramentis: professione
506 1896 1249 1946 religionis, & aliis contractibus. Si vero mulieris
499 1946 1255 1997 peccatum sit occultum: non accuset eam vir: quia in probatione
496 1993 1243 2039 succumberet. & si non probauerit intentum: non erit diuo
498 2028 1259 2082 tium per legem Talionis: quia ad correctionem agit. Sed
502 2072 1246 2126 moneat eam quam commodissime poterit ad castitatem. &
494 2116 1256 2165 cum mulieris conditionem nouerit an sit meticulosa
490 2168 1252 2215 an animosa, astuta an simplex, secundum hoc proce-
501 2201 1256 2256 dat. Si peccatum sit publicum: potest eam accusare vt suam
492 2248 1249 2307 innocentiam ostendat: ne ipse videatur turpis delicti fo
489 2294 1247 2348 tor. Et si videat quod potius corrigetur secum manem
501 2337 1247 2389 do quam eam expellendo: non debet eam a se eijcere. Si
489 2380 1262 2439 militer si non possit sine ea continenter viuere: maxi
501 2427 965 2480 me eam tenebit in remedium.
617 2476 1243 2570 tamOst conclusiones & epiloga
661 2549 1250 2619 sionem, triplicem afferam dubi tationem
656 2604 1261 2659 ⁋ Prima erit: An adultera post poeni
502 2647 1244 2698 tentia possit licite dicere se non esse adulteram
502 2692 1247 2755 ⁋ Secundo dubitatur: An liceat vxorem in adulterio
1323 295 2086 352 deprehensam punire. ⁋ Tertio: quomodo vir dei
1323 347 2089 397 beat vxorem ob adulterium relictam reconciliare. ⁋ Ad
1332 393 2077 451 primam respondetur quod sic. nam cum ipsa habeat firmum pro
1332 433 2078 492 positum castitatis: & nullum actum luxus: non est am
1335 479 2089 535 plius peccato adulterii obnoxia: quamuis habitus adul
1329 527 2087 579 terii in ea adhuc non fuerit omnino remissus per
1323 573 2086 623 castitatem coniugalem adulterio oppositam. ⁋ Ad se
1331 613 2089 669 cundum dubium dicitur quod lex Mosaica in adulterio depre
1330 657 2087 704 hensas occidebat. pats Leuitici. xx. Si moechatus
1323 708 2089 760 quis fuerit cum vxore alterius: & adulterium perpetra
1329 750 2087 797 uerit cum coniuge proximi sui: moriatur & moechus &
1327 788 2099 845 adultera. Nec. Christus mulieri deprehensae in adulte
1329 840 2087 886 tio parcens. loannis. viii. illam legem Mosaicam cuacua-
1330 880 2087 933 uit. Et licet tota lex Mosaica in passione Christi
1327 923 2101 972 sit extincta: tamen iudicialia possunt adhuc seruari:
1336 967 2092 1018 & vim obligandi habere, non a lege sed a legissato
1325 1010 2099 1067 re humano: modo lex sit rationabilis. Haec etiam lex fuit
1333 1057 2090 1107 apud Romanos. C. ad leg. Iul. de adulte. l. Grac
1342 1100 2084 1149 chus. & adhuc in plerisque locis occidentalis hespe-
1332 1157 2090 1196 riae seruatur: sed ipsa est valde rigida. propterea
1329 1188 2093 1246 Pharisaei mulierem deprehensam in adulterio ad Chri
1323 1231 2084 1285 stum adduxerunt: vt experitentur quid ipse super hoc
1333 1281 2093 1336 sentiret. ⁋ Ad tertiam dubitationem dicitur: quod aut
1323 1328 2084 1373 mulier est corrigibilis: aut non. si secundum: non est re-
1326 1365 2087 1418 concilianda. Si est conrrecta: potest eam reconciliare. nam
1333 1418 2087 1459 diuortium est introductum in fauorem innocentis: & iuri
1330 1453 2094 1503 suo renunciare potest in casu quo potest fieri reconcilia-
1331 1501 2095 1548 tio. Aut vterque concordat in reconciliationem: aut vter
1329 1541 2090 1599 quod discordat: aut vnus concordat, & alter discor-
1335 1586 2083 1644 dat. Si primum: debet fieri reconciliatio. Si secundum,
1333 1629 2087 1680 non debet. Si tertium, contingit dupliciter. aut inno-
1333 1677 2092 1731 cens petit reconciliationem: & sic debet fieri: quia in
1332 1725 2081 1772 nocens per diuortium non amisit ius quod habet in altero
1328 1757 2096 1821 aut nocens petit innocentem: & sic non debet cogi
1336 1808 2078 1857 innocens: quia poenitentia non tollit actionem
1330 1854 2093 1903 xxxiii. q. ii. ca. Admonere. & multo minus exce-
1329 1899 2087 1964 ptionem: cum facilius tollatur actio quam exceptio.
1329 1940 2093 1996 Aut nocens petit nocentem: vt mulier quae prius
1329 1984 2081 2036 fornicata est petit virum qui post diuortium for
1338 2030 2087 2078 nicatus est. sic videtur quod vir sit cogendus redire
1332 2074 2084 2127 ad vxorem in foro conscientiae: nisi suscipiat ordi
1331 2118 2093 2167 nes, aut religionem. si enim velit alterum eorum, non te-
1332 2164 2093 2217 netur: quia praeiudicaret sibi cognoscendo vxoren
1329 2208 1633 2271 prius fornicantem
1404 2262 2083 2351 Distinctionis Trigesimae quintae
1507 2329 1919 2417 Quaestio Secunda.
1662 2394 2074 2470 N tertio capitulo
1672 2456 2078 2516 nuius distinctionis Magi
1669 2504 2091 2562 ster quaerit: An aliquis possit
1672 2550 2087 2610 mulierem sibi matrimonio
1667 2590 2092 2654 coniungere quam per adulte
1667 2638 2074 2698 rium polluit: vel si proprian
1611 2682 2091 2753 &a Tvxorem occidit vt aliam ducat
