2336 3314
210 402 965 461 idipsum secundo loco in hac distinctione inquiran-
210 455 970 507 Respondetur. Aliqua sunt crimina personas aliquas.
208 500 961 548 inhabiles efficientia ad contrahendum inter se-
210 544 970 600 quae personas illas non prohibent contrahere cum
208 591 971 641 aliis. ⁋ Et in proposito sunt duo casus quos in lite-
198 637 964 693 ra tangit magister. Prior est: si quis cum aliqua con
203 679 957 736 trahat per verba de praesenti viuente vxore propria,
198 726 965 773 vel econuerso vxor cum alio: vel fidem de contrahen
202 767 961 819 do dedit: & ad quidlibet istorum sequutum est adulte
192 811 952 864 rium. vt in cap. fi. de eo qui dux. in matri. quam pol
192 863 956 908 per adul. Hic requiritur quod vterque sciat alterum habere
202 904 965 956 coniugem: quia si cum ignorante aliquis contraheret:
198 946 956 1002 posset esse matrimonium inter eos post mortem prime
192 988 955 1038 vxoris. vt paret per cap. primum huius tituli. & hoc si
193 1034 965 1077 supinducta fuit ignorans toto tempore vitae vxoris.
192 1075 953 1125 Dicitur autem ignorans quamdiu non habet certitudi-
196 1124 958 1183 nem vel probabilem opinionem. vt in cap. Inquisi-
193 1164 962 1212 tioni. de senten. excommuni. alioqui si certior reddi
196 1204 958 1258 ta de vita primae vxoris permitteret se cognosci non
186 1258 958 1309 posset inter eos esse matrimonium. vt habet dictum ca.
187 1300 959 1348 fi. Et idem est quando data fide sequitur adulterium:
186 1347 953 1405 quia illud cap. dicit? parificantur). Secundo requiritur quod
193 1387 950 1434 sit fides data de ea in coniugem accipienda. quia sine
189 1435 958 1480 fide data nullum esset impedimentum. sola enim fides
186 1477 956 1524 sine adulterio: & solum adulterium sine fide non efficit
186 1521 953 1569 hoc impedimentum. vt dicitur in cap. Significasti. ti-
184 1569 954 1618 tulo quem tractamus. &. xxxi. q. i. ca. i. Statutum autem
186 1610 953 1658 hoc est rationabile. nam alioquin plerique vxores
193 1658 959 1707 occiderent: vt alias haberent: & ediuerso vxores vi
174 1704 952 1756 ros. ad quod vitandum haec inhabilitas lata est. ⁋ Secun
187 1743 963 1801 dus casus vel impedimentum est, cum alter coniugum
187 1791 963 1837 machinatus est mortem alicuius: vt possit in virum
186 1836 949 1891 vel vxorem / alterum vel alteram habere, interueniente
174 1874 943 1930 adulterio. ca. Super hoc. eodem ti. Sed si adulterium
184 1920 950 1970 non interuenit: oportet quod ambo, scilicet coniuga
184 1964 944 2012 tus / & illa quam vult habere vxorem / sint machinati
183 2011 941 2056 mortem alterius: & quod mors sequatur cum effectu.
177 2050 942 2101 Nam si vnus solum machinatus fuit mortem alterius cum
171 2098 938 2157 effectu: non est impedimentum quin illum habe
169 2143 953 2192 re possit propter quem habendum mortem alteri
175 2188 941 2247 us sollicitauit. vt colligitur ex di. ca. Super hoc. Si ve
171 2236 947 2278 ro fuerit adulterium: sufficit machinatio vnius tantnm
172 2274 956 2321 cum effectu: vt sit illud impedimentum. Ad hoc fa-
178 2317 953 2369 cit ca. Si quis viuente. xxxi. qui. i. Sed si effectus ho-
171 2356 946 2409 micidii non interuenit: machinatio etiam cum adul-
168 2407 940 2460 terio non inducit impedimentum. vt dicit loannes An-
169 2446 653 2513 dreas in dicto cap. Super hoc
159 2521 952 2584 ⁋ Contra primum impedimentum
163 2575 935 2641 per modum conclusionis positum arguitur sic. po
163 2630 947 2681 nendo quod Sortes promittat Bertae si sibi consentiat:
168 2673 946 2730 post mortem suae vxoris ducet vxorem illam quam
168 2721 941 2768 Teberga amica Bertae sibi consulet ducendam: &
163 2762 940 2814 mortua vxore Sortis / Teberga consulit Sorti con
150 2804 935 2876 trahere cum Berta: sequitur quod Sortes possit con-
1054 388 1808 461 trahere cum Berta. cum enim edictum de matrimo
1045 457 1814 504 nio sit prohibitiorum, quod non est prohibitum, est
1047 500 1799 548 concessum. sed non prohibetur matrimonium in
1045 547 1798 592 ter Sortem & Bertam: cum non dederit ei fidem.
1044 592 1804 642 ⁋ Respondetur. si non faciat hoc Sortes in frau
1045 635 1792 681 dem legis: verum est matrimonium: vt argumer
1039 677 1804 725 tum tangit. si vero fecerint hoc ex industria per cir-
1035 726 1796 773 cuitum: sunt personae inhabiles: & nullum est ma
1036 766 1798 830 trimonium. ⁋ Secundo arguitur. ponendo quod Sor-
1042 810 1799 874 tes dedit fidem Bertae quod eam ducet vxorem: sed
1035 858 1808 903 Bertam non cognouit. vxore sua mortua contra
1035 901 1793 948 hat cum loanna tertia muliere, qua viuente cogno
1033 943 1805 994 scat Bertam. ex dictis sequitur quod mortua loanna
1035 990 1807 1037 non posset contrahere cum Berta: cum dederit ei fi
1035 1033 1802 1080 dem & eam cognouerit. Respondetur. potest cum
1045 1078 1799 1128 Berta contrahere: quia licet ei fidem promiserit: ab
1027 1125 1793 1178 illa tamen discessit: contrahendo cum loanna. ⁋ Con-
1029 1165 1802 1214 tra secundum impedimentum loco conclusionis positum
1026 1212 1807 1271 arguitur sic. Dauid cognouit Bersabeam & machi-
1027 1268 1796 1314 natus est mortem virieius scilicet Vriae: & tamen postea
1032 1300 1806 1354 cum ea contraxit. Respondetur. ista prohibitio est
1027 1346 1796 1395 solum positiua pontificia: in qua pontifex potest
1027 1391 1805 1440 dispensare. In diebus autem Dauidis non erat haec
1038 1436 1802 1483 prohibitio contractum irritans. Ecce duo crimi-
1023 1480 1793 1525 na positiua quae impediunt matrimonium contra
1026 1522 1799 1570 hendum: & dirimunt contractum: scilicet datio fi-
1036 1563 1793 1618 dei, hoc est promissionis nudae, quae crebro fides
1032 1611 1796 1656 vocatur, secuto adulterio. requiritur autem quod reue-
1026 1654 1790 1700 ra sit matrimonium: quia si prima vxor no sit le-
1026 1700 1797 1760 gitima, non erit impedimentum. perinde namque est
1039 1744 1790 1791 vxorem illegitimam habere, & non habere vxorem.
1026 1788 1790 1839 alterum impedimentum est cum alter machinatus
1020 1835 1775 1892 est mortem alterius eo modo quo iam dictum est.
1024 1889 1796 1972 ⁋ Dubitatur: an grauius sit crimen
1023 1962 1790 2027 coniugem occidere, an alterum parentem. Respon
1029 2012 1796 2072 detur. grauius est parentem occidere quam vxorem. nam
1026 2056 1790 2110 esse naturale & morale a parentibus habet proles:
1024 2098 1787 2162 quale ab vxore non habet. grauior autem poenitentia
1020 2146 1787 2199 pro vxoricidio quam matricidio statuta non arguit gra-
1021 2197 1793 2248 uitatem sceleris: sed procliuitatem. viri enim sunt
1026 2232 1792 2289 procliuiores ad vxores perimendas quam matres, pro-
1030 2283 1787 2336 pterea acerbior poenitentia constituitur. vt patet
1029 2318 1786 2378 xxxiii. q. ii. ca. Admonere. Graue tamen est pecca
1024 2363 1784 2426 tum & abominabile vxorem propriam occidere:
1020 2409 1784 2470 nec in nece mariti, nec in adulterio deprehensam.
1018 2453 1790 2511 Et licet in his deprehendatur: eam tamen occide-
1014 2496 1775 2565 re est viro etiam graue peccatum. xxxiii. q. ii. cap.
1020 2540 1796 2588 Inter haec. vbi Canon dicit nemini licere vxo-
1021 2589 1778 2638 rem in adulterio deprehensam occidere: licet secun-
1021 2630 1788 2691 dum mundanam legem aliter habeatur. vbi glos-
1011 2674 1786 2722 in verbo ( liceat) dicit. Hoc licet secundum lege Lon-
1018 2720 1781 2768 bardam: sed non Romanam. lIgnoscitur tamen mari-
1014 2761 1784 2809 to (inquit) si vxorem in adulterio deprehensam oc
1009 2807 1775 2870 ciderit, quo ad poenae mitigationem. C. ad. l. Iuli.
