2388 3308
502 307 1258 366 ono hanc. Votum est volitio deliberata de meliore
483 370 1250 414 bono / non necessario ad salutem / deo facta mediate
493 405 1264 465 vel immediate & non irritata a superiore. Volitio est su
498 448 1253 513 perius ad votum: superius inqua denominatiuum.
496 497 1250 544 nam omne votum est animi volitio. si sit nolitio vo
487 538 1255 596 litionem inferens: nihil interest. Deliberata) hoc est
495 590 1252 651 quod fiat cum libramine debito & iudicio intellectus
486 633 1264 682 saltem notitia sufficiente, quod ex parte temporis depre-
492 669 1262 726 hendi non potest: cum homo possit iudicium sufficiens
493 715 1256 772 habere in instanti cum actu voluntatis: sed ponitur pro
498 760 1266 815 pter actus indeliberatos quos solent aliqui habe-
486 807 1250 862 re. vt antequam plene a somno excitetur aliquis. vel cum ra
492 854 1265 903 tio parturbatur: vt in subita & magna ira accedente ad
490 892 1262 939 insaniam: vel cum proxime tendit ad ebrietatem vulgarem.
498 940 1255 986 suramentum autem in ita extortum non valet. de iureiuram. ca-
501 979 1264 1032 Sicut. Similiter nec confessio calore iracundiae emanans.
498 1024 1264 1072 nisi quis perseueret. vt dicit glossa in cap. Ex literis
487 1081 1260 1119 de diuor. ergo eodem modo in proposito. Sed de hoc
495 1115 1256 1166 ad materiam primorum motuu in secundo sententia
492 1155 1264 1214 rum remitto: quia illic materiam hanc prolixius prose
492 1204 1261 1257 quar. Additur (de meliore bono), quod est obiectum &
486 1253 1255 1294 causa materialis voti. si enim sitde malo: non est vo
492 1288 1262 1339 tum. nam in turpi promisso oportet rescindere fidem.
492 1336 1260 1389 quare tertio officiorum M. Tullius dicit quod impruden
495 1377 1256 1431 ter Agamennon exoluit votum Dianae factum immo
501 1423 1271 1479 lando lphigeniam. hoc ipsum per fabula solis & Phae
495 1473 1252 1528 tontis: Thesei & Hippolyti declarat. Nec oportet quod
488 1506 1268 1571 illud obiectum sit melius vouenti: sed sufficit quod in se
498 1553 1268 1604 sit melius. plerique enim vouerunt quibus votum per accidens
498 1596 1264 1645 ex mala vita fuit exitiale: qui sine voto fuissent sal-
505 1643 1261 1691 uati. sed vitium non est ex parte materiae quae vouetur. nam
493 1687 1268 1743 aliqua sunt bona quorum opposita semper sunt mala
498 1730 1262 1785 vt pecepta decalogi. Aliqua sunt bona, & etiam eorum
498 1774 1265 1827 opposita sunt bona: vt nubere / non nubere: profiteri re
504 1821 1268 1869 igionem / non profiteri religionem. tamen vnum est alio me
498 1861 1268 1916 lius. Aliqua sunt bona & etiam eorum opposita: nec
492 1909 1265 1959 reperitur maior bonitas in vno extremo quam in alio:
504 1952 1266 2003 vt facere circulum in cineribus / non facere circulum in ci-
493 1991 1271 2051 neribus. Circa secunda sunt potissimum vota. Dicitur / non
491 2049 1259 2100 necessario ad salutem quia vouere est superogationis
504 2089 1271 2137 vt dicit glossa super illo verbo psalmographi. Voue
496 2131 1265 2188 te & reddite. Dicitur mediate vel immediate, interdum nam
492 2167 1261 2224 quod vouemus adire sanctum lacobum: sed hoc est vt
504 2222 1264 2273 sanctus Iacobus pro nobis intercedat apud deum. Finis
507 2257 1270 2314 enim est causa causarum. ii. Physicorum. &. ii. Metaphysi-
501 2307 1276 2360 cae. Dicitur non irritata a superiore) nam licet ante. xiiii. an
510 2356 1261 2411 nos quis possit habere cosensum liberum vouendi reli
498 2400 1270 2451 gione, & caetera omnia quae posuimus: tamen non erit
501 2447 1261 2501 propterea obligatus permanere in religione. patet de re
499 2488 1261 2544 gula. & tran. ad reii. cap. Ad nostram. & in cap. Si-
502 2529 1268 2584 gnificatum. lib. vi. Sed oportet quod mas quatuorde
499 2578 1274 2619 cim annos compleuerit: & foemina duodecim, nec
505 2611 1280 2678 hic est sermo de malitia supplente aetatem: vt in ma-
496 2659 1270 2708 trimonio. ⁋ Ecce definitionem voti ex quaetuor cau-
503 2695 1263 2781 sis conflatam. Causa efficiens voti est voluntas homi-
1327 298 2108 372 nis. volentis aliquid vouere. Causa materialis siue
1344 365 2110 412 obiectiua est res ipsa quae vouetur: peregrinatio, eleemo-
1338 408 2111 459 syna, castitas, religio vel simile. Causa finalis, deus.
1344 453 2044 512 Causa formalis, alia quae ad votum requiruntur,
1338 520 2111 601 ⁋ Ex hac definitionem propositiones ali-
1341 593 2102 645 quas infero: quarum prima est. Votum proprie captum
1339 637 2108 685 non est de necessitate salutis ante votum. laxato tamen vo
1345 680 2104 733 cabulo potest dici votum necessarium ad salutem. & sic eo
1341 725 2110 768 dem modo definitur vt prius: relicta duntaxat illa particu-
1344 771 2116 822 la non necessario ad salutem): quomodo Iacob vouit quod
1338 809 2117 867 dominus futurus esset sibi in deum. Genesis. xx. licet illic
1338 859 2105 909 possit dici quod hoc erat in dominium speciale, dando
1348 897 2114 944 ei decimas. vt habetur Genesis. xxv, quod erat opus
1339 944 2107 995 consilii ante legem Mosaicam. Sed quicquid sit: homo potest
1348 986 2108 1037 vouere hoc ad quod aliunde est obligatus, quod patet: quia
1341 1029 2115 1089 homo potest se firmare in bono opere praecepti sicut in
1344 1081 2101 1132 opere consilii. ltem homo potest idem pluries vouere. ⁋ Secundo
1338 1118 2107 1170 sequitur hic non esse votum, voueo me aditurum sanctum
1341 1164 2102 1212 Iacobum ea lege vt occidam Sortem. posito quod Sortes
1343 1208 2116 1264 occidatur illicite: & licitum sit seorsum adire sanctum la
1351 1256 2104 1300 cobum probatur corollarium. hoc totum est illicitum, scilicet
1354 1299 2110 1353 idire sanctum Iacobum ea lege vt occidatur Sortes:
1338 1339 2120 1396 licet vna pars sit licita. ergo hoc totum non est licita
1338 1386 2110 1433 materia voti. Secundo ostenditur idem. votum conditiona-
1344 1428 2119 1481 le non tenet nisi extante conditione, ad quam implendam
1354 1476 2113 1529 vult vouens deum vel sanctum, opem praestare. sed illa con
1344 1520 2123 1571 ditio ponit peccatum, ad quod nec iuuat deus nec sanctus.
1351 1565 2114 1621 ergo siue ponatur conditio siue non: ipse vouens non
1356 1613 2110 1654 obligatur. Praeterea. hic non est votum, voueo me occi
1342 1652 2110 1696 surum Sortem ea conditione vt coenobium construam: ergo
1341 1694 2119 1748 nec in alio. ⁋ Tertium corollarium. aliquid est licitum
1347 1739 2120 1793 quod non est licita materia voti. Probatur: quia non profite
1348 1791 2113 1835 ri religionem est licitum: & tamen non est licita materia vo
1344 1831 2110 1876 ti: quia sic vouens ponit obicem motioni spiritus
1353 1873 2120 1930 sancti, & firmat se contra consilia Christi. ltem illic ex
1345 1924 2123 1966 cluditur maius bonum de per se: ergo non est materia
1351 1966 2119 2016 voti. secus est hic. voueo me professurum religionem
1342 1999 2114 2067 sancti Augustini: vbi profitendo regulam beati Augu
1350 2049 2108 2098 stini, Carthusia regula arctior, vel maius bonum de
1348 2097 2116 2145 per accidens & indirecte excluditur. Sic si quis iu
1351 2142 2109 2192 rauit quod mulierem ducet in matrimonium consumma
1347 2182 2113 2231 tum: hoc est seruandum. i. dignum seruari. ⁋ Et ex
1341 2226 2107 2285 illo sequitur quarto. quod si quis voueat se nunquam pro-
1354 2268 2101 2317 fessurum religionem, potest profiteri sine dispensatio
1338 2310 2120 2366 ne. quia si non: hoc erit quia vouet se non professu
1341 2365 2105 2414 rum. sed hoc non obstat. nam licet dicat, voueo me
1339 2405 2113 2448 hoc facturum: non est votum: vt patet de vouen
1354 2451 2117 2498 te occidere hominem auctoritate propria / in secun
1345 2491 2121 2550 do corollario. & licet hoc iuret non est ad hoc obli
1340 2542 2101 2590 gatus: quia non est licita materia iuramenti. lura
1341 2582 2116 2629 mentum enim super materia de se licita non obli
1344 2624 2108 2676 gat quando per se maius bonum secludit. Gratia
1348 2671 2098 2725 nus tamen videtur esse alterius sententiae. xxii. quid
1338 2708 2105 2774 iiii. ca. fina. S. vltinao. vbi dicit. quod si quis iuraue
