2339 3312
483 351 1237 407 ctionis, quod similiter est absonum. Rursus Roma-
485 400 1233 456 nus pontifex potest suum episcopatum deserere, rel
486 445 1244 500 gionem profitendo: ergo & quilibet alter eius lege
479 490 1240 541 seclusa, quod enim iuret tenere pontificatum vel eum non
492 537 1237 582 relinquere: non est de essentia episcopatus summi
490 576 1249 628 sicut contigit de primo post Petrum qui pontificatum
480 619 1234 671 reliquit. Praeterea vt patet ex dictis, non est verum
487 666 1240 714 neminem posse in votis perpetuis dispensare nisi
490 710 1241 759 Romanum pontificem: immo inferior potest in voto
482 750 1234 809 simplici perpetuo dispensare. ltem nec episcopum
493 798 1244 851 oportet facere votum de perpetua mora in sua dioe-
490 844 1241 896 cesi. Insuper si non esset lex pontificia: episcopus pos
480 887 1238 935 set epsoatum relinquere & profiteri religionem sine facul
484 932 1246 980 tate papae, sicut curatus. sed per eum, non licet transire
482 974 1238 1028 de maiore ad minus. ergo religio est status perfe
477 1018 1240 1074 ctior quam episcopatus, quod ipse expresse negat. Prae-
489 1066 1243 1120 terea dicit quod religiosus praefertur curato in bonitate
488 1106 1246 1166 quia totam vitam sua obligat ad perfectionis studium:
486 1152 1243 1204 non autem curatus. Haec ratio si valeret, concluderet re-
487 1196 1238 1252 ligiosum esse meliorem episcopo. quod ipse negat.
486 1237 1250 1291 ltem curatus sic habet curam praecipuam sui gregis par-
487 1283 1243 1333 ui vt episcopus totius. Vel capiatur archidiaconus
482 1328 1250 1379 Lincolniensis, vel magnam curam animarum habens:
478 1373 1238 1428 aut abbas Cluniacensis vel alius: & episcopus ha
486 1415 1248 1468 bens paruam dioecesim. Tunc sic. hic episcopus est
490 1466 1238 1518 in statu perfectionis, & maioris quam religiosus per te
480 1506 1241 1559 hic praelatus inferior, abbas, archidiaconus, vel alius
489 1547 1243 1601 habet tantam curam & sollicitudinem quantam hic episco-
492 1594 1247 1654 pus: ergo iste est in statu perfectionis sicut religio-
483 1637 929 1694 sus, & maioris perfectionis.
486 1698 1246 1781 ⁋ Deinde arguitur contra hoc quod
496 1762 1249 1824 dicit, quod conversatio religionis est difficilior quatum
490 1810 1249 1857 ad ipsum genus operis qui cura animarum. Difficilius
493 1855 1253 1909 est exequi opus totum quod habet curatus, decanus,
499 1908 1250 1961 vel archidiaconus, quam opus quod incumbit simplici
489 1945 1249 1998 religioso. probatur: quia plus meretur bene ope-
490 1992 1246 2037 rando, quam religiosus regulam bene seruando: teste
487 2039 1250 2090 Augustinus dicente in epistola ad Valerium. Cogitet
489 2080 1247 2131 religiosa prudentia tua, nihil esse in hac vita, ma
487 2124 1256 2178 xime hoc tempore difficilius, laboriosius, pericu-
501 2168 1259 2218 losius episcopi aut presbyteri aut diaconiofficio
493 2211 1256 2262 sed apud deum nihil est beatius si eodem modo mili
492 2261 1250 2304 tetur quo imperator noster iubet. Et ostenditur ratio
492 2300 1246 2348 ne. nam conditio religionis est securior ad salutem
495 2345 1247 2400 quam conditio curati. ergo est facilior. tenet consequen
496 2389 1247 2439 tia: quia homines citius succumbunt in difficilibus
489 2432 1253 2487 quam facilibus. Confirmatur hec ratio. status episco-
501 2483 1247 2533 pi secundum genus suum est difficilior quam status religio
496 2521 1256 2568 si. sed aliqui archidiaconi curam tam difficilis mode,
501 2565 1246 2617 raminis habent quam aliqui episcopi. igitur. Praeterea
502 2609 1250 2656 seruare tria vota: & facere cerimonias regulares
495 2652 1249 2708 in modesta societate religiosorum, cum homo fuerii
505 2701 1249 2749 vtcumque assuetus, est facile. nam ab alio alius inuitai
508 2744 1259 2801 ad virtutem: & sub poena ad eam cogitur, non sic est
1315 351 2099 411 de curato. ltem. secundum istum doctorem, difficilius est
1317 396 2077 446 bene viuere cum cura animarum propter exteriora
1326 447 2089 498 pericula. sed hoc addit ad bonitatem actus: & facit
1327 496 2099 536 actum meliorem, quod probo. Si Sortes habeat versari
1318 535 2087 588 circa a. obiectum, & Plato circa b obiectum: & diffi-
1321 574 2093 622 cultas ex parte obiecti solum a. esset maior vel aequa
1318 618 2096 664 lis quam ex parte b. caeteris paribus si non sit impedimen-
1321 663 2083 711 tum & difficultas externa, adhuc actus latus in
1320 709 2087 759 b. erit melior, quod probo: quia omnis difficultas ex-
1317 751 2078 804 trinsecus proueniens tam ex parte obiecti quam personae
1317 796 2093 844 sine culpa eius facit difficultatem actus, & actum ma
1317 847 2095 892 gis meritorium. Exempli causa, Sortes habeat cele-
1317 884 2075 936 brare in coenobio seorsum a societate mulierum,
1317 929 2087 980 & aliorum quae a deuotione auoeant: Plato in templo
1324 974 2080 1027 cui praeest simile officium habeat, cum omnibus impedi
1314 1018 2081 1069 mentis occurrentibus: sed se ab eis praeseruat: Plato
1327 1063 2099 1116 plus meretur quam Sortes: nam subit officium suis hu-
1317 1099 2083 1162 meris par, in quo multi succumberent: & se praeseruat.
1317 1150 2089 1198 sic enim est ei maior difficultas, & crescit ad meri-
1317 1193 2084 1244 tum. Ex parte etiam personae ostenditur. nam si quis fuerit
1317 1239 2093 1290 male natus & male educatus in tenera aetate sine
1317 1282 2090 1336 sua culpa: is ab illicito abstinens contra inclinatio
1317 1325 2089 1380 nem sui habitus plus meretur quam bene natus absti-
1326 1371 2083 1419 nens: quamuis obiectum vel genus sit idem. sed sic est in
1317 1418 2086 1470 proposito inter curatum & religiosum. igitur. Sed di
1320 1459 2077 1519 cis: sicut ipse dicit. difficultas qui prouenit ab imped
1324 1503 2084 1566 mentis externis quandoque diminuit perfectionem
1326 1548 2089 1594 virtutis: puta cum aliquis non tantum virtutem amat vt
1323 1591 2074 1641 impedimenta virtutis declinare velit. secundum illudc
1317 1640 2086 1684 Apostoli primae ad Corinth. ix. Omnis qui in ago
1318 1683 2083 1737 ne contendit ab omnibus se abstinet. Hoc non sufficit:
1333 1721 2096 1782 quia non est in facultate curati tollere haec impedi-
1333 1772 2086 1828 menta superuenientia, exercendo officium quod licite ipse
1321 1819 2084 1870 tenet. na oportet, confessiones audiat: euangeli-
1320 1861 2083 1908 zet verbum dei: & casus ancipites in foro interi-
1319 1901 2083 1954 ore suarum ouium enodet: qui interdum ad peccatum
1323 1947 2093 1998 alliciunt. Non sic est de religioso. Postremo curati
1335 1992 2083 2045 sunt ex institutione Christi: &. lxxii. discipulis
1323 2039 2098 2088 succedunt, vt dicit Anacletus papa. xxi. distin-
1326 2079 2080 2131 ctione. c. In nouo testamento. vbi dicitur quod Apo
1334 2124 2092 2170 stolis succedunt episcopi: & curati. lxxii. discipu-
1333 2166 2096 2235 lis. & patet Lucae. x. hoc autem non potest sic osten-
1338 2213 1573 2272 di de religiosis.
1329 2273 2095 2345 ⁋ lstis absolutis deuenio ad tertium
1328 2333 2086 2387 in quo conclusiue dico curatos & alios praelatos
1328 2385 2091 2441 episcopis inferiores esse in statu perfectionis: &
1323 2428 2096 2479 maioris perfectionis quam religiosos simplices. Si
1332 2472 2092 2530 gnanter (simplices) nam si religiosus sit episcopus,
1329 2513 2089 2569 est in superiore gradu. in quolibet enim istorum statuum
1335 2561 2092 2619 possunt assignari gradus. Probatur haec conclusio per
1333 2616 2089 2665 reprobationem opinionis oppositae. Et adhuc ra
1334 2648 2090 2698 tione arguitur. omnis ille status qui succedit statui
1329 2699 2101 2751 discipulorum Christi est perfectus. sic est de statu
1337 2739 2101 2805 plebanorum. igitur. Praeterea omnis ille status qui
