2344 3312
498 291 1244 346 Timotheum. vi. Qui volunt fieri diuites, incidunt
495 345 1250 392 in tentationem & in laqueum diaboli. & Lucae. vi. Vae
496 391 1259 440 vobis diuitibus. Et Matth. xix. Facilius est ca-
496 431 1253 478 melum per foramen acus transire quam diuitem intrare in re
503 477 1249 531 gnum caelorum, quod exponens Mircus aut verius Chri
498 520 1256 579 stus per os Marci decimo cap. inquit. Quam difficile
495 571 1256 628 qui pecunias habent, in regnum dei introibunt. ⁋ Se
507 615 1256 669 cunda conclusio. Voluntatia paupertas est apprime
504 654 1243 717 ab omnibus sapientibus laudata. hoc est: habere ne
498 700 1256 756 cessaria vitae & non habere sollicitudinem acquirenda
500 742 1246 795 rum opum. Hinc dixit luuenalis. Cantabit vacuu-
504 793 1256 843 coram latrone viator. Socrates namque, Diogenes do
501 831 1253 890 lio pro palatio contentus, Anaxagoras, Crates, Ari
497 874 1259 920 stides, Homerus, & huiusmodi gentiles paucis com
504 918 1258 972 tenti ad astra a sapientibus efferuntur. Philostratus
498 963 1255 1024 primo libro vitae Apollonii Tyanei recitat quo
496 1003 1256 1064 modo Damis audiuit Apollonium sic orantem.
504 1055 1262 1113 Odii concedite mihi pauca habere: & nullius indi
495 1099 1255 1156 gere. Et Lucanus. v. Pharsaliae, cum Caesar curarum
501 1137 1249 1203 plenus accessit domum Amyclae, ostendit quomodo
501 1190 1258 1241 paupertas sit munus deorum immortalium vix satis
492 1235 1259 1274 notu dicens. Securus belli praedam ciuilibus armis
508 1283 1259 1331 Scit non esse casam: o vitae tuta facultas Pauperis
507 1318 1258 1377 angustique laris, O munera nondum Intellecta deum.
508 1362 1255 1411 ldem videre licet apud Philostratum li. iii. de larcha
507 1407 1259 1453 Indo & Bragmanis philosophis. Hoc ipsum insi-
498 1450 1265 1500 nuat apologus Aesopi de mure rustico dicente ab
504 1494 1256 1541 teri muri. Rodere malo fabam quam cura perpete ro
499 1543 1265 1598 di. hoc est: habere pauca in quiete, quam multa in con
499 1584 1259 1637 tinua sollicitudine. ltem plebeius est versiculus.
508 1632 1271 1685 Paupertas si laeta venit ditissima res est. Apud sa
508 1674 1265 1730 cras quoque literas paupertas est commendatissima.
505 1717 1256 1775 Edent pauperes & saturabuntur & laudabunt do-
507 1762 1270 1816 minum. Psal. xxi. & Psal. ix. Patientia pauperum non
519 1814 1259 1860 peribit in finem. & desiderium pauperum exaudiuit
504 1853 1265 1906 dominus. Christus ipsa veritas: Apostoli, & patres cae
502 1897 1265 1944 lo digni tam in veteri testamento quam in nouo hanc co
502 1940 1262 1994 luerunt. Quanto autem quis plus terrae appropinquat
501 1986 1252 2032 opes acquirendo, licet sit in maiore fama in terra:
501 2031 1262 2084 tanto distantior est a caelo & minus illic cognitus, &
511 2075 1259 2122 econverso, quemadmodum luna, quae quanto magis a
507 2123 1263 2174 sole elongatur, magis illuminata ab hominibus in
502 2162 1262 2212 terra putatur: & tamen reuera minus illuminatur: cum
507 2206 1259 2259 magis distet a causa luminis productiua. in coniunt
505 2255 1259 2304 ctione enim nihil luminis eius percipitur in terras
507 2295 1262 2346 & tamen vere magis illuminatur etiam versus caelum. Sic
511 2340 1259 2389 est de homine opes & terrena conculcante per respe-
501 2385 1262 2440 ctum ad mundum & solem iustitiae. & tamen homo debet cae-
505 2429 1258 2476 lum terra posthabita inquirere suapte natura, dicente
507 2473 1262 2533 OQuidio in primo Metamor. Pronaque cum spectent
502 2517 1268 2571 animalia caetera terram: Os homini sublime dedit,
505 2562 1262 2606 caelumque videre lussit: & erectos ad sydera tollere
508 2608 1266 2663 vultus. ⁋ Arguitur ad conclusionem duplici ratione.
511 2647 1262 2703 Primo ex regula Aristotelis Topica. Illud est
507 2686 1268 2769 eligendum quod vir sapiens in omni lege peritus eli-
1338 299 2090 354 git, & non quod stultus eligit. sed mediocritatem
1333 348 2098 399 & frugalitatem vitae elegerunt isti prudentes. ergo
1324 394 2090 440 ipsa est eligenda non curando de stultorum electione.
1336 439 2100 495 Secundo sic arguitur. quando sunt duae viae quarum
1330 479 2090 540 vna securius & solidius ducit ad terminum ad quem quam
1323 525 2092 575 altera: illa potius est eligenda. hoc enim quilibet
1326 574 2093 622 nouit in ratione naturali. modo hic non habemus
1327 618 2096 672 manentem ciuitatem, sed futuram inquirimus. ad
1329 659 2099 708 Hebraeos vltimo. Tnmimn enim viatores sumus. termi
1330 703 2096 754 nus ad quem est caeleste regnum: ad quod paupertas se-
1329 749 2099 804 curius ducit quam opes: igitur. Et ostendo exemplo de
1336 794 2105 846 quodam farcimina in abundantia portante per vrbem:
1332 842 2096 895 ex quibus quilibet vnum vel vnius partem sine quie-
1335 883 2093 929 te portantis rapuit: tandem omnibus abiectis quietus in
1332 927 2099 973 cessit. Paupere autem ante diuitis domum continuo can
1332 969 2087 1032 tante cum diues ex industria magnum auri pondus pra
1338 1011 2089 1063 fenestram illius clanculum iniecisset, auro comperto no
1330 1056 2099 1111 cecinit amplius, semper sollicitus & anxius quid
1335 1107 2112 1153 auro emeret: vbi ipsum ante eimptionem reconderet:
1330 1149 2104 1202 an in vno loco: an in pluribus, secundum verbum euan-
1334 1192 2104 1247 gelii Matthaei. vi. Vbi est thesaurus tuus, ibi est &
1329 1235 2102 1283 cor tuum. Praeterca, illa via est acceptanda quae est bre
1333 1280 2101 1327 uior: sic est de paupertate quae per lineam rectam ad caelum
1339 1321 2105 1373 tendit. Rectum enim secundum Euclidem, est cuius medium
1336 1368 2105 1420 non exit ab extremis., quod cognoscimus per latomum
1333 1414 2096 1463 dirigentem filum cum plumbo ad terram: si enim aliqua pars
1329 1455 2098 1516 fili ab extremis distet, murum obliquum iudicat. sed
1336 1504 2105 1553 extrema hominis / pauperies est: nascitur enim pauper, &
1333 1547 2105 1596 moritur pauper: medium ergo debet extremis re-
1341 1585 2108 1649 spondere. modo inter omnes lineas a puncto ad punctum
1336 1636 2105 1684 ductas, linea recta est breuissima. Propterea Bra
1333 1674 2099 1733 uardinus in sua parua geometria ad illam petitionem
1339 1716 2103 1778 Euclidis, a puncto ad punctum lineam rectam ducere,
1330 1772 2109 1822 addidit, & eam esse breuissimam. Diues autem oblique
1335 1814 2105 1866 ad caelum cum multis impedimentis in itinere tendit:
1344 1862 2120 1917 vt ex prima conclusione patet. opposito modo pau
1342 1904 2111 1952 per ad caelum tendit: igitur conclusio vera. Sed reli-
1334 1950 2107 1997 giosus habet necessaria vitae omnia sine sollicitudi-
1330 1993 2111 2045 ne cibum vestes & omnia quae oportet in religione
1336 2029 2099 2095 habere: nec oportet debilitatem stomachi & aegritu
1333 2077 2109 2132 dines formidare. in omnibus enim istis in religione ei
1344 2124 2105 2172 prouidebitur: & charitatiue a religiosis sociis tra
1345 2160 2100 2226 ctabitur: siue domi, siue foris. ⁋ Ex duabus praece
1347 2206 2101 2271 dentibus conclusionibus consequitur tertia: quae est haec
1336 2257 2105 2309 quod paupertas magis est eligenda quam diuitiae. Nam
1342 2307 2090 2356 vera paupertas ad caelum promouet: diuitiae tamquam
1335 2340 2106 2397 spinae nocent habenti. testis est Christus Matth.
1339 2390 2099 2441 xiii. dicens. Alia autem ceciderunt in spinas: & cre
1336 2436 2105 2483 uerunt spinae: & suffocauerunt ea. vbi glossa inter
1345 2475 2101 2526 linearis. diuitiae occupant mentem: & fructus spiri
1336 2524 2112 2575 tualis in ea proficere non potest. Et ipsa veritas
1336 2566 2111 2619 in eodem ca. id exponens sic dicit. Qui autem se
1339 2610 2105 2659 minatus est in spinis: hic est qui verbum dei au-
1345 2653 2108 2709 dit. sed sollicitudo istius saeculi & fallacia diuitia-
1345 2692 2111 2749 rum suffocat verbum, & sine fructu efficitur.
