2307 3316
216 412 973 467 bona quam excessiua vel defectiua. Et hoc exemple
231 458 988 504 declaratur sic. sint. xl. religiosi in coenobio, quibus
228 500 982 561 mille aurei sufficiant pro vestibus & victu cu quae-
225 549 982 600 dam mediocritate: & quingenti pro conseruatione te
219 591 976 640 pli ac domorum: & totide pro abbate & ministris eius
225 639 979 685 vel si opus sit maiore pecunia pro bonis conseruan
224 679 976 731 dis in processu, vel pro templo reparando: oportebi
214 715 986 778 abbatem minus absumere. tunc sufficient ei ducenti
225 771 983 822 aurei: & religiosi parcius expendent. pro hospitalita-
216 803 985 855 te autem diuitu nihil habebitur: cum sint oppida propin-
223 860 973 913 qua: quae accedentes / omnia habere poterunt pro pecunia
213 896 979 948 lsti enim hospites infestant religiosos in spirituali
216 942 974 1001 vita: quare non sunt suscipiendi. sed alii religiosi
228 992 968 1035 paupares possunt ab eis excipi. Ecce tali coenobio
223 1027 973 1076 bis mille aurei optime sufficient iudicio pruden-
213 1071 971 1131 tum, nec oportet habere oculum ad sterilitatem duorum
223 1117 976 1165 annorum, vel combustionem domorum coenobii pro
219 1161 979 1209 habendis pluribus bonis. Illa enim est prudentia sae
217 1204 965 1267 culi: & sub velamine opes colligere. raro etiam eiu
218 1256 977 1310 modi calamitates eueniunt. & si religiosi bene vi
213 1299 983 1347 uarit: vbi quid tale acciderit, deus qui pascit aues in
222 1336 980 1386 campis, eis prouidebit. magis autem poderam lum est exi
216 1385 976 1435 tium quod sequitur ex abundantia bonorum coe-
215 1427 980 1475 nobii continuo, quam illud quod raro vel ratissime eue-
210 1471 967 1524 nit. ⁋ Contra istud arguitur. sequitur ergo quod abba
212 1522 961 1565 tes male agant tollendo bona coenobii est manibus
223 1564 978 1617 potentum / & coenobio applicantes. consequens est
216 1609 970 1652 falsum: ergo & antecedens & patet consequentia: quia dari
217 1652 977 1705 tes illa bona malum coenobitis affeite: & erit peccatum
216 1694 974 1744 solis nobilibus illa bona detinentibus: quod minus
212 1746 980 1794 ponderandum est. Respondetur. si abbas non posset
210 1788 976 1835 illa bona melius applicare: argumentum haberet
210 1830 967 1883 vim. sed abbas a nobilium manu tollens potest mul-
217 1878 965 1928 tis modis illa bona aliter applicare coenobio, vc-
213 1914 959 1963 plures religiosos creando / ita vt pauca abbati re
201 1963 974 2015 linquantur: vel noua coenobia eiusdem religionis
207 2004 965 2050 condendo: vel ea pauperibus elargiendo. & cum hoc
211 2051 961 2103 tollit peccata nobilium qui iniuste illa bona deti
213 2094 971 2138 nent. Fateor tamen abbates in ea re multum pecca
205 2140 965 2183 re. Aliqui nanque agricolae terras a coenobio haben
211 2183 971 2235 locatitias, quam certam quotam soluunt, & suos nu-
202 2226 970 2274 triunt auarus autem abbas qui omnia corradit:
207 2275 964 2324 cogit hos bonos viros soluere tantum vt non pos
208 2314 965 2373 sint se & suos alere / sub vmbra ditandi coenobii,
211 2359 962 2410 quod pulchrum putat: & tamen est malum coenobio. hoc
208 2411 974 2458 est / dat fomentum peccati ipsis coenobitis. sed hic
202 2452 965 2492 abbas habet prudentiam saeculi & non dei: cum
213 2494 967 2537 non aspiciat intentionem institutorum seu funda-
204 2536 958 2591 torum coenobii. ⁋ Transeundo vt argumentis ab
208 2584 971 2636 quibus breuiter satisfaciam: Dico quod multi abba-
201 2630 955 2676 tes putantes bene facere / & a vulgo laudati, ope
207 2673 954 2718 coenobii augent vt dicantur bene meriti de rebs
201 2709 955 2770 coenobii, ignorantes quae dei sunt: vel vt maiore
213 2760 965 2805 pecuniam pro se & suis habeant. vel augent por-
210 2803 967 2872 tionem religiosorum plus quam ratio dictat: vel pecu-
1064 399 1828 467 niam pro vestibus adhuc multiplicant. ⁋ Quarto
1059 464 1831 514 arguitur. Matth. vi. dicit Christus: Nolite solliciti esse
1058 512 1822 563 in crastinum. sed isti religiosi capientes immobilia
1068 551 1817 605 in commune prouident pro tempore perpetuo: ergo
1063 596 1828 636 sunt maxime solliciti de crastino: nec viuunt se-
1065 635 1822 685 cundum consilium euangelii. Respondetur. habere
1069 681 1829 737 bona perpetua non arguit sollicitudinem in euan
1059 729 1826 785 gelio vetitam. Christus enim sollicitudinem nimiam
1063 772 1820 825 de futuris prohibuit. qui autem cum moderami
1063 815 1813 867 ne prouidet, ne aliquid in posterum deficiat: ab illa
1062 855 1817 907 sollicitudine cauet. immo viuere in dies singulos
1066 903 1829 955 atque ex tempore, facit hominem sollicitum. Hinc dicit
1053 948 1814 1002 Augustinus. in libro de operibus monachorum. Si hoc
1065 1002 1823 1045 verbum domini: nolite esse solliciti in crastinum: ita
1062 1034 1816 1082 intelligatur vt nihil in crastinum reponatur: quomen
1059 1083 1825 1132 possunt viriire in arctitudinem separatim ab ho
1056 1129 1821 1182 minibus ad multos dies? & cur dominus loculos habu
1050 1164 1826 1221 it vbi collectam pecuniam reponeret: prohibetur cum su
1050 1217 1817 1271 perflua sollicitudine cogitare de tempore futuro.
1053 1263 1824 1311 ⁋ lam diximus quod expedit habere aliqua in commu
1050 1300 1822 1355 ni pro religiosis sustentandis tam in victu quam in ve
1056 1342 1817 1401 stitu, pro templo & domibus religioni necessariis
1053 1389 1819 1440 & hoc in immobilibus. alioquin deuotio & coenobium
1051 1431 1818 1500 facile perirent. Nec factum apostolorum, & eorum quod
1056 1479 1823 1525 eos sequuti sunt / qui possessiones in ludaea ven-
1065 1518 1814 1573 debant & ponebant praecium ad pedes apostolorum / sua
1056 1566 1813 1613 det contrarium: quia ipsi erant ituri ad gentes, & illic
1053 1611 1816 1660 non mansuri. praeuiderunt enim vrbem euertendam
1051 1658 1821 1710 a Romanis. quare nihil immobile & stabile illic
1056 1694 1822 1751 tenuerunt. Praeterea paucos contemplationi dedi-
1053 1743 1822 1792 tos habere omnia in communi, non est tenere politiam So
1050 1784 1799 1834 cratis & Platonis: quam Aristoteles secundo Politico
1047 1840 1814 1895 rum reprehendit. Laudasset enim Aristoteles & quilibet
1056 1873 1814 1925 sapiens conditionem illam: si aliqui pauci res suas in
1053 1921 1804 1967 commune applicuissent: honestae contemplations
1040 1967 1819 2024 intenti sine sollicitudine saeculi. Omnia autem bona con
1051 2012 1808 2067 munitatis sunt religiosorum copulatim, hoc est
1047 2058 1801 2104 monasterii: vel dei: sed parum interest: be secundus modui
1041 2094 1808 2149 loquendi sicut est rationi magis consentaneus: sic est de
1044 2143 1808 2197 uotior: vt religiosi se & sua omnia esse specialiter cultui
1047 2185 1809 2248 diuino mancipata credant: nec circa partiale rerum
1054 2229 1808 2282 dominium oculos figant. Diximus item nociuum esse
1051 2279 1806 2328 religionibus ex communi viuentibus habere excessiua
1044 2318 1804 2372 bona temporalia. hic autem non respicimus ad ex-
1047 2365 1801 2417 cessum iudicio abbatis & prudentum in coenobio
1048 2412 1801 2455 temporalia solum considerantium: sed iudicio pru-
1054 2454 1798 2512 dentum legem dei meditantium / & mundi peri
1041 2498 1805 2541 cula in diuitiis reputantium. Nam vbi coenobium ha-
1044 2538 1812 2595 bet modicas opes pro sustentatione religiosorum
1045 2591 1800 2644 nobiles non quaerunt illic religionem profiteri
1047 2628 1802 2688 vt sint abbates / more bubonum templa ingredi-
1045 2683 1812 2734 entium vt oleum exugant / & lumen extinguant.
1042 2721 1796 2768 nec filli principum ea coe nobia expetunt in com
1044 2763 1814 2824 mendam: quare praeficietur filius coenobii religio
1045 2805 1800 2871 sae vitae: & nutrietur deuotio. Nec tamen non habe bonae
