2295 3310
222 322 983 391 plius. & illic est status in elongatione. ⁋ Tertio at
222 371 983 429 guitur, consuetudo iam est introducta in multis
228 422 986 476 regionibus quod mendicantes religiosi habeant red-
228 465 980 508 ditus ex quibus ferme viuere possint. consuetudo
216 507 992 564 autem legem pofitiuam interpretatur. Responde
220 556 989 600 tur. seruare votum est de iure diuino: contra ius au-
226 599 986 652 tem diuinum nulla currit consuetudo. ⁋ Quar-
225 640 977 694 to arguitur. quia multorum refriguit charitas: non
222 681 983 745 possunt sustentari eleemosynis: ergo necessarium
229 730 985 787 est capere redditus: alioquin ordo corruet. Respon
232 775 986 828 detur. culpa est ex parte eorum, si charitas erga eos
219 821 979 867 refriguit: quia non viuunt religiose, sed saeculares
228 860 983 923 scandalizant. Secundo nimis sua philacteria dila
229 906 985 954 tant. nam omnes suam religionem assumere vo-
226 949 989 1000 lentes, vtiles & inutiles sine discrimine admittunt:
223 1000 985 1049 in grauamen & onus populi: contra aequitatem, &
228 1042 986 1098 contra ordinis rigorem, quem tanta congeries non
223 1084 986 1136 seruat. sed si redigerent se ad certum numerum, & be-
220 1130 980 1186 ne viuerent: optime eis prouideretur. Quod ostendo
216 1176 973 1229 manifeste, nouimus siquidem in vtroque regno Bri
222 1219 976 1266 tanniae multa esse coenobia de obseruantia sancti
229 1263 980 1316 Francisci, qui in diem viuunt, nihil de crastino solliciti
222 1304 983 1354 secundum suam professionem in magno numero: po
220 1351 973 1407 pulum verbo & exemplo instituentes: & eleemo
223 1399 983 1455 synis viuentes. ergo vbi alii non bene viuunt, sua
216 1437 982 1502 culpa non consequuntur eleemosynas. ⁋ Quin-
216 1484 970 1536 to arguitur. dicunt se habere dispensationem a Ro
219 1531 983 1587 mano pontifice vt possint posfessiones recipere:
207 1572 980 1625 & fratres minores pecuniam. modo papa omnia
214 1619 980 1668 iura in scrinio pectoris sui censetur habere. de con-
220 1660 970 1709 stitu. ca. i. lib. vi. Respondetur. male informant Ro
213 1709 974 1763 manum pontificem: & adducunt aliquos sophist
210 1748 979 1796 cos colores pro se: nec dicunt de sua mala vita &
211 1792 977 1845 nimia religiosorum multiplicatione. modo priui
213 1843 977 1887 legium per surreptionem obtentum, vigore caret.
208 1885 974 1942 de rescrip. ca. Super literis. Nulli enim dubium est
210 1938 976 1988 quin si papa cognosceret rem sicuti est: non conce-
207 1974 976 2028 deret eis haec priuilegia. sed quia habent in curia
202 2018 977 2068 Romana aliquos pro se rogantes, quaerentes la-
195 2069 983 2122 nam, & non salutem rogantium: conceduntur. ⁋ Sexto
204 2117 977 2164 arguitur. Si frater minor transeat per regionem
201 2153 970 2216 aliquam in qua non possit habere necessaria: vbi
190 2201 967 2252 aliquis daret ei scutum ad emendum panem, po
195 2244 980 2290 test illud accipere ne fame pereat: necessitas enim
183 2286 970 2331 non habet legem. Confirmatur haec ratio. primo
189 2329 968 2389 die quo fratres minores transeunt de Edinburgo
193 2385 977 2437 ad capitulum per mare: magister nauis potest eos
193 2419 983 2475 alere in naui: Sortes in itinere, primo die egressus:
188 2463 977 2524 Plato secundo die: Cicero tertio. & sic quolibet die
190 2506 964 2558 Romam vsque. vel breuiter aliquis opulentus vi
179 2553 977 2606 transiens alia causa Romam potest eos alere in iti-
191 2599 965 2650 nere. ergo pari ratione possunt habere socium ha
195 2640 977 2689 bentem pecuniam ab aliquo amicorum ordinis qui
196 2685 964 2731 omnia necessaria ministrabit in itinere. ⁋ Ad sextum
189 2726 977 2802 respondetur. si caelum rueret, omnia essent confu
1063 326 1823 385 sa. conditio nempe illa nunquam euenit. nunquid de
1063 373 1820 421 Hibernia insula, Scotia, Anglia, Norpegia obser
1060 419 1816 464 uantes vadunt in ltaliam vel Hispaniam ad capi
1060 463 1814 521 tulum, & transeunt satis commode: Contingit quod in
1059 507 1819 552 terdum penuriam patiantur: haec enim est inuentio
1057 550 1810 601 regulae & institutoris. capiant pro primo ferculo i
1051 596 1829 647 scutella vnum gradum patientiae: qui perdice, spi
1054 641 1814 684 rituali viro est dulcior. Ad confirmationem con
1059 685 1817 740 cedo quod si diu maneant in naui / capiunt refectionem
1063 727 1820 785 in naui, vel a magistro nauis, vel mercatoribus: quam
1053 776 1817 823 sibi libentius impartiuntur quam ipsi capiant. & ita tan
1047 819 1820 864 tisper eis fiet quoad bene viuant & non amplius.
1053 864 1819 922 Christus enim qui pascit aues in campis, eos san
1053 910 1819 962 cte & religiose viuentes non deseret nisi se primum
1059 952 1816 996 deserant & famulum suum qui ordinem instituit.
1050 996 1814 1050 Non tamen debent accipere a variis vel ab vno in
1048 1040 1805 1092 itinere sic necessaria: quia hoc esset in fraudem re-
1062 1083 1817 1141 gulae, & deus tandem eos negligeret. possunt tamen
1055 1128 1816 1177 capere refectionem ab iis qui in itinere offeruntur:
1056 1171 1816 1220 & praesumere quod deus dignatus est sibi dare hanc re
1047 1217 1822 1270 fectionem, sicut Heliae coruum cum pane. & si non
1056 1259 1816 1315 essent alii. religionem foedantes, & pecuniam contre
1047 1304 1810 1360 ctantes: multo melius tractarentur, nescit enim popu
1053 1354 1826 1396 lus frequenter an sint obseruantes / an fratres de lar-
1053 1396 1818 1454 ga manica, vt aiunt. ⁋ Septimo arguitur. seque
1053 1441 1814 1503 retur quod peccarent dantes fratribus minoribus pecu
1059 1485 1823 1533 niam, similiter possessiones eis et praedicatoribus.
1057 1527 1817 1578 Distinguo quod peccarent. vel illud errore inuincibi
1057 1570 1817 1622 li putantes esse licitum: & sic nego. multi namque sim
1063 1620 1804 1668 plices nesciunt illud esse peccatum: nec scire tener
1060 1661 1817 1721 tur. si vero fuerint docti hoc scientes: concedo quod
1052 1705 1822 1765 peccarent cooperantes scienter peccatis aliorum.
1052 1750 1804 1803 ⁋ Octauo arguitur. Minores marsupia replentes
1053 1802 1816 1848 pecunia sunt adeo docti vt alii obseruantes: & ver
1047 1836 1822 1896 bum dei praedicant tam vtiliter quam alii. ergo sunt
1055 1879 1810 1931 aeque vtiles reipublicae christianae: & per consequens
1047 1928 1816 1988 fouendi more aliorum. Respondetur, quamuis forte
1051 1974 1804 2023 sint aeque docti in speculatiua scientia: & habean
1047 2015 1825 2073 gratiam bene concionandi: non tamen praedicant
1056 2061 1817 2119 sicut alii qui verbo & vita docent. isti autem sibi con
1041 2109 1814 2167 tradicunt. verbo tatnum docent: nam vita repugnat. Num
1050 2152 1813 2210 quid apud ethnicorum sapientissimum legisti. viii.
1047 2208 1807 2258 ca. x. Ethicorum, Veritas tamen in iis quae in actio
1041 2237 1804 2288 nem veniunt: ex operibus iudicatur & vita? Et to
1050 2282 1810 2335 to illo dato quod aeque vtiliter praedicarent ac alii: non
1046 2333 1819 2383 sequitur quod sint in statu salutis: sicut nec existens in
1056 2370 1799 2431 mortali bene praedicans aliis. ⁋ Epilogando dico quod
1052 2416 1816 2474 religiosi mendicantes non possunt habere agros vel
1043 2456 1801 2524 perpetuos redditus in parte vel in toto: nisi contir
1046 2504 1804 2565 geret quod non possent viuere eleemosynis fidelium:
1041 2550 1801 2602 quod nunquam vt opinor adhuc contigit. nam veran
1051 2598 1817 2653 institutionem seu regulam seruantes vt vbique vi
1051 2642 1813 2699 demus, meliorem habent portionem: templum / refe
1059 2686 1808 2744 ctorium, & omnia melius extructa & culta quam ha
1054 2729 1819 2796 beant irregulares. Videmus hoc Parisiis tam in prae
