2348 3314
510 361 1282 416 ctatur. Tanto ergo quisque deum citius placat: quan
517 411 1270 462 to repressa arbitrii sui superbia gladio percipiti se im
506 450 1276 512 molat. Praeterea, obedientiam Christi Apostolus ad
511 496 1279 551 Philip. ii. commendat dicens. Humiliauit semetipsum
519 543 1282 597 factus obediens vsque ad mortem. Religiosi autem est
526 586 1276 634 Christum imitari omnibus abiectis iuxta illd Matth. xix
520 634 1277 689 Si vis perfectus esse / vade, & vende omnia qua habes: & se
520 677 1283 728 quere me. hoc est, conditiones meas secundum fragi
510 718 1274 771 litatem tuam. Refert loannes Cassianus libro. iiii
517 761 1286 820 de institutis coenobiorum, quomodo loannes qui
522 807 1279 867 dam egregius adolescens & religiosus ad seniorum im
519 860 1282 911 perium a duobus. miliaribus quolibet die indesinenter
517 894 1283 949 attulit aquam: & lignum aridum & quodammodo pu
509 938 1289 987 tre humectabat. ⁋ Secunda conclusio. Vera obedien
516 985 1274 1035 tia non obligat religiosum in omnibus licitis & ho
509 1030 1279 1081 nestis parere superiori. Probatur conclusio. nullus obli
510 1074 1277 1128 gatur ad opus superogationis nisi volens: vouens
520 1116 1277 1174 hanc religionem / no intendit ad vlteriora se obliga
514 1163 1289 1210 re: ergo non male agit alia sibi imposita recusando.
519 1210 1282 1264 Secundo arguitur ad idem. Nam dato opposito sequitur
513 1253 1282 1310 quod professus in religione sancti Augustini tenetur ad
514 1297 1285 1353 mandatum superioris ingredi Carthusiam. hoc conse
517 1341 1289 1397 quens est falsum: & consequentia patet per te: cum
516 1385 1286 1433 hoc sit licitum & honestum. Tertio hoc ostenditur per bea
511 1431 1277 1475 tum Bernardum in lib. de praecep. & dispensatione dice
516 1474 1273 1523 tem. Nihil prohibeat me praelatus horum quae promisi
522 1520 1279 1568 nihil plus exigat quam promisi. si tamen obediat man
516 1565 1282 1612 datis licitis: bene facit: & est obedientia non neces
511 1607 806 1669 saria sed perfecta.
510 1654 1276 1735 ⁋ Contra priorem conclusionem arguitur.
513 1713 1274 1775 Difficilius est relinquare multa bona quam parere superio
510 1764 1282 1810 ri, quod patet de iuuene euangelico qui praecepta serua-
520 1800 1277 1864 bat: cui difficile erat suas opes deserere: facile pare
519 1855 1277 1905 re. ⁋ Respondetur. potest dari vnus actus pauper
516 1901 1279 1953 tatis / hoc actu vel illo obedientiae melior: tamen maxi
514 1940 1289 1996 mus actus obedientiae est melior optimo actu pau
516 1987 1273 2041 pertatis. Difficile profecto est cordato viro, & cap
510 2034 1279 2098 toso voluntatem suam perpetuo in manus senio
516 2081 1006 2140 ris ponere: & magna humilitas.
525 2120 1276 2207 ⁋ Contra secundam conclusionem arguitur.
522 2185 1277 2245 Castitas habet determinatam materiam, similiter &
513 2236 1289 2293 paupertas: ergo etiam obedientia. sed hoc non erit nisi
522 2279 1285 2331 obedientiam habeat seorsum / praeter illa duo vota
526 2323 1274 2377 & regulam. Respondetur negando quod habeat de
517 2370 1271 2422 terminatam materiam sicut alia duo: sed solum req
513 2412 1277 2460 ritur obedientia in regula. Contra hoc arguitur. Ex i
522 2458 1276 2515 lo sequitur quod si sint quatuor iuuenes religiosi: quo-
522 2508 1280 2553 rum vnus possit solus purgare coenobium sordibus
516 2550 1279 2599 nullus eorum teneatur id facere. consequens est incon-
517 2593 1276 2654 ueniens. quod sequatur probo: quia hoc non continetur in re
525 2636 1279 2694 gula. loanes purgabit coenobium. Respondetur
526 2680 1274 2729 negando sequelam. quilibet enim tenetur seruare suam re
516 2725 1283 2785 gulam / & illa sine quibus regula seruati non potest. &
516 2773 1283 2838 hoc est seruare regulam. nam si vnus istorum licite pos-
1356 359 2135 425 sit quoduis onus iniunctum recusare: pari ratione quili
1353 409 2119 461 bet aliorum trium. itaque vbi necesse est aliquem purgare
1365 456 2134 502 coenobium, & non est maior ratio de vno qui de illo
1368 500 2140 554 cui superior praecipit: tenetur ille superiori parere: vel quando
1359 548 2132 598 est dubium. ⁋ Secundo arguitur contra eandem conclusio
1353 596 2126 650 nem. Refert loannes Cassianus lib. iiii. ca. xxv. quo-
1356 632 2133 690 modo loannes de quo in probatione conclusionis men
1356 681 2137 736 tionem fecimus / praecipiente seniore lenticulam olei
1365 724 2125 775 quam sola erat in eremo in vsus fratrum seruata / fregit.
1360 769 2134 816 Et in. xxvi. ca. quomodo idem loannes seniore preci-
1364 821 2128 867 piente vt aduolueret grande saxum quod aduoluere ne
1372 865 2126 910 quibat: non desinebat quousque plenus sudoribus la-
1362 906 2117 956 pidem humectabat: applicita nunc ceruice: nunc te
1362 950 2135 992 to pectore. Et in ca. xxvii. eiusdem recitat quomodo
1356 991 2132 1036 Mutius proprium filium in fluuium praecipitare vole-
1359 1033 2132 1090 bat ob superioris praeceptum. Quibus & multis
1357 1084 2125 1137 aliis similibus suppositis, quae idem Cassianus reci
1366 1124 2132 1172 tat, arguitur sic. lsti religiosi quibus praecipiebatur factu
1369 1168 2135 1218 difficillimum: immo impossibile: praecipiente senio-
1353 1215 2137 1266 re, complere conati sunt: & in hoc laudandi omni
1354 1262 2134 1310 aeuo. sed illorum facta sunt imitanda: ergo oportet pa
1354 1309 2129 1350 rere abbati in omnibus. ⁋ Respondetur. argumen-
1357 1349 2132 1398 tum bene probat quod bene agitur parendo abbati in omi-
1366 1389 2133 1451 bus licitis quae fieri possunt: & etiam enitendo facere quan
1360 1441 2138 1493 tum in se est / impossibile: quia illud eniti / est possi-
1356 1479 2132 1543 bile: vt si praecipiatur inferiori euertere arcem: potest in-
1360 1525 2122 1577 ferior manus, ceruicem, pectus, & huiusmodi tali euersioni
1366 1572 2129 1621 applicare. sed non sequitur quod homo ad haec teneatur.
1359 1613 2126 1667 Vnde si duobus inferioribus Sorti & Platoni: ab-
1359 1658 2119 1709 bas praecipet arcem euertere: & Sortes se applicaret. ad
1365 1703 2131 1755 id faciendum: & Plato diceret hoc esse a regula alie
1357 1752 2135 1796 num: nec se ad hoc vi professionis suae esse obnoxium:
1366 1791 2123 1844 & propterea nolle hoc facere: vterque istorum licite
1360 1834 2129 1887 faceret, nec peccaret: sed sortes melius faceret. ⁋ Vn
1363 1878 2126 1932 de hic notabis quod abbas potest praecipere inferiori
1365 1923 2122 1974 suo multifariam. Vno modo illicitum cognitum
1359 1975 2123 2036 tale: & in hoc non est ei parendum. nam praeceptu dei est
1363 2022 2133 2078 contrarium. & deo oportet plus parere qui hominibus. Actu
1365 2056 2120 2113 um. v. Vel praecipit secundum regulam: puta exequi aliquid
1356 2109 2129 2157 quod in regula continetur, vel sine quo regula seruari
1356 2151 2125 2197 non potest. & sic tenetur inferior superiori parere.
1371 2192 2120 2243 Vel percipit aliquid contra regulam: & sic vbi est ratio
1357 2240 2126 2283 dispensandi / parendum est. si autem non sit ratio
1369 2280 2135 2332 dispensandi, licet non desit auctoritas in dispensan
1360 2330 2119 2375 te: non est ei parendum. & hoc quando constat non
1360 2371 2135 2424 esse rationem. Si vero praecipiat aliquid in quo est du
1362 2415 2125 2465 bium an possit bene fieri: an male, parendum est: po
1357 2459 2132 2508 tissimum vbi superior est prudens. modo enim praeci
1363 2505 2138 2557 piat licitum & honestum etsi a regula alienum etiam
1366 2550 2123 2600 cognitum tale, turpe est non parere: potissimum si
1369 2591 2138 2642 sit facile factu: licet non sit peccatum. ⁋ Hactenus
1368 2638 2128 2681 de obedientia votorum essentialium potissimo vo
1362 2680 2124 2729 to: & in quibus de necessitate est parendum: in qui-
1362 2723 2131 2782 bus vtile: in quibus non necessarium: & in quibus
1358 2770 1543 2836 peccatum.
