2347 3313
492 332 1252 384 non probo suae religionis habitum reiicientes. ⁋ Quar
499 384 1258 436 to arguitur. sequaeretur quod vouens se professurum reli-
495 427 1243 484 gionem non satisfaciat suo voto coram deo / profiten
499 471 1252 526 do religionem in qua dissolute viuunt: & illi sit dis-
498 517 1255 561 suadendum illam religionem profiteri: & quod ipsi re
493 561 1240 609 ligiosi peccent suadendo aliis suam religionem profi
501 609 1250 657 teri. hoc est contra omnem praxim. & quod sequatur / patet
502 649 1247 704 intelligenti. ⁋ Respondetur concedendo illa tria illata
498 695 1247 751 primum quidem si non sit spes de propiquo bene vi-
487 738 1240 792 uendi. Sicut enim votum non tenet in omnem euen
502 781 1257 839 tum: ita nec potest vouens profiteri licite religionem
496 824 1243 873 dissolute viuentium in eadem. Nec sufficit quod pro-
489 870 1249 928 ponat alios reformare & reducere. quia citius eum
489 918 1243 965 peruertent quam ipse eos convertat, cum inueteratam
487 959 1248 1016 malitiam habeant. Secundum etiam concedo. nam
492 1004 1243 1047 elaborandum est omni ratione vt sic vouens pro
486 1045 1240 1094 fiteatur ordinem in quo bene viuitur: & dissuadendum
486 1087 1247 1147 ne coenobium dissolutorum ingrediatur: quia opor
492 1134 1249 1187 tet eum praeseruare quantum possibile est a pec-
487 1180 1244 1237 cato. lxxxiii. distinct. cap. i. Tertium simiter concedo se
487 1224 1249 1281 cundum responsionem Curisti ad Pharisaeos Matth.
496 1275 1231 1328 xxiii. Vae vobis Scribae & Pharisaei hypocritae qui
492 1310 1248 1372 circunitis mare & aridam vt faciatis vnum proselytum:
484 1356 1247 1405 & cum fuerit factus, facitis eum filium gehennae du-
483 1404 1247 1453 plo quam vos. Isti tamen habitum religionis deferunt: &
480 1448 1250 1491 intrinsecus sunt lupi & hypocritae. de quibus recte
493 1487 1250 1534 dicitur illud Esaiae. ix. Multiplicasti gentem non
480 1539 1253 1587 magnificasti laetitiam. ⁋ Quinto arguitur. est in
489 1577 1240 1638 tentio Sortis viuere sicut viuitur in hac religione
489 1621 1249 1673 & non aliter vt in secundo argumento dicebatur
490 1662 1235 1723 existimat nanque suas vires sufficientes ad viuendum
486 1709 1240 1764 eo modo quo nunc in hoc coenobio viuitur, non
481 1761 1250 1813 enim surgunt in media nocte: non ieiunant: non fa
483 1804 1250 1847 ciunt illa difficilia quae deberent ex institutione pa-
480 1845 1241 1901 trum, nec ipse est sufficiens seruare regulam refor
483 1891 1246 1940 matam. ergo non tenetur hunc rigorem seruare in
486 1933 1240 1979 religione manendo. Quicquid Hostiensis hic dicat
481 1977 1245 2032 dico esse eandem difficultatem de illo qui successu ten-
492 2020 1234 2080 poris debilis efficitur / vel senex profitetur religionem
487 2067 1231 2126 & incidit in morbum inopinatum post professionem
481 2107 1241 2174 is nutriatur in coenobio: & exigatur ab eo quod commo-
480 2150 737 2215 de facere potest.
489 2212 1243 2290 ⁋ Contra secundam conclusionem ar
480 2278 1248 2341 guitur. Coenobia reformans est multorum causa peccato
487 2329 1244 2383 rum. ergo male agit, consequentia est nota probatur
481 2374 1244 2428 antecedens: quia religiosi nouam regulam susci-
492 2413 1238 2466 pere nolentes quaerunt dispensationes / causas fin-
486 2465 1246 2511 gentes: & vestes exuunt / more sacerdotum non
481 2504 1244 2561 religiosorum viuendo, nonnunquam quod peius est, ne-
486 2554 1236 2600 mora ingressi transeuntes occidunt. ⁋ Respondetur. distin
480 2591 1234 2645 guendo quod reformans sit causa multorum peccatorum, vel
483 2641 1232 2689 per accidens: & sic conceditur. quo modo virtus interdum es
484 2685 1241 2728 causa per accidens superbiae. vel per se: & sic negatur.
492 2717 1241 2792 Adde quod reformatio est causa per se magni bo-
1327 328 2103 400 ni: quod scilicet reformati religiose & sancte viuant: &
1336 394 2091 452 placent deum orationibus pro peccatis populi: & ex
1332 438 2100 492 emplo & verbo populum instituant qui in male vi-
1336 483 2099 535 uentibus scandalizatur. ⁋ Secundo arguitur. Pa-
1339 525 2103 576 risiis vidimus difficile fuisse factu introducere re
1333 559 2097 631 formationem in conventus praedicatorum & mi-
1323 605 2091 673 norum / populo renitente: ergo signum est quod illi
1335 658 2096 706 quos irreformatos vocant, bene vixerint, & fue-
1336 702 2085 754 rint ita eruditi vt nunc sunt. Respondetur. boni & sapi
1330 744 2085 804 entes reformationem omnium religiosorum semper
1332 784 2094 848 quaesiuerunt: caupones autem, pastilliferi / pisto-
1321 832 2087 889 res & id genus homines eos ob bonum vtile vel dele
1333 875 2084 928 ctabile dilexerunt: quibus videbatur molestum eo
1320 921 2091 980 rum priuari consortio: praeuidebant nanque se non
1320 965 2083 1012 tantum lucri temporalis posse consequi a refor-
1326 1010 2088 1070 mate viuentibus, nec erat populus: sed plebs quae est
1323 1046 2084 1117 belua multorum capitum. & isti alios sinistre corrupe
1333 1103 2085 1147 runt & totam vrbem in reformatores commouerunt.
1330 1137 2096 1204 Secundo non cognouerunt bonitatem futurorum
1323 1186 2091 1248 sed putabant eos fore hypocritas: & alios vagae
1333 1234 2087 1290 vite probos. scimus tamen eosdem postea dixisse se
1326 1270 2076 1331 fuisse falsos. & nunc plus vno die exemplis & mo
1317 1320 2083 1365 ribus populus instituitur quam centum antea. In studiis
1320 1364 2093 1412 autem multo amplius isti pollent. sed non sola scien-
1326 1402 2083 1454 tia homines extollit. nam aliqui illorum doctissimi
1330 1453 2084 1504 euaserunt, sed multo peius saecularibus viuentes
1314 1487 2071 1554 literas & sapientiam quaestui exposuerunt: quos
1315 1528 2075 1598 literae fecerunt insanire: & arma cotra probos super
1323 1584 2078 1632 peditarunt. scientia nanque in corde mali / est ensis
1318 1630 2072 1675 in manu furiosi. ⁋ Ecce ergo quod religiosorum ali
1327 1674 2075 1733 qui non ceciderunt a sua institutione: qui optime
1327 1720 2081 1767 patrissant. de quibus dici potest illud Prouerb. x.
1327 1751 2083 1808 Filius sapiens laetificat patrem suum. vt Carthu
1320 1800 2072 1866 siani: & Caelestini in Francia. Aliqui lapsi sunt in
1321 1848 2068 1898 totis coenobiis & prouinciis in magno nuero: quo
1317 1894 2075 1951 rum aliqui sunt reformati re & nomine: nullo modo
1314 1939 2066 1986 retrocedentes, iam a multis annis: aliqui autem a
1314 1986 2069 2034 paucioribus. vtrunque bonum / licet alterum melius.
1330 2022 2070 2077 vtrisque autem dicitur illud Matthaei. iii. Poenitentiam
1327 2070 2080 2116 agite: appropinquabit enim regnum caelorum. Alii
1318 2110 2080 2163 non reformati manserunt, & manent: qui a patrum
1321 2153 2080 2205 limitibus longe errantes discesserunt: de quibus di
1320 2204 2073 2254 ci potest illud Threnorum quarto. Quo modo
1315 2247 2076 2304 obscuratum est aurum: mutatus est color optimus.
1315 2288 2074 2343 & egressa est a filia Sion omnis decor eius. Et Esa.
1314 2335 2069 2388 i. Aplanta pedis vsque ad verticem capitis non est in
1318 2380 2074 2432 eo sanitas. In quibus verificabitur illud Ecclesi. ii.
1321 2425 2066 2476 Si poenitentiam non egerimus incidimus in ma
1308 2467 2075 2525 nus domini. Quos est difficile reformare: tum ob opes
1312 2509 2063 2563 quibus conciliant sibi amicitiam magnatum: tum
1320 2561 2075 2613 ob proteruiam & inueteratam malitiam: iuxta il-
1315 2593 2063 2648 lud Hieremiae. xiii. Si mutare potest aethiops pel
1318 2642 2065 2711 lem suam / aut pardus varietates suas: & vos po-
1321 2688 1994 2750 teritis bene facere, cum didiceritis malum.
