2347 3308
457 334 1225 391 Nulla inter religiones omnes Carthusiam in boni-
459 381 1220 428 tate & securitate transcendit. loquor de religionibus
469 427 1229 475 factitiis & vulgaribus: sicut vulgo capimus religio-
471 468 1216 522 nem. & intelligo tam inter mendicantes quam non men
468 515 1228 560 dicantes. Supposito pro fundamento certo quod re
463 560 1222 607 ligio vulgaris non est perfectio sed perfectionis in-
471 599 1220 648 strumentum, ad hominem praeseruandum a peccato: si-
463 644 1223 701 cut medicina praeseruatiua sumitur ad praeseruandum
467 693 1220 737 hominem ne in morbum labatur. Religio etiam com
465 739 1225 792 paratur cuidam naui praeseruaturae hominem in hoc
472 784 1226 833 mati magno vt ad portum scilicet patriam deue
464 822 1223 874 niat. Omnes enim ad patriam eandem tendimus, variis na
459 876 1216 920 uibus vecti: & per varia itinera: & quolibet die / qua
471 911 1229 959 libet hora, quolibet momento ad mortem tendi-
471 948 1223 1009 mus: tacitisque senescimus annis. ⁋ His supposi-
469 1002 1231 1044 tis formo tale argumentum sensibile. Omnis na
463 1041 1228 1099 uis quae rarius a scopulis colliditur / sed suos ad
462 1092 1225 1143 portum ducit sine collisione, est securior quam nauis
467 1132 1225 1190 cuius multae costae franguntur: & in qua multi per
467 1172 1223 1234 eunt. sed sic est de naui Carthusiensium. igitur. conse
469 1222 1232 1277 quentia est nota cum maiore. Pro probatione mino-
462 1264 1222 1313 ris capio eorum regulam, & quicquid cerimoniarum
472 1316 1220 1361 obseruant, pro eorum naui. Praeterea Carthusienses
465 1355 1222 1410 praecesserunt mendicantes omnes ad centum &
468 1402 1225 1449 xxx. annos: nec vnquam audita est in terris vna eorum
469 1442 1220 1488 domus lapsa. si vnus illorum in vna domo la-
474 1479 1220 1541 psus inueniatur, quod mirum cum ludas in sacro illo
474 1527 1229 1585 apostolorum duodenario repertus sit filius perdi-
461 1573 1225 1627 tionis? Accepi autem nauim vnius religionis colle
468 1623 1223 1673 ctiue pro aggregato omnium nauium ad vnam
469 1674 1235 1714 religionem spectantium. Quot enim sunt coenobia:
471 1710 1235 1758 tot sunt particulares naues. Nulla ergo nauis car
465 1753 1232 1804 thusiae a prima ipsa institutione inueta est fracta:
465 1792 1223 1847 non est sic dae aliis nauibus religionum, quod patet
465 1841 1232 1889 inductiue. nam multae aliarum religionum naues
470 1880 1223 1937 sunt collisae: & asseres a toto corpote nauis sepa-
474 1925 1231 1977 rati: quos boni patres redintegrare (quod reforma-
471 1974 1222 2019 re nunc dicimus) & nauim instaurare studuerunt:
473 2015 1224 2071 quibus callidus hostis / & peruersi religiosi quantum
465 2067 1235 2117 possunt / obicem praestiterunt. Nunquid sanctus Bo-
465 2104 1222 2160 nauentura statim veniens post suae religionis ini
468 2152 1222 2199 tium conatus est eam restituere: & postea in con-
465 2190 1219 2248 cilio Constantiensi aliqui boni patres conscientiam fa
468 2240 1222 2284 cientes quod non essent in statu salutis, facultatem habu
468 2278 1226 2340 erunt subtrahendi se a generali remige. Sed et nunc aliqui
468 2324 1228 2386 viuentes, illius religionis student cum sua vnione
475 2368 1220 2415 facere: quod dominus concedat. Inter praedicatores simile vidi
465 2412 1225 2463 mus. ldem circa monachos & canonicos his annis
479 2457 1226 2511 pximis conspeximus: dum loannes Standonct Me-
465 2503 1219 2557 chlinianus / totus charitate ardens pro hoc pio os
466 2544 1229 2593 ficio seipsum penitus expendit. res est adeo nota de
471 2588 1220 2639 aliarum religionum lapsu / & multorum reluctatio
475 2634 1220 2688 ne ne ad patrum limites redeant: vt nemo nisi cae
466 2680 1222 2732 cus non videat. ⁋ Secundo arguitur ad idem. Vera reli-
463 2726 1216 2780 giosorum intentio cadit in nauim Carthusiensium:
1297 325 2063 398 ergo nauis illa est secura in mari. antecedens patet: quia apud
1306 392 2071 433 eos optime seruatur paupertas. nulius enim religio-
1300 431 2057 478 sus potest habere proprietatem in aliquo: intelligo in
1296 476 2066 531 rebus vsu non consumptibilibus. nullus eorum habent
1297 516 2065 572 denarium: sed vestes & necessaria solum: quoniam nec
1303 568 2056 611 aliquorum eget, quia assidue manet in coenobio: por
1302 609 2063 664 tionem, vestes / & omnia habet sufficienter. ergo non
1302 653 2075 700 est possibile mendicanti religioso paupertatem me-
1305 695 2063 741 lius seruare. Isti namque religiosi viri necessaria ha-
1297 741 2066 791 bent sine sollicitudine vt deo vacent. Prior eorum
1302 791 2071 837 non habet laicorum vllum, famulum: sed cogitur veni
1302 833 2066 879 re cum aliis tam ad matutinas quam ad alia officia. Casti
1308 878 2068 932 tas praeterea apud eos seruatur: mulierum nulla ingre
1295 923 2062 974 ditur vnquam, nec ipsi (quod ponderandum est) egrediuntur:
1296 965 2062 1016 nisi prior vel procurator in necessitate. Obedientia
1296 1009 2065 1065 etiam. nam optime seruant regulam: cum seruent naues
1308 1053 2062 1102 particulares integras: quod est seruare obedientiam. ta-
1302 1093 2068 1148 citurni consistunt in cellulis secundum illud Baptistae.
1303 1140 2063 1188 Hinc carthusiacis aeterna silentia claustris. sunt mor
1299 1187 2069 1239 tui mundo vt viuant deo: nunquam vescuntur carni-
1315 1236 2066 1280 pus: induuntur continuo ad carne cilicio: dormiunt
1309 1270 2065 1316 in straminibus / num quam in plumis: ad matutinas ho
1297 1315 2065 1373 ra decima surgunt: in diebus festis hora nona, ad
1311 1364 2068 1408 tertiam vsque orantes: die veneris in pane & aqua
1308 1404 2069 1460 ieiunant, cum multis aliis rigidis cerimoniis: & tamen
1302 1449 2069 1498 adhuc perseuerant. ⁋ Tertio arguitur. Fundator pau
1308 1492 2060 1545 perum studentium nostri collegti Montis loannes
1308 1542 2069 1592 Standoclt / consilio sapientum motus curam & mo-
1311 1581 2062 1634 deramen primum collegii priori Carthusiae reliquit:
1297 1632 2072 1673 non ob aliud nisi quia ex anteacta vita iudicauit
1303 1670 2059 1725 continuationem Carthusiensium solidissimam, & per-
1302 1712 1625 1770 seueraturam. igitur.
1309 1772 2063 1857 ⁋ Contra hanc conclusionem arguitur
1312 1839 2068 1886 sic. Minores nihil habent: & ita sunt nimis solliciti
1312 1884 2059 1940 circa bona habenda. habentes autem in communi nimis habentus
1306 1929 2056 1974 & sic aliquid viscositatis habent amnexum. aliqui pauca bo
1297 1981 2063 2030 na habent pro tempore in communi, & nihil in proprio
1296 2017 2065 2074 & illi nihil viscositatis & sollicitudinis habent, quae-
1302 2059 2066 2105 les sunt praedicatores. ⁋ Respondetur. Antoninus
1311 2105 2062 2153 praedicator hoc argumentum facit: sed quantum carthu
1297 2156 2072 2203 sienses concernit: nego quod habere immobilia in
1305 2196 2059 2240 communi ad sufficientia sicut Carthusienses vtunt
1306 2240 2060 2288 aliquid viscositatis habeat. nam non minus bo-
1299 2284 2074 2336 num est / si non maius, habere bona more Carthu
1306 2326 2057 2374 siensium quam patica more praedicatorum. Illud autem at
1299 2373 2066 2425 gumentum est contra omnes religiosos habentes red
1300 2426 2068 2474 ditus in communi: qui vno ore dicerent se esse paupes: vt
1306 2460 2060 2517 paupertas cotra proprietatem distinguitur: aeque atque
1305 2508 2057 2566 mendicantes. & alios esse sollicitos plurimum pro
1302 2546 2054 2596 bonis habendis. ⁋ Secundo arguitur. Carthusi
1300 2596 2056 2650 enses sibi solis deseruiunt: mendicantes autem praedi
1303 2637 2060 2695 cant / audiunt confessiones, & multa similia faciunt quam
1299 2680 2056 2728 non faciunt Carthusienses. ergo plus merentur.
1294 2725 2074 2797 ⁋ Respondetur. multifariam hoc argumentum diluitur.
