2306 3314
267 296 1040 364 primo quamuis se solos saluarent, cum non sint obliga
274 351 1037 399 ti alios saluare: est ne hoc parum: quinimo debemus
267 397 1031 446 omnes super hoc gaudere. Secundo nego quod sibi solis de
277 443 1033 504 seruiant. nam orant tam pro se quam proaliis. num quid deus vo
276 487 1030 538 luit parcere pentapoli si dece iusti fuissent in ea re-
267 531 1025 587 parti? Propter bonos enim deus differt punire multos
265 578 1034 628 malos: & sic peruersis / eorum sancta vita prodest. Ter
271 624 1028 675 tio aliquae eorum scribunt: & recta dant consilia peten
267 664 1034 714 tibus. Quarto praedicant vita: illa autem praedicatio est
282 707 1025 753 raedicatione verbali & verborum multiplicatione
265 751 1034 798 longe efficacior & vehementor. Da duos sacerdo-
270 793 1036 849 tes in vrbe tua / sortem simplicem exemplaris vi
270 841 1024 898 tae: & platonem male vitae / sed verbi diuini declama
277 886 1025 934 torem dicacem. vter istorum plures ad rectum iter attra-
270 930 1025 983 hit & allicit: nonne facto praedicans? Soleo ego dice-
267 979 1021 1024 re: cum gratia leuandi spiius, circa muros Parisienses
265 1017 1025 1070 deambulo: Carthusiensium domos separatas contem
267 1066 1024 1119 plando: domos ipsas praedicare, & eorum campanam ho
264 1108 1034 1166 ra nona dum caeteri vadut cubitum. ⁋ Tertio arguitur
277 1151 1037 1201 Carthusienses sunt cauti. nam manent inclusi: & si
280 1198 1034 1244 peccent, eorum vitia non deprehenduntur. aliorum autem
265 1236 1034 1289 in publicum prodeuntium vitia facile deprehenduntur.
265 1286 1027 1344 & sic iudicamus Carthusienses bonos, quia non con
274 1324 1034 1378 stat nobis de opposito. ⁋ Respondetur. consulto sic
271 1377 1028 1421 obiicio vt proteruo in absentia respondentis satisfiat.
276 1417 1028 1468 dico quod alii multi religiosi ab initio ita parum se-
283 1461 1036 1508 ta coenobii egressi sunt. Et addo quod si eorum vita
264 1508 1024 1562 foret iniqua: prodiret in publicum: & ambitiose prio
256 1548 1025 1600 res se erigerent multitudine clientum stipati: ac eos
259 1598 1031 1643 inuisentes eorum errata cognoscerent. Non tamen iu
265 1641 1024 1684 dico eos impeccabiles: nec per naturam, nec per gra-
258 1685 1021 1730 tiam: sed cum non constet de opposito: secundum regulam
264 1728 1030 1777 euangelicam non debeo aliter iudicare de fratre meo.
280 1771 1034 1829 Addo vltra hoc, me facile cognoscere quod parum
277 1819 1031 1870 peccant. Si enim Alex. Halensis / conterraneus: & alii
269 1868 1030 1917 in. xvii. distinctione. iiii. ausi sunt dicere quod multi
264 1909 1024 1960 perstant vno anno sine mortali: illic non minus serua
265 1953 1034 2007 tur quam in quauis religione. ⁋ Quarto arguitur. Non
267 1996 1031 2042 clarent tot miraculis vt alii religiosi: nec habent
271 2039 1024 2085 tot sanctos canonizatos. ergo non est in eis si-
270 2083 1034 2140 gnum tantae sanctimoniae. ⁋ Respondetur. mira
264 2126 1021 2179 culorum multiplicatio est res caeca: & miraculorum
267 2169 1025 2225 a non miraculis discretio. Minores namque sancti cre
265 2216 1019 2263 bro pluribus miraculis fulgent quam maiores: de quo
262 2260 1019 2314 rum sanctimonia minime dubitatur. & sic de cano
265 2301 1019 2354 nizatione. aliqui enim si sollicitarent apud sedem apo
262 2347 1031 2399 stolicam habere sanctos canonizatos: facile ipe
271 2391 1034 2443 trarent: sed non expedit. nam miracula saepe fiunt
273 2438 1019 2495 vt dicit Gerson & bene, ob incredulos in regione
265 2481 1030 2532 aliqua: & facientem non sufficienter arguunt plus
270 2525 1022 2571 sanctimoniae habere quae non donatum miraculorum
270 2570 1022 2630 numero. Vbi autem sanctimonia est nota: quid est opus
274 2614 1022 2665 miraculorum multitudine? Refert cancellarius Pa
268 2661 1030 2705 risiensis in secunda parte, obiectionem de cano-
265 2702 1033 2776 nizatione sancti Thomae / quod non claruerat mul-
1113 306 1873 365 tis miraculis, cui pontifex respondit non esse la-
1104 361 1870 412 borandum de miraculis eius. nam tot miracula fecis-
1109 404 1869 464 se, quot quaestiones determinauerit. Simile in secun
1104 454 1866 503 da parte dicit de Augustino & Hieronymo & Gre
1113 491 1861 543 gorio: cum habuerint probationem sanctimoniae
1114 529 1880 592 in eminentia doctrinae. Et ostendo illud rationabil in
1104 582 1868 632 ter dictum. Nam cum omne opus suum circa vtilitatem
1108 619 1865 680 spiritualem reipub. applicauerint bonis omnibus for-
1113 669 1870 719 tunae conculcatis: signum erat bonitatis vitae in
1101 714 1880 772 eis. Praeterea loannes Baptista, Carthusiensium pa-
1110 757 1874 812 tronus, nullo in vita claruit miraculo vt loannes
1104 808 1880 853 euangelista testatur: quo inter natos mulierum non sur-
1105 845 1877 895 rexit maior: testimonio oris diuini. In super habere
1104 889 1868 938 fratres in conuentu miraculis clarentes eis obes-
1105 934 1872 987 set. nam indoctum vulgus quod miraculis concitatur i
1113 979 1865 1033 eos maxime infestaret pro sanctis illis visitandis.
1107 1022 1871 1072 quod indicat quaedam eorum historia anni domini du-
1104 1071 1872 1125 centesimi supra millesimum. Quidam namque defum
1101 1108 1862 1162 ctus miraculis claruit: gratia cuius fratribus mirum
1105 1152 1865 1213 in modum populus erat molestus. Quem coenobii
1116 1198 1870 1248 prior sic affatus est. Desine fili in virtute sanctae
1111 1247 1876 1295 obedientiae quam semper seruasti / a miraculis: & per
1111 1288 1873 1340 mittas commilitones tuos tramnquille viuere sub mo-
1114 1329 1870 1385 dio vt portum felicem attingant tecum: & non sis eis im-
1117 1374 1870 1430 pedimento, quod & factum est. Dico esse opus heroin
1105 1422 1862 1482 cum, regulam diu seruare: esto (quod humanum est)
1110 1463 1865 1513 interdum labantur / dummodo resurgant. ⁋ Quin
1104 1511 1871 1569 to arguitur. regula eorum non est approbata ab ec
1113 1553 1872 1615 clesia: ergo nauis eorum non est tantae securitatis quan
1110 1596 1871 1650 tae ego pdico. ⁋ Respondetur. duplex est approba
1105 1642 1877 1693 tio. quaedam verbalis: de qua conceditur antecedens. alia ta
1111 1687 1882 1737 cita & virtualis. de qua negatur. Hoc amplius decla-
1110 1734 1866 1782 ro. nam ante mendicantes non erat haec approbatio vo
1104 1768 1868 1824 calis, quod patet de Augustino Hieronymo & aliis
1107 1821 1870 1869 religionum institutoribus: quos vitae sanctimo-
1104 1868 1870 1916 nia approbauit: & postea donati erant priuilegiis
1110 1908 1873 1970 ab ecclesia. Sed vbi religiosi mendicantes pullu
1099 1955 1871 2009 lare coeperunt: & fratres suos multiplicarunt: ac vt
1101 1999 1865 2047 multis visum est / excessiue, tulit legem pontifex ne
1110 2039 1865 2090 de caetero illud fieret sine sua approbatione. vis
1102 2086 1861 2138 meliorem approbationem habere quam bonam vitam in tor
1099 2129 1870 2175 annos continuatam? ⁋ Sexto arguitur. Multis bo
1105 2174 1856 2224 nis abundant: & vt superius dixi, multitudo bono
1105 2218 1865 2269 rum non est instrumentum bonum attingendi portum. Reaspon
1099 2263 1865 2325 detur. si non deficerent in aliquo: non essentin hoc ma
1108 2310 1865 2357 ri magno: sed in portu. veruntamem nego quod in hoc de
1099 2354 1869 2407 ficiant. nam accepi eos plus eleemosynatum dare quam reli-
1107 2395 1868 2447 quos multos. Dicunt namque mihi studentes se ab eis
1105 2443 1858 2488 largiorem victum consequi quam ab omnibus religiosis domi
1108 2485 1856 2533 bus Parisiis. Vlterius intellexi quod vbi religiosi men
1110 2527 1859 2588 dicantes reformate viuentes eos accedunt: recipiam
1104 2572 1852 2623 tur charitatiue ad duos, vel tres dies. Nego ergo
1111 2619 1856 2670 quod habeant bona superflua vllo modo, quod iterum osten
1098 2662 1865 2712 do. Quid enim cuiqui eorum conducerent: cu nullus acci
1096 2711 1859 2772 piat denarium vnquam: nec priorpossit dare aliquid con
