2279 3327
226 344 989 440 Sortes est magister Parisiensis: ergo Sortes est
243 420 992 469 homo Parisiensis. Et licet hanc distinguere ex fun
228 454 994 521 damentis logicae possemus: minister est malus: pe
231 504 980 559 nes hoc quod adiectiuum a parte praedicati positum potest ha-
228 544 982 605 bere subiectum pro substantiuo: vel includere seu dare
230 588 983 658 intelligendum pro substantiuo terminum absolutum sup-
222 634 983 697 ponentem pro re pro qua accipitur subiectum, vt homo, res
240 675 988 736 vel huiusmodi secundum exigentiam congruitatis: tamen de
228 721 902 790 secundo modo intelligimus in hac quaestione.
236 774 988 866 ⁋ Intentione nostra praemissam: in quo
223 849 979 916 sensu quaestionem tractare proponamus: ad eam responi
241 893 984 951 deo per conclusiones sequentes: quarum Prima est.
235 939 986 997 Praecisus ab ecclesia, haereticus vel infidelis inten-
241 985 986 1043 dens facere quod ecclesia intendit, vtendo forma bapti
230 1027 983 1090 smi & aqua, vere baptizat. Probatur haec conclusio
230 1075 985 1135 per Nicolaum papam ad consulta Bulgarorum. xv. qui. S.
243 1118 982 1178 ca. fi. qui dicit. Quniam mali bona administrando se
240 1159 992 1223 tmummodo laedunt &c. Fax accensa sibi quidem detrimen
235 1206 989 1264 tum praestat: aliis vero lumen in tenebris administrat:
234 1246 996 1307 & vnde aliis commodum exhibet, inde sibi dispendium
240 1292 983 1358 praebet. Sumite ergo ab omni sacerdote intrepidi
239 1338 979 1398 Christi mysteria: quia omnia in fide Curisti purgantur
232 1381 987 1441 Hoc idem habet Augustinus contra Petilianu in li-
242 1437 988 1484 bro de baptismo. Et probatur haec conclusio ratione.
231 1468 992 1530 De essentia huius sacramenti solum sunt materia
231 1512 983 1574 baptizandus, forma, intentio, & minister, quam est qua
242 1558 992 1617 cumque creatura rationalis. ⁋ Secunda conclusio. licet
230 1602 986 1667 immo praeceptum est, sine peccato baptismum petere in
240 1647 995 1709 necessitate: tam pro se quam pro paruulo: a praeciso fideli, vel
240 1691 986 1753 aliter prohibito: & non extra necessitatem. Probatur haec
245 1735 985 1797 conclusio quo ad priorem partem: nam si non liceret: hoc
237 1786 998 1834 esset propter prohibitionem ecclesiae: sed hoc non: quia
234 1824 998 1891 lex dei est de suscipiendo baptismo strictissime
237 1868 995 1930 obligans vbi haberi potest: sed in necessitate adultus
234 1915 981 1970 est moriturus, & nullu alium habet nisi praecisum. igil
236 1959 998 2017 Non valet dicere quod sufficit ei sua voluntas bapti
240 2006 995 2069 zandi: quia illa no sufficit: sed obligatus maneret
241 2042 992 2101 vbi haberetur communis ecclesiae minister: nec illa obliga
235 2092 983 2141 tio diuina tollitur propter prohibitionem ecclesiae. igitur
240 2134 998 2189 Et a fortiore tenetur petere baptismum pro suo puu-
244 2177 998 2236 lo, quod patet per eandem rationem. & est alia etiam: quia ali
244 2224 989 2278 ter erit perpetuo damnatus poena damni: ad cuius l
243 2268 989 2326 berationem ille tenetur. Secunda pars conclusionis pa-
244 2310 991 2367 tet. quia prohibitum est talibus communicare / & potissimum
235 2356 989 2413 in sacramentis: vt patebit amplius distinctione. xviii
237 2397 1001 2457 in materia excommunicationis. ⁋ Tertia conclusio.
249 2444 1001 2501 licet mihi suscipere sacramentum a superiore meo
241 2487 1004 2557 malo ministro non praeciso, licet sciam eum peccare sa
247 2536 989 2589 cramentum conferendo. Probatur haec conclusio. incumbi-
254 2578 1005 2632 mihi sacramentum suscipere pro me vel meis: & mihi
250 2621 1004 2678 displicet quod peccet: immo est vero simile si non susci
250 2672 1001 2729 perem ab eo magis peccaret contra me irascendo quod
250 2725 994 2768 eum contemnam, vel emolumentum curato debitum tolla
243 2755 1001 2819 & quia eum a peccato veto: propterea eius peccatum
1059 340 1822 407 mihi non impuntabitur. Secundo probatur idem. si non
1058 405 1820 456 liceat ab eo sacramentum suscipere: hoc est quia
1062 447 1813 499 scio eum peccare in conferendo. sed hoc non obstat.
1066 484 1819 546 igitur. probatio minoris: quia si sic, non possem ca-
1074 541 1819 595 pere ad vsuram quando egeo ab vsurario: quem pec-
1063 581 1811 632 care nosco pecuniam foenebrem dando. cuius op-
1072 625 1819 672 positum dicetur distinctione. xv. huius. ltem licet susci
1075 668 1811 725 pere iuramentum viri iurantis super idola pro bono spi
1055 716 1823 775 rituali: ita enim fecit Iacob cum Laban. Gen. xi. igitur.
1064 763 1820 846 ⁋ Contra primam conclusionem ar-
1072 836 1814 901 guitur auctoritate Cypriani martyris, & recitatur
1072 887 1820 937 xxxii. dist. c. Praeter. S. Haec de malis. vbi sic dicitur.
1064 926 1814 984 Cyprianus martyr &. lxxx. episcopi cum eodem ba-
1075 977 1814 1032 ptisma haereticorum lauacrum diaboli appellant.
1071 1017 1811 1079 ⁋ Respondetur. In hoc non est tenendus beatus Cyi
1081 1060 1820 1119 rianus. stati enim post verba allegata inter arguendum
1073 1107 1823 1164 ponitur. Stephanus vero & Cornelius martyres &
1084 1152 1823 1212 ontifices Romani i & venerabilis Augustinus in
1072 1195 1817 1255 libro de baptismo eundem Cyprianum & perfatos epi-
1068 1238 1820 1301 scopos ob hanc causam vehementer redarguunt, af
1066 1284 1817 1338 firmantes baptisma / siue ab haeretico / siue schisma
1070 1326 1823 1377 tico / ecclesiastico more celebratum, ratum esse. Et li
1065 1372 1814 1431 cet tenuerit haeresim, non sequitur quod fuerit haereticus
1064 1416 1811 1474 quia vltra haeresim ad haereticum pertinacia requiritur
1069 1459 1826 1518 et si non tenebatur beatus Cyprianus hoc scire ex-
1072 1507 1826 1564 plicite (quod est forte verum) nullo modo peccauit:
1080 1553 1814 1615 prout latius quaestione secunda prologi diximus. Sed
1071 1608 1820 1655 dicis. vetula assentiens praelato praedicanti haeresim pec-
1068 1638 1823 1691 cat. ergo & Cyprianus, quamquam non tenebatur assentire
1071 1684 1829 1738 opposito. Respondetur. antecedens est falsum: quando
1066 1727 1817 1778 non tenetur oppositum scire explicite. Positio enim Ali
1068 1777 1828 1832 tisiodori est nulla: quod sic probo. vetula potest assenti
1077 1816 1819 1879 re praelato praedicanti propositionem quam num quam ante audi-
1080 1861 1820 1913 uit: & no est in potestate mulieris quod platus praedi-
1065 1911 1823 1964 cet verum vel falsum: ergo assentiens falso, cuius op
1065 1950 1825 2011 positum non tenetur scire, no minus meretur quam vero as
1068 1997 1814 2049 sentiens: sicut cadit meritum in actum intellectus. Pri
1071 2037 1817 2096 terea sic arguitur. cuilibet praedicato cuius opposi
1077 2084 1817 2139 tum non tenetur vetula scire, sui curati clarae fami
1081 2139 1822 2188 potest ipsa assentire: sed Thobias non habuit
1079 2176 1826 2226 vnum canem, est huiusmodi: ergo illi potest assenti-
1066 2215 1816 2266 re. Sed dicis. dubius in fide est haereticus. de haere
1069 2259 1829 2312 ca. Dubius. Respondetur pronunc, hoc intelligi in
1066 2310 1828 2357 his quae quis scire tenetur: & quando scire tenetur.
1070 2346 1831 2407 In distin. xxiii. tertii. prolixius ad illam propositio
1072 2395 1388 2455 nem respondemus.
1071 2454 1834 2538 ⁋ Contra secundam conclusionem arguitur.
1081 2520 1829 2580 Ex illa conclusione sequitur quod quilibet baptismum
1081 2577 1829 2622 administrans in necessitate non peccaret: & per conse-
1078 2617 1822 2676 quens laicus posset baptizare: quod est falsum: vt
1071 2656 1829 2722 patet in. c. Decernimus. de iudiciis. illic dicitur quod lai
1080 2705 1823 2754 cus non potest exercere ecclessastica iudicia: mo
1078 2753 1831 2815 do baptismus est quid spirituale. ⁋ Responde-
