2308 3316
203 404 952 454 munis stipes: non enim potest esse ludas quia ab eo non
207 449 962 499 descenderunt ambo. respicias semper ad immediatum quem
204 488 956 539 inuenies, a quo ambo mediate vel immediate descen
201 532 953 590 dunt. Aminadab autem est sextus ab Iacob, Matth. i
199 581 959 638 ergo in quinto gradu cum ipso per tertium corollarium li
204 623 956 681 neae rectae: & Manasses est tertius ab lacob: ergo in se
205 666 955 721 cundo gradu cum ipso. igitur compertum est quod Aminadab
204 718 953 768 est in quinto gradu & Manasses in secundo: ergo ex
202 757 959 812 regula iineae collateralis sunt in quinto gradu quo ad
208 800 956 856 matrimonium. Quintum corollarium. primus gradus com
201 844 950 900 sanguinitatis est secundus consanguinitatis, probatur
201 890 953 944 ludas est primus gradus in ordine ad Iacob: & secun
208 930 958 988 dus in ordine ad Isaac auum eius in primo gradu, ad
195 977 962 1034 hunc sensum quod significatur per primum. eodem modo po-
201 1025 953 1071 tes concludere quod primus gradus consanguinitatis est
199 1068 956 1119 septimus. Sextu corollarium. haec consequentia est bona
205 1120 958 1165 ego & tu summus in hoc gradu aequali: & ego possum
195 1154 953 1215 capere filiam tuam: ergo tu filiam meam. Eodem autem modo
204 1198 952 1252 inferendo consequens negatiuum, ego non possum caperi
192 1250 959 1303 tuam: ergo nec tu meam, in linea inaequali: consequentia
208 1296 962 1343 est nulla. ⁋ Praeterea nontambis alium esse modum suppu
199 1332 955 1379 tandsex legibus, quim talis est. In linea recta seruetur idem
201 1381 959 1429 modus qui in iure pontificio. in linea collaterali est
207 1422 950 1473 discrimen. Collateralium in linea aequali quoto gradu
211 1466 962 1522 distat quis a communi stipite: toto duplicato distant
201 1511 952 1560 inter se. Quo fit vt duo fratres sint in secundo gradu
204 1553 956 1603 consanguinitatis secundum leges: vt Priamus & He
202 1598 962 1651 ctor faciunt vnum gradum. Priamus & Alexander alium
207 1648 962 1693 & per consequens Hector & Paris sunt in secundo gra-
194 1689 952 1735 du. sicut Parisii a Corbolio distant septem leucis: a
201 1734 956 1787 Pontisara totidem: ergo Pontisara & Corbolium distant
204 1775 964 1826 xiiii. leucis inter se. Sed tunc secundum leges dabis
208 1819 961 1867 secundum gradum & quartum, & non primum & tertium. so
205 1865 966 1912 lum autem est discrime in modo loquendi. sed modum
198 1912 965 1963 canonis seruare oportebit in hac materia sacramen
192 1960 955 2010 torum. In linea enim inaequali quot sunt personae stipiti
201 1999 964 2055 dempto, tot sunt gradus. Diuersa autem supputatio
207 2039 959 2099 secundum leges, & Canones fit ob aliam atque aliam casm
207 2090 956 2138 vt prolixe ostendit Alexander Secundus. ca. Ad sedi
195 2132 956 2186 apostolicam. xxxv. qui. v. & per consequens neuter modus
192 2172 973 2231 est reprobandus in sua via. vnus propter haereditatem
189 2220 862 2267 & successionem: alter ob matrimonium procedit.
262 2315 963 2394 ⁋ Distinctionis Quadragesimae
387 2370 781 2459 Quaestio Secunda
546 2458 967 2546 Ecundo in hac qua-
550 2527 963 2591 dragesima distinctione qui
538 2575 971 2635 rtio an consanguinitas impe-
543 2620 976 2671 diat matrimonium. ⁋ Pro so
549 2664 968 2721 lutione quaestionis pono con-
535 2708 953 2766 clusionem hypotheticam. Quam au
474 2749 964 2799 gante dies Innocentii tertii no
178 2792 971 2858 poterat contrahi matrimonium citra septimum gradum:
1032 388 1787 455 post eum matrimonium est licitum supra quartum gra-
1029 444 1787 501 dum, & non citra. prima pars patet per Isidorum Ety-
1024 493 1790 542 mologiarum libro. xi. c. vi. &. xxxv. qui. v. per totum.
1032 532 1790 585 beatus Gregorius tamen dispensauit cum An-
1026 586 1787 631 glis & non tenuit legem communem quia recenter erant com-
1027 629 1790 675 uersi ad fidem: vt citra septimum contrahere possent.
1029 664 1787 717 Secunda pars patet de consangui. & affi. c. Non de-
1030 709 1787 757 bet. Vtrumque autem erat rationabile. nam in principio
1024 751 1790 808 nascentis ecclesiae homines diutius seruabant ami
1026 800 1780 853 citiam quam postca. ideo tempore Innocentii ampliata
1027 846 1789 896 est materia matrimonii a generali concilio. de consan
1023 888 1790 940 guini. & affi. c. Non debet, non enim semper conveniunt
1023 930 1781 988 eaedem leges. Sed petis. si duo contraxissent in quina
1030 980 1790 1031 to gradu / anno ante determinationem concilii: an
1033 1022 1781 1072 post determinationem fuisset verum matrimonium.
1032 1062 1781 1114 Dico quod sic si denuo consensissent post constitu-
1030 1105 1790 1160 tionem. sed sine dispensatione ante non erat matri
1030 1162 1787 1210 monium. si autem postea dissensissent, vel eorum alter
1020 1190 1387 1249 non fuisset matrimonium.
1032 1279 1795 1354 ⁋ Contra hanc conclusionem argu-
1035 1339 1783 1389 mentor. Paucae sunt personae exceptae Leuiti. xviii. ci
1033 1383 1792 1429 omnes igitur aliae erant relictae idoneae ad contrahendum matri
1033 1425 1795 1474 monium. ergo ecclesia non poterat illam materiam sacra-
1029 1468 1784 1531 mentorum arctare. quia pari ratione posset facere quod non
1038 1511 1784 1566 sit consecratio in vino rubro: vel non sit baptismus in
1032 1556 1789 1603 aqua puteali vel fontali. Rursus ludaei contrahunt
1029 1602 1789 1647 in secundo gradu & in tertio in linea collaterali de di-
1032 1641 1798 1709 uor. c. Gaudemus, nec est dicendum quod in hoc peccant.
1029 1691 1787 1737 ergo christiani contrahere possunt. ⁋ Respodetur ne
1042 1733 1796 1793 gado quod pontifex non potest inhabilem facere hunc virum
1032 1778 1789 1839 in ordine ad hanc mulierem. & distinguo quod materiam
1029 1823 1795 1869 sacramentalem restringere possit: vel vbi illud depen
1036 1867 1793 1916 det ab vno contractu naturali antequam sacramentu con
1038 1912 1798 1967 pleatur: & sic conceditur, vt est in matrimonio. In aliis
1030 1958 1786 2004 autem sacramentis a Christo institutis non dependentibus
1041 2002 1798 2051 ab vno contractu naturali non potest impedire quinu homines
1042 2047 1798 2098 sacramentum perficiant: licet interdum male agant. sed mate
1033 2087 1798 2148 ria baptismi / confirmationis / eucharistiae / sacerdotiii &
1036 2135 1796 2188 extremae vnctionis non dependent ab vno contractu na
1042 2182 1796 2229 turali. nam aliquis est sacerdos in cunabulis: licet dis-
1039 2224 1799 2270 sensus impediat ordines in adulto. In sacramento poe
1033 2268 1799 2329 nitentiae potest subtrahere materiam, vel quo ad hoc
1035 2313 1799 2368 peccatum: sed non potest restringere subditum tempore quo
1029 2355 1793 2404 est talis / respectu sui superioris. vt si panis triticeus
1038 2402 1792 2447 fuerit subtractus consecrare nequit presbyter. Et il
1041 2440 1796 2497 lud est rationabile. cum enim totum corpus Christi mysti
1045 2487 1796 2542 cum a matrimonio dependeat: relicta est cura ecclesiae de
1047 2533 1801 2586 dispositione illius. Ad secundum conceditur antecedens. er-
1045 2577 1799 2632 go christiani: consequantia est nulla: quia nos illegitimat
1042 2623 1802 2678 illos autem non, secundum illud apostoli. i. ad Corith. v. Quid
1045 2669 1796 2715 enim mihi de his qui foris sunt iudicare? ⁋ Sed contra
1045 2710 1805 2757 istud argumentor. ducat Isaac iudaeus Annam iudaeam
1042 2756 1805 2803 in secundo gradum: & convertantur ad fidem: iam dabis duos
1047 2798 1804 2859 christianos in secundo gradu consanguinitatis com-
