2326 3304
506 334 1268 397 Abelis, & Isaac frater Ismaelis: ergo Isaac & Cain
504 396 1255 443 erant fratres. in consequente enim denotatur quod erani
503 429 1265 488 fratres inter se: in antecedente vero quod erant fratres
504 481 1259 530 ad alios: & hoc patet quando sequitur obliquus. ⁋ Quin
506 519 1265 570 to arguitur. Titius in quarto gradu potest ducere
506 564 1256 615 Bertam in quinto: quamquam ex parte patris & matris de
499 613 1255 663 scenderunt: & maior est coniunctio sanguinis ir
507 650 1268 709 eis in illo gradu quam duorum in quarto gradu ex vna
507 696 1271 755 parte tamenm / puta vel patris vel matris. Negatur mi-
508 747 1261 791 nor. nam ecclesia non curat siue ex vna parte descen
507 782 1265 836 dant siue duabus. ⁋ Sexto arguitur. Sortes potest con-
505 826 1265 874 trahere cum sorore sua: ergo male dictum est, non du-
504 873 1265 927 bitas de consequentia. Probatur antecedens: quia Sortes
510 914 1271 969 & plato contrahunt cum sororibus suis: posito quod sor-
511 961 1265 1015 tes capiat sororem platonis, & econverso. Respondetur.
507 1005 1259 1058 sortes est frater Bertae, & Plato frater Tebergae: er-
513 1052 1262 1101 go sortes & plato sunt fratres istarum. Fodem modo
504 1098 1273 1150 Berta & Teberga sunt sorores istorum, cum vna sit
499 1139 1258 1193 soror vnius / & alia soror alterius. Tertia propositio
502 1184 1270 1231 duo viri habent sorores suas sine dispensatione vxo
513 1225 1271 1273 res, nec denotatur quod quis habeat sororem suam quamuis
504 1266 1265 1325 ponatur relatiuum reciprocum, propter pluralem nu-
504 1322 1258 1364 merum. Quarta propositio. duae mulieres habent fra-
504 1356 1253 1402 tres suos legitimos coniuges. Quinta propositio
502 1396 1250 1445 Nulli licet in lege grantiae habere sororem suam vxe
508 1445 1265 1493 rem. At dicis, nunc sortes cognoscit mulierem, &
507 1491 1261 1544 generat mulierem occulte: nec constat aliis: eueni-
502 1535 1265 1582 re potest quod filius eius ducat illam: ergo tunc fra-
508 1577 1270 1624 ter habet sororem coniugem. Nego quod sit eius con-
504 1620 1273 1671 iunx. sed ignorantia inuincibilis eos excusat: vel il-
496 1665 1055 1719 lum quem latet / si solum alterum fugiat
534 1751 1247 1852 ⁋ Distinctionis Quadragesimae
729 1830 1087 1908 Quaestio Tertia.
822 1897 1270 1983 Ertio. circa materiam
816 1973 1256 2038 quadragesimae distinctionis
815 2026 1255 2081 quaeritur. an Romanus pon
774 2067 1262 2137 prostifex possit dispensare vt con
786 2109 1258 2173 A trahatur matrimonium in gra
778 2154 1268 2214 ldibus lege prohibitis. Pro solu
807 2200 1259 2260 i tione quaestionis pono conclu
498 2244 1258 2291 siones: quarum Prima est. Romanus pontifex po-
502 2292 1262 2350 test dispensare in omnibus gradibus lege humana prohi-
504 2335 1265 2386 bitis. Probatur: quia in qualibet lege sua dispensare po
502 2378 1265 2426 test. modo haec prohibitio coniunctionis gradumum con
507 2424 1268 2481 sanguinitatis a lege pontificis prouenit: & si a con-
505 2470 1265 2515 cilio: adhuc in statutis ecclesiae dispensat. Praeterea
495 2516 1268 2566 passim (vt videmus) in talibus dispensat: & nec
493 2551 1267 2619 dispensati / nec alii in hoc faciunt conscientiam. igitur.
498 2600 1268 2662 Amplius. seclusa lege humana homines possunt in
486 2644 1250 2692 illis gradibus consanguinitatis contrahere. praeueniam
495 2684 1262 2751 igitur omnem legem: & simus in tempore ante legem huma
501 2733 1258 2809 nam: tunc licite contrahitur. ldem autem est postqui lata est.
1329 341 2102 399 praedecessor enim istius pontificis non poterat istum liga
1342 387 2106 444 re: quia par in parem non habet imperium. Rursus,
1335 430 2110 477 rex potest dispensare etiam licite pro rationabili causa
1335 474 2110 521 in sua lege positiua humana. ergo & maximus pon-
1345 517 2102 572 tifex. ⁋ Secunda conclusio. nulla lex positiua diui
1336 562 2104 610 na nunc vetat matrimonium inter aliquas personas.
1333 607 2111 662 Probatur. vel illa lex esset Mosaica Leuitici: & hoc
1348 653 2098 704 non, quia iudicialia legis sunt extincta: vel lex euange
1335 694 2101 742 lica: & illa dari non potest. igitur. ⁋ Tertia conclusio,
1338 740 2104 787 aliquae personae prohibentur omnino contrahere omni lege hu-
1338 785 2105 832 mana seclusa. hoc patet apud gentiles & omnes.
1347 833 2101 883 ⁋ Sed quia hic sunt doctorum contrariae sententiae: ali-
1347 874 2107 926 qua commemorare libebit. Petrus Paludanus distin.
1338 920 2107 971 ii. iiii. qui. i. art. ii. in quadam dubitatione dicit quod lege na
1345 967 2098 1014 turae solum duae personae prohibentur. Et hoc potest robo
1336 1007 2105 1054 rari. nam Antoninus recitat quosdam dixisse Marti-
1345 1046 2112 1102 num quintum dispensasse vt quidam suam sororem
1348 1097 2096 1147 vxorem teneret / propter maximum scandalum eui
1332 1138 2110 1184 tandum. Alii autem dicunt omnes personas Leuiti
1341 1184 2114 1238 ci. xviii. prohibitas, esse de iure naturae vetitas, quod
1342 1231 2110 1283 melius credo esse dictum. Pro cuius intelligentia il-
1344 1270 2113 1320 las personas ponam. sic habet litera. Omnis homo
1333 1315 2101 1366 ad proximum sanguinis sui non accedet. vbi pulchra
1348 1361 2110 1418 glossa interlinearis super hoc verbo ( homo. Qui
1339 1402 2104 1451 enim accedit / non est homo sed iumentum. Illic hae per
1344 1448 2101 1497 sone prohibentur, mater / nouerca / soror / siue ex par
1329 1495 2110 1541 tre siue ex matre: neptis / soror patris aut matris.
1335 1541 2117 1587 quas personas glossa in. c. Literas. de resti. spo. enu-
1338 1584 2110 1630 merat in his carminibus. Nata / soror / neptis / mater-
1345 1626 2114 1678 tera / fratris & vxor: Et patrui coniunx / mater / pri-
1342 1671 2104 1728 uigna / nouerca: Vxorisque soror / priuigni nata / nu-
1329 1716 2111 1764 rusque, Atque soror patris coiungi lege vetantur. Duo
1342 1757 2111 1808 decim sunt personae illic prohibitae, quod autem dicit de
1348 1809 2105 1862 vxore fratris: paulo inferius attingam, dicturus quod
1347 1847 2110 1907 llud male ponatur in carmine. ⁋ Quarta conclu-
1345 1889 2105 1942 sio. Aliquae personae prohibentur contrahere de iure
1333 1936 2117 1984 naturae. probatur. pater prohibetur contrahere cum filia:
1339 1979 2107 2028 & filius cum matre. Refert siquidem philosophus. viii.
1336 2025 2113 2076 de animalibus quod quidam equus absconsis oculis / cum
1333 2067 2096 2124 matrem cogeretur cognoscere: vt primum agnouit
1338 2112 2098 2171 seipsum praecipitauit ac scelus expiauit. Et quidam
1345 2159 2113 2209 camelus simile faciens actorem interemit. Si autem
1335 2200 2102 2249 hoc sit contra naturam brutorum bene sentientium:
1342 2248 2110 2301 quis non videt illud esse contra legem naturae homi-
1339 2297 2101 2345 nibus inditam: Hinc Ninus matrem Semiramidem tru
1339 2343 2102 2393 cidauit. & Cyniras rex filiam Myrrham perimere ten-
1335 2382 2095 2431 tauit, quae patris congressum furtim sollicitauit
1345 2425 2107 2475 vt videre est apud Ouidium. x. Metamorpho-
1342 2467 2114 2513 seos. hic locum habet illud Geneseos. ii. Relinquet
1333 2511 2095 2570 homo patrem & matrem: & adhaerebit vxori suae
1335 2556 2104 2609 ⁋ Quinta conclusio. aliquae personae nunc vltra du
1339 2598 2111 2646 as prohibentur contrahere matrimonium probatur. nam
1335 2645 2102 2705 frater prohibetur contrahere cum sorore: ergo plures pro
1326 2681 2101 2746 hibentur. consequentia est nota. Antecedens proba-
1336 2731 2104 2795 tur: quia sapientes & legissatores in solo lumine na
