<?xml version="1.0" encoding="UTF-8" standalone="yes"?>
<PcGts xmlns="http://schema.primaresearch.org/PAGE/gts/pagecontent/2013-07-15" xmlns:xsi="http://www.w3.org/2001/XMLSchema-instance" xsi:schemaLocation="http://schema.primaresearch.org/PAGE/gts/pagecontent/2013-07-15 http://schema.primaresearch.org/PAGE/gts/pagecontent/2013-07-15/pagecontent.xsd">
    <Metadata>
        <Creator>prov=University of Rostock/Institute of Mathematics/CITlab|PLANET AI GmbH/Gundram Leifert/gundram.leifert@planet-ai.de:name=cod-Bda113-model2(htr_id=24733)::::v=2.6.6
prov=University of Rostock/Institute of Mathematics/CITlab|PLANET AI GmbH/Tobias Gruening/tobias.gruening@planet-ai.de:name=de.uros.citlab.module.baseline2polygon.B2PSeamMultiOriented:v=2.6.6
prov=University of Rostock/Institute of Mathematics/CITlab|PLANET AI GmbH/Tobias Gruening/tobias.gruening@planet-ai.de:name=/net_tf/LA73_249_0mod360.pb:de.uros.citlab.segmentation.CITlab_LA_ML:v=2.6.6
Transkribus</Creator>
        <Created>2020-04-17T22:25:04.067+02:00</Created>
        <LastChange>2020-06-19T08:34:49.926+02:00</LastChange>
        <TranskribusMetadata docId="371227" pageId="14532926" pageNr="690" tsid="32172783" status="IN_PROGRESS" userId="25065" imgUrl="https://files.transkribus.eu/Get?id=ETONTTMAQXTMAMRCDYUHLVSP&amp;fileType=view" xmlUrl="https://files.transkribus.eu/Get?id=TFDYTJQANTWOFIJNTZACVSVH" imageId="10489303"/>
    </Metadata>
    <Page imageFilename="0690.jpg" imageWidth="2336" imageHeight="3310">
        <ReadingOrder>
            <OrderedGroup id="ro_1592575843096" caption="Regions reading order">
                <RegionRefIndexed index="0" regionRef="TextRegion_1592252821054_1963"/>
                <RegionRefIndexed index="1" regionRef="TextRegion_1592252821054_1962"/>
            </OrderedGroup>
        </ReadingOrder>
        <TextRegion orientation="0.0" id="TextRegion_1592252821054_1963" custom="readingOrder {index:0;}">
            <Coords points="497,252 1306,252 1306,2760 497,2760"/>
            <TextLine id="r1l2" custom="readingOrder {index:0;}">
                <Coords points="498,372 1159,360 1217,379 1252,365 1252,325 750,313 703,336 577,307 498,337"/>
                <Baseline points="503,360 540,360 577,359 614,357 651,357 689,357 726,356 763,356 800,356 837,356 875,356 912,356 949,356 986,356 1023,356 1061,356 1098,356 1135,356 1172,356 1209,356 1247,356"/>
                <TextEquiv>
                    <Unicode>ergo nunc datur infinita multitudo animarum sepa</Unicode>
                </TextEquiv>
            </TextLine>
            <TextLine id="r1l4" custom="readingOrder {index:1;}">
                <Coords points="498,412 1243,409 1243,376 1180,364 498,375"/>
                <Baseline points="503,404 539,404 576,404 613,402 650,402 686,402 723,402 760,402 797,401 833,401 870,401 907,401 944,401 980,400 1017,399 1054,399 1091,399 1127,399 1164,399 1201,399 1238,399"/>
                <TextEquiv>
                    <Unicode>ratarum. consequentia est infallibilis non fugiendo ad</Unicode>
                </TextEquiv>
            </TextLine>
            <TextLine id="r1l6" custom="readingOrder {index:2;}">
                <Coords points="501,470 1112,450 1221,469 1253,455 1253,416 501,428"/>
                <Baseline points="506,449 543,449 580,447 617,447 654,447 691,447 728,446 765,446 802,446 839,446 877,446 914,444 951,444 988,444 1025,444 1062,444 1099,445 1136,446 1173,446 1210,446 1248,447"/>
                <TextEquiv>
                    <Unicode>vias erroneas aliorum. sed Tertio Physicorum, &amp; pri</Unicode>
                </TextEquiv>
            </TextLine>
            <TextLine id="r1l8" custom="readingOrder {index:3;}">
                <Coords points="501,514 560,495 1252,507 1262,460 501,470"/>
                <Baseline points="506,492 543,492 581,492 618,492 656,492 693,491 731,491 768,491 806,491 843,489 881,489 919,489 956,489 994,489 1031,488 1069,488 1106,488 1144,488 1181,488 1219,489 1257,489"/>
                <TextEquiv>
                    <Unicode>mo de Caelo &amp; mundo ex industria infinitatem re</Unicode>
                </TextEquiv>
            </TextLine>
            <TextLine id="r1l10" custom="readingOrder {index:4;}">
                <Coords points="504,557 1262,539 1261,505 1235,495 503,514"/>
                <Baseline points="509,539 546,537 583,537 621,537 658,536 696,536 733,536 770,535 808,534 845,534 883,534 920,534 957,534 995,534 1032,533 1070,533 1107,533 1144,533 1182,531 1219,531 1257,531"/>
                <TextEquiv>
                    <Unicode>probat. ⁋ Sed tunc petis quid de Aristotele dicen-</Unicode>
                </TextEquiv>
            </TextLine>
            <TextLine id="r1l12" custom="readingOrder {index:5;}">
                <Coords points="505,596 1249,583 1248,547 1225,540 505,557"/>
                <Baseline points="510,582 546,582 583,581 620,581 656,580 693,579 730,579 766,579 803,579 840,578 877,578 913,578 950,578 987,578 1023,578 1060,578 1097,578 1133,578 1170,578 1207,576 1244,576"/>
                <TextEquiv>
                    <Unicode>dum sit. Variae dari possunt responsiones. Alii dici</Unicode>
                </TextEquiv>
            </TextLine>
            <TextLine id="r1l14" custom="readingOrder {index:6;}">
                <Coords points="505,640 1250,628 1243,584 504,595"/>
                <Baseline points="510,627 546,627 583,626 620,626 657,624 693,624 730,623 767,623 804,623 840,622 877,621 914,621 951,621 987,621 1024,621 1061,621 1098,621 1134,620 1171,620 1208,621 1245,621"/>
                <TextEquiv>
                    <Unicode>rent eum sibi contradicere latenter &amp; sine aduertentia</Unicode>
                </TextEquiv>
            </TextLine>
            <TextLine id="r1l16" custom="readingOrder {index:7;}">
                <Coords points="508,686 1169,685 1259,676 1258,627 507,643"/>
                <Baseline points="513,672 550,671 587,669 624,669 661,668 698,668 735,666 772,666 809,666 846,666 883,666 920,666 957,665 994,665 1031,665 1068,665 1105,665 1142,665 1179,666 1216,666 1254,666"/>
                <TextEquiv>
                    <Unicode>in vno loco ponendo antecedens: quod infert contradi</Unicode>
                </TextEquiv>
            </TextLine>
            <TextLine id="r1l18" custom="readingOrder {index:8;}">
                <Coords points="507,727 1083,714 1163,734 1259,721 1259,682 507,685"/>
                <Baseline points="512,716 549,716 586,714 623,713 660,713 697,713 734,711 771,711 808,711 845,711 883,711 920,711 957,711 994,710 1031,710 1068,710 1105,710 1142,710 1179,710 1216,710 1254,708"/>
                <TextEquiv>
                    <Unicode>ctorium aliquorum expresse positorum. Gregorius</Unicode>
                </TextEquiv>
            </TextLine>
            <TextLine id="r1l20" custom="readingOrder {index:9;}">
                <Coords points="502,770 1141,775 1259,764 1259,721 502,725"/>
                <Baseline points="507,759 544,759 581,758 619,758 656,758 693,758 731,756 768,756 805,756 843,756 880,756 917,756 955,755 992,755 1029,755 1067,755 1104,755 1141,755 1179,755 1216,754 1254,753"/>
                <TextEquiv>
                    <Unicode>Ariminensis in materia de futuris contingentibus</Unicode>
                </TextEquiv>
            </TextLine>
            <TextLine id="r1l22" custom="readingOrder {index:10;}">
                <Coords points="499,811 1243,814 1261,763 499,771"/>
                <Baseline points="504,804 541,804 579,803 616,803 654,801 692,801 729,800 767,800 804,800 842,798 880,798 917,798 955,798 992,798 1030,798 1068,798 1105,798 1143,798 1180,798 1218,800 1256,800"/>
                <TextEquiv>
                    <Unicode>dicit Aristotelem aliquotiens sibi contradixisse. &amp; si</Unicode>
                </TextEquiv>
            </TextLine>
            <TextLine id="r1l24" custom="readingOrder {index:11;}">
                <Coords points="504,859 1250,855 1259,812 504,823"/>
                <Baseline points="509,848 546,848 583,848 620,846 658,846 695,846 732,845 769,845 807,845 844,843 881,843 918,843 956,843 993,843 1030,842 1067,842 1105,842 1142,842 1179,842 1216,843 1254,843"/>
                <TextEquiv>
                    <Unicode>non esset fama viri, in materia quam tractamus hoc</Unicode>
                </TextEquiv>
            </TextLine>
            <TextLine id="r1l26" custom="readingOrder {index:12;}">
                <Coords points="511,908 1259,896 1258,861 1188,849 510,857"/>
                <Baseline points="516,894 552,893 589,892 626,891 663,890 700,890 737,890 773,888 810,888 847,888 884,888 921,888 958,887 995,887 1031,887 1068,887 1105,887 1142,887 1179,887 1216,887 1253,887"/>
                <TextEquiv>
                    <Unicode>diceretur. Secundo dicitur &amp; melius quod erat problema</Unicode>
                </TextEquiv>
            </TextLine>
            <TextLine id="r1l28" custom="readingOrder {index:13;}">
                <Coords points="509,956 1213,945 1264,936 1264,897 508,910"/>
                <Baseline points="513,939 550,938 587,936 624,935 662,935 699,933 736,933 774,933 811,932 848,932 886,932 923,932 960,932 997,932 1035,932 1072,932 1109,932 1147,932 1184,932 1221,932 1259,932"/>
                <TextEquiv>
                    <Unicode>apud Aristotelem: &amp; nunc vnam parte: nunc alteram susti</Unicode>
                </TextEquiv>
            </TextLine>
            <TextLine id="r1l30" custom="readingOrder {index:14;}">
                <Coords points="499,997 1137,997 1253,983 1253,941 499,957"/>
                <Baseline points="504,981 541,981 578,980 615,980 652,980 690,979 727,978 764,978 801,978 838,977 876,977 913,977 950,977 987,977 1024,975 1062,975 1099,975 1136,975 1173,975 1210,975 1248,975"/>
                <TextEquiv>
                    <Unicode>nuit. Tertio dico &amp; plus placet adhuc quam secundum,</Unicode>
                </TextEquiv>
            </TextLine>
            <TextLine id="r1l32" custom="readingOrder {index:15;}">
                <Coords points="507,1047 758,1026 1247,1039 1253,983 507,997"/>
                <Baseline points="512,1028 548,1026 585,1025 622,1025 659,1023 696,1022 732,1022 769,1022 806,1020 843,1020 880,1020 916,1020 953,1020 990,1020 1027,1019 1064,1019 1100,1019 1137,1019 1174,1019 1211,1020 1248,1020"/>
                <TextEquiv>
                    <Unicode>quod tenuit animam humanam immortalem, nec obstant</Unicode>
                </TextEquiv>
            </TextLine>
            <TextLine id="r1l34" custom="readingOrder {index:16;}">
                <Coords points="505,1083 1069,1066 1138,1085 1250,1073 1250,1042 854,1026 505,1047"/>
                <Baseline points="510,1071 546,1070 583,1068 620,1067 657,1067 693,1067 730,1065 767,1065 804,1065 840,1065 877,1065 914,1065 951,1065 987,1064 1024,1064 1061,1064 1098,1064 1134,1064 1171,1064 1208,1064 1245,1062"/>
                <TextEquiv>
                    <Unicode>allegata ex primo de Caelo. &amp; tertio Physicorum.</Unicode>
                </TextEquiv>
            </TextLine>
            <TextLine id="r1l36" custom="readingOrder {index:17;}">
                <Coords points="498,1138 788,1115 1209,1127 1264,1115 1264,1086 748,1072 498,1093"/>
                <Baseline points="503,1115 540,1115 578,1113 616,1112 654,1112 692,1110 729,1110 767,1109 805,1109 843,1109 881,1109 918,1109 956,1107 994,1107 1032,1107 1070,1107 1107,1107 1145,1107 1183,1107 1221,1107 1259,1106"/>
                <TextEquiv>
                    <Unicode>quia illic loquutus est in generali de infinito. &amp; po-</Unicode>
                </TextEquiv>
            </TextLine>
            <TextLine id="r1l38" custom="readingOrder {index:18;}">
                <Coords points="492,1169 1267,1165 1267,1113 492,1133"/>
                <Baseline points="497,1157 535,1157 573,1155 611,1155 650,1155 688,1154 726,1154 764,1154 803,1154 841,1154 879,1153 917,1152 956,1152 994,1152 1032,1152 1070,1152 1109,1152 1147,1152 1185,1152 1223,1151 1262,1151"/>
                <TextEquiv>
                    <Unicode>tissimum de infinito corporeo &amp; secundum magnitudi</Unicode>
                </TextEquiv>
            </TextLine>
            <TextLine id="r1l40" custom="readingOrder {index:19;}">
                <Coords points="492,1213 1248,1221 1267,1166 665,1161 492,1185"/>
                <Baseline points="497,1202 535,1202 573,1200 611,1200 650,1200 688,1199 726,1199 764,1199 803,1197 841,1197 879,1197 917,1197 956,1196 994,1196 1032,1196 1070,1196 1109,1196 1147,1196 1185,1196 1223,1197 1262,1197"/>
                <TextEquiv>
                    <Unicode>nem: a qua generalitate animam humanam excepit,</Unicode>
                </TextEquiv>
            </TextLine>
            <TextLine id="r1l42" custom="readingOrder {index:20;}">
                <Coords points="505,1260 1264,1253 1264,1218 1225,1205 505,1209"/>
                <Baseline points="510,1248 547,1247 584,1245 622,1244 659,1244 697,1242 734,1242 772,1242 809,1241 847,1241 884,1241 921,1241 959,1239 996,1239 1034,1239 1071,1239 1109,1239 1146,1239 1184,1239 1221,1238 1259,1238"/>
                <TextEquiv>
                    <Unicode>secundo de Aina. &amp;. xvi. de animalibus in particulari lo-</Unicode>
                </TextEquiv>
            </TextLine>
            <TextLine id="r1l44" custom="readingOrder {index:21;}">
                <Coords points="507,1312 1264,1290 1263,1253 1214,1246 506,1268"/>
                <Baseline points="512,1289 549,1289 586,1289 624,1289 661,1287 698,1287 736,1287 773,1286 810,1286 848,1286 885,1286 922,1284 960,1284 997,1284 1034,1283 1072,1283 1109,1283 1146,1283 1184,1283 1221,1283 1259,1283"/>
                <TextEquiv>
                    <Unicode>quens. Declaro hoc per simile. in materia rescripto-</Unicode>
                </TextEquiv>
            </TextLine>
            <TextLine id="r1l46" custom="readingOrder {index:22;}">
                <Coords points="500,1345 1256,1339 1262,1295 499,1313"/>
                <Baseline points="504,1334 541,1332 579,1332 616,1332 654,1331 692,1331 729,1331 767,1329 805,1329 842,1329 880,1329 918,1329 955,1329 993,1328 1031,1328 1068,1328 1106,1328 1144,1328 1181,1328 1219,1329 1257,1329"/>
                <TextEquiv>
                    <Unicode>rum, generali rescripto speciale derogat: &amp; eius in-</Unicode>
                </TextEquiv>
            </TextLine>
            <TextLine id="r1l48" custom="readingOrder {index:23;}">
                <Coords points="504,1385 1260,1391 1259,1340 503,1344"/>
                <Baseline points="509,1377 546,1377 583,1376 620,1376 658,1376 695,1375 732,1374 769,1374 807,1374 844,1373 881,1373 918,1373 956,1373 993,1373 1030,1373 1067,1373 1105,1371 1142,1371 1179,1371 1216,1371 1254,1371"/>
                <TextEquiv>
                    <Unicode>dulgentiam sine repugnantia euiscerat. vt in materia</Unicode>
                </TextEquiv>
            </TextLine>
            <TextLine id="r1l50" custom="readingOrder {index:24;}">
                <Coords points="508,1434 986,1442 1258,1426 1258,1394 893,1378 508,1400"/>
                <Baseline points="513,1422 550,1421 587,1421 624,1419 661,1419 698,1419 735,1418 772,1418 809,1418 846,1418 883,1418 920,1418 957,1418 994,1418 1031,1418 1068,1418 1105,1418 1142,1418 1179,1416 1216,1416 1253,1416"/>
                <TextEquiv>
                    <Unicode>rescriptorum videri habet. sic in proposito. Aristote-</Unicode>
                </TextEquiv>
            </TextLine>
            <TextLine id="r1l52" custom="readingOrder {index:25;}">
                <Coords points="514,1483 1256,1474 1255,1432 1193,1426 513,1435"/>
                <Baseline points="519,1467 555,1466 592,1466 628,1465 665,1464 702,1464 738,1463 775,1463 811,1463 848,1461 885,1461 921,1461 958,1461 994,1460 1031,1460 1068,1460 1104,1460 1141,1460 1177,1460 1214,1461 1251,1461"/>
                <TextEquiv>
                    <Unicode>les ergo dicere habuit infinitam esse multitudinem</Unicode>
                </TextEquiv>
            </TextLine>
            <TextLine id="r1l54" custom="readingOrder {index:26;}">
                <Coords points="507,1522 1161,1525 1258,1515 1258,1484 879,1468 507,1488"/>
                <Baseline points="512,1512 549,1512 586,1511 623,1509 660,1509 697,1508 734,1508 771,1507 808,1506 845,1506 882,1506 919,1506 956,1506 993,1506 1030,1506 1067,1506 1104,1505 1141,1505 1178,1505 1215,1505 1253,1505"/>
                <TextEquiv>
                    <Unicode>animarum, categorematice capiendo infinitum, &amp; hoc</Unicode>
                </TextEquiv>
            </TextLine>
            <TextLine id="r1l56" custom="readingOrder {index:27;}">
                <Coords points="505,1568 1146,1556 1261,1579 1261,1524 1203,1513 505,1533"/>
                <Baseline points="510,1559 547,1557 584,1556 621,1554 659,1553 696,1553 733,1552 771,1551 808,1551 845,1551 883,1551 920,1551 957,1551 994,1551 1032,1551 1069,1551 1106,1551 1144,1551 1181,1551 1218,1550 1256,1550"/>
                <TextEquiv>
                    <Unicode>a parte anteriore. sed quia continuo adduntur nouae</Unicode>
                </TextEquiv>
            </TextLine>
            <TextLine id="r1l58" custom="readingOrder {index:28;}">
                <Coords points="499,1630 965,1624 1052,1605 1052,1562 673,1561 499,1580"/>
                <Baseline points="504,1602 531,1602 558,1601 585,1601 612,1601 639,1601 666,1601 694,1599 721,1599 748,1599 775,1599 802,1599 829,1598 856,1598 884,1598 911,1598 938,1598 965,1598 992,1598 1019,1598 1047,1599"/>
                <TextEquiv>
                    <Unicode>animae: non est infinitas completa.</Unicode>
                </TextEquiv>
            </TextLine>
            <TextLine id="r1l61" custom="readingOrder {index:29;}">
                <Coords points="510,1704 600,1684 689,1702 1258,1687 1257,1628 1220,1625 509,1643"/>
                <Baseline points="515,1686 551,1685 588,1683 625,1683 662,1682 699,1680 736,1680 773,1680 810,1679 847,1679 884,1679 920,1679 957,1679 994,1678 1031,1677 1068,1677 1105,1677 1142,1676 1179,1676 1216,1674 1253,1673"/>
                <TextEquiv>
                    <Unicode>⁋ Tertia conclusio. Probabilius est</Unicode>
                </TextEquiv>
            </TextLine>
            <TextLine id="r1l63" custom="readingOrder {index:30;}">
                <Coords points="513,1745 1208,1746 1255,1733 1255,1685 513,1703"/>
                <Baseline points="518,1733 554,1731 591,1731 627,1731 664,1731 701,1730 737,1730 774,1730 810,1730 847,1728 884,1728 920,1728 957,1728 993,1727 1030,1727 1067,1727 1103,1726 1140,1725 1176,1725 1213,1724 1250,1724"/>
                <TextEquiv>
                    <Unicode>dicere in lumine naturali animam humanam esse in </Unicode>
                </TextEquiv>
            </TextLine>
            <TextLine id="r1l65" custom="readingOrder {index:31;}">
                <Coords points="510,1790 1210,1790 1262,1776 1262,1741 510,1745"/>
                <Baseline points="515,1778 552,1776 589,1776 626,1775 663,1775 700,1775 737,1773 774,1773 811,1773 848,1773 886,1772 923,1772 960,1772 997,1772 1034,1772 1071,1770 1108,1770 1145,1770 1182,1769 1219,1769 1257,1769"/>
                <TextEquiv>
                    <Unicode>mortalem. probatur haec conclusio. Mortalitas anima-</Unicode>
                </TextEquiv>
            </TextLine>
            <TextLine id="r1l67" custom="readingOrder {index:32;}">
                <Coords points="505,1834 1128,1834 1274,1822 1274,1786 504,1791"/>
                <Baseline points="509,1823 547,1821 585,1821 623,1821 661,1820 699,1820 737,1820 775,1818 813,1818 851,1817 889,1817 927,1817 965,1816 1003,1815 1041,1815 1079,1814 1117,1814 1155,1814 1193,1814 1231,1814 1269,1814"/>
                <TextEquiv>
                    <Unicode>rum brutalium non arguit mortalitatem animae rationa-</Unicode>
                </TextEquiv>
            </TextLine>
            <TextLine id="r1l69" custom="readingOrder {index:33;}">
                <Coords points="505,1875 1217,1880 1270,1869 1270,1826 505,1834"/>
                <Baseline points="510,1866 547,1865 585,1865 623,1865 661,1863 698,1863 736,1863 774,1863 812,1863 849,1863 887,1862 925,1862 963,1862 1000,1862 1038,1862 1076,1860 1114,1860 1151,1860 1189,1859 1227,1857 1265,1856"/>
                <TextEquiv>
                    <Unicode>lis: cum sint alterius rationis: &amp; anima humana sit</Unicode>
                </TextEquiv>
            </TextLine>
            <TextLine id="r1l71" custom="readingOrder {index:34;}">
                <Coords points="505,1921 1229,1921 1271,1917 1270,1868 504,1885"/>
                <Baseline points="510,1911 547,1911 585,1910 623,1910 661,1910 698,1910 736,1908 774,1908 812,1908 849,1907 887,1907 925,1907 963,1905 1000,1905 1038,1905 1076,1904 1114,1904 1151,1903 1189,1902 1227,1902 1265,1901"/>
                <TextEquiv>
                    <Unicode>qualibet anima brutali superior. modo corrupti</Unicode>
                </TextEquiv>
            </TextLine>
            <TextLine id="r1l73" custom="readingOrder {index:35;}">
                <Coords points="516,1970 1261,1959 1260,1924 1135,1910 515,1927"/>
                <Baseline points="521,1956 557,1956 594,1955 631,1955 668,1955 704,1953 741,1953 778,1952 815,1952 851,1951 888,1950 925,1950 962,1949 998,1949 1035,1949 1072,1947 1109,1947 1145,1947 1182,1947 1219,1947 1256,1946"/>
                <TextEquiv>
                    <Unicode>bilitas in inferiore non arguit corruptibilitatem</Unicode>
                </TextEquiv>
            </TextLine>
            <TextLine id="r1l75" custom="readingOrder {index:36;}">
                <Coords points="514,2010 1258,1997 1257,1959 1221,1953 513,1969"/>
                <Baseline points="519,2001 555,2001 592,2000 629,2000 665,2000 702,1998 739,1998 775,1997 812,1997 849,1996 886,1995 922,1995 959,1994 996,1994 1032,1994 1069,1993 1106,1992 1142,1992 1179,1992 1216,1991 1253,1991"/>
                <TextEquiv>
                    <Unicode>in superiore: vt patet de inferioribus &amp; caelestibus</Unicode>
                </TextEquiv>
            </TextLine>
            <TextLine id="r1l77" custom="readingOrder {index:37;}">
                <Coords points="513,2055 1233,2053 1270,2047 1269,1999 512,2010"/>
                <Baseline points="518,2045 555,2044 592,2043 630,2043 667,2043 704,2043 742,2042 779,2042 816,2041 854,2040 891,2040 928,2039 966,2039 1003,2038 1040,2037 1078,2037 1115,2037 1152,2036 1190,2036 1227,2036 1265,2036"/>
                <TextEquiv>
                    <Unicode>Secundo arguitur ad idem. Cetera animalia prona ter-</Unicode>
                </TextEquiv>
            </TextLine>
            <TextLine id="r1l79" custom="readingOrder {index:38;}">
                <Coords points="508,2104 1265,2092 1264,2050 1201,2043 507,2057"/>
                <Baseline points="512,2087 549,2087 586,2087 624,2087 661,2086 698,2085 736,2085 773,2084 810,2084 848,2084 885,2082 922,2082 960,2082 997,2081 1034,2081 1072,2080 1109,2079 1146,2079 1184,2078 1221,2078 1259,2078"/>
                <TextEquiv>
                    <Unicode>ram despiciunt: homo autem contemplatur caelestia, vt supe-</Unicode>
                </TextEquiv>
            </TextLine>
            <TextLine id="r1l81" custom="readingOrder {index:39;}">
                <Coords points="504,2141 1187,2145 1271,2135 1271,2099 504,2102"/>
                <Baseline points="509,2132 546,2132 584,2130 622,2130 660,2129 698,2129 736,2129 773,2127 811,2127 849,2127 887,2126 925,2126 963,2126 1001,2124 1038,2124 1076,2124 1114,2124 1152,2124 1190,2124 1228,2124 1266,2124"/>
                <TextEquiv>
                    <Unicode>rius diximus in. xl. distinct. &amp; hoc non nisi quia ho</Unicode>
                </TextEquiv>
            </TextLine>
            <TextLine id="r1l83" custom="readingOrder {index:40;}">
                <Coords points="505,2193 1203,2188 1268,2181 1267,2135 504,2152"/>
                <Baseline points="510,2178 547,2178 585,2177 622,2175 660,2175 698,2174 735,2174 773,2172 811,2172 848,2171 886,2171 924,2169 961,2169 999,2169 1037,2169 1074,2169 1112,2169 1150,2169 1187,2169 1225,2169 1263,2171"/>
                <TextEquiv>
                    <Unicode>mo participat naturam caelestem: hoc est, in se habet vnam</Unicode>
                </TextEquiv>
            </TextLine>
            <TextLine id="r1l85" custom="readingOrder {index:41;}">
                <Coords points="512,2245 701,2224 1200,2232 1267,2222 1267,2181 511,2192"/>
                <Baseline points="516,2223 553,2223 590,2222 627,2221 665,2220 702,2219 739,2219 777,2217 814,2217 851,2216 889,2216 926,2214 963,2214 1000,2214 1038,2213 1075,2213 1112,2213 1150,2214 1187,2214 1224,2214 1262,2216"/>
                <TextEquiv>
                    <Unicode>partem perpetuam more caeli. caducum autem corpus, vt vi</Unicode>
                </TextEquiv>
            </TextLine>
            <TextLine id="r1l87" custom="readingOrder {index:42;}">
                <Coords points="514,2278 1231,2271 1262,2264 1262,2225 514,2244"/>
                <Baseline points="519,2268 555,2267 592,2265 629,2264 666,2264 703,2262 740,2262 777,2261 814,2261 851,2260 888,2259 924,2259 961,2259 998,2259 1035,2258 1072,2258 1109,2258 1146,2258 1183,2258 1220,2259 1257,2259"/>
                <TextEquiv>
                    <Unicode>demus, resoluitur in cineres. Propterea hoc viden</Unicode>
                </TextEquiv>
            </TextLine>
            <TextLine id="r1l89" custom="readingOrder {index:43;}">
                <Coords points="513,2323 1163,2322 1255,2312 1255,2266 513,2283"/>
                <Baseline points="518,2312 554,2310 591,2310 627,2309 664,2308 701,2307 737,2307 774,2306 810,2306 847,2306 884,2304 920,2304 957,2304 993,2304 1030,2304 1067,2304 1103,2303 1140,2303 1176,2303 1213,2303 1250,2303"/>
                <TextEquiv>
                    <Unicode>tes Plato / Pythagoras / &amp; multi sapientes philosi</Unicode>
                </TextEquiv>
            </TextLine>
            <TextLine id="r1l91" custom="readingOrder {index:44;}">
                <Coords points="510,2374 1268,2354 1268,2325 1186,2310 510,2325"/>
                <Baseline points="515,2358 552,2358 589,2356 627,2355 664,2354 702,2352 739,2352 776,2352 814,2351 851,2351 889,2349 926,2349 963,2349 1001,2349 1038,2348 1076,2348 1113,2348 1150,2348 1188,2346 1225,2346 1263,2346"/>
                <TextEquiv>
                    <Unicode>phi in hoc vnanimiter convenerunt: licet variis ra-</Unicode>
                </TextEquiv>
            </TextLine>
            <TextLine id="r1l93" custom="readingOrder {index:45;}">
                <Coords points="510,2408 1265,2404 1264,2356 510,2375"/>
                <Baseline points="515,2399 552,2399 589,2399 626,2398 664,2397 701,2397 738,2396 775,2396 813,2396 850,2394 887,2393 924,2393 962,2393 999,2391 1036,2391 1073,2391 1111,2390 1148,2390 1185,2390 1222,2390 1260,2391"/>
                <TextEquiv>
                    <Unicode>tionibus. Sed dices, non est introducenda auctori-</Unicode>
                </TextEquiv>
            </TextLine>
            <TextLine id="r1l95" custom="readingOrder {index:46;}">
                <Coords points="519,2452 1268,2443 1267,2404 1224,2398 518,2414"/>
                <Baseline points="524,2444 560,2444 597,2444 634,2442 671,2442 708,2441 745,2441 782,2439 819,2439 856,2438 893,2438 929,2437 966,2436 1003,2436 1040,2435 1077,2435 1114,2435 1151,2435 1188,2435 1225,2435 1262,2435"/>
                <TextEquiv>
                    <Unicode>tas, cum in solo lumine naturali loquamur: sed ra-</Unicode>
                </TextEquiv>
            </TextLine>
            <TextLine id="r1l97" custom="readingOrder {index:47;}">
                <Coords points="513,2495 1271,2489 1270,2454 1217,2443 512,2459"/>
                <Baseline points="518,2486 555,2486 592,2486 630,2486 667,2486 705,2486 742,2484 779,2484 817,2483 854,2483 892,2482 929,2481 966,2481 1004,2480 1041,2480 1079,2480 1116,2478 1153,2479 1191,2480 1228,2480 1266,2481"/>
                <TextEquiv>
                    <Unicode>tiones. Contra hoc argumentor. Philosophi non po</Unicode>
                </TextEquiv>
            </TextLine>
            <TextLine id="r1l99" custom="readingOrder {index:48;}">
                <Coords points="504,2539 1277,2537 1277,2497 1194,2485 504,2493"/>
                <Baseline points="509,2531 547,2531 585,2531 623,2531 661,2531 699,2529 737,2529 776,2528 814,2528 852,2526 890,2526 928,2525 966,2525 1004,2523 1043,2523 1081,2523 1119,2522 1157,2522 1195,2522 1233,2522 1272,2523"/>
                <TextEquiv>
                    <Unicode>suerunt illud sine ratione aliqua: alioquin non erant</Unicode>
                </TextEquiv>
            </TextLine>
            <TextLine id="r1l101" custom="readingOrder {index:49;}">
                <Coords points="516,2580 1264,2576 1264,2545 1199,2533 516,2542"/>
                <Baseline points="521,2573 557,2573 594,2573 631,2573 668,2573 705,2573 742,2573 779,2571 816,2571 853,2571 890,2571 926,2570 963,2570 1000,2570 1037,2568 1074,2568 1111,2568 1148,2568 1185,2567 1222,2567 1259,2567"/>
                <TextEquiv>
                    <Unicode>digni vocari philosophi. Sed dicis. multi philo</Unicode>
                </TextEquiv>
            </TextLine>
            <TextLine id="r1l103" custom="readingOrder {index:50;}">
                <Coords points="510,2633 1268,2634 1268,2582 1205,2575 510,2583"/>
                <Baseline points="515,2618 552,2616 589,2616 627,2616 664,2616 702,2616 739,2616 776,2615 814,2615 851,2615 889,2614 926,2613 963,2613 1001,2613 1038,2613 1076,2613 1113,2612 1150,2612 1188,2612 1225,2612 1263,2613"/>
                <TextEquiv>
                    <Unicode>sophi posuerut oppositum: &amp; non sine ratione: sicut</Unicode>
                </TextEquiv>
            </TextLine>
            <TextLine id="r1l105" custom="readingOrder {index:51;}">
                <Coords points="519,2671 1264,2665 1264,2633 1226,2623 519,2631"/>
                <Baseline points="524,2657 560,2658 597,2658 634,2658 671,2658 707,2658 744,2660 781,2660 818,2660 854,2658 891,2658 928,2658 965,2658 1001,2658 1038,2658 1075,2658 1112,2657 1148,2657 1185,2657 1222,2655 1259,2655"/>
                <TextEquiv>
                    <Unicode>ego arguo ex Aristotele / Platone / &amp; Pythagora</Unicode>
                </TextEquiv>
            </TextLine>
            <TextLine id="r1l107" custom="readingOrder {index:52;}">
                <Coords points="513,2715 1273,2721 1279,2665 513,2671"/>
                <Baseline points="518,2702 555,2702 593,2702 631,2702 669,2702 707,2702 744,2702 782,2702 820,2702 858,2702 896,2702 933,2702 971,2702 1009,2702 1047,2702 1085,2702 1122,2702 1160,2702 1198,2702 1236,2702 1274,2702"/>
                <TextEquiv>
                    <Unicode>Dico: non tam praeclari philosophi posuerunt opposi</Unicode>
                </TextEquiv>
            </TextLine>
            <TextLine id="r1l109" custom="readingOrder {index:53;}">
                <Coords points="502,2775 1268,2772 1247,2711 502,2721"/>
                <Baseline points="507,2748 544,2748 582,2748 620,2747 658,2747 696,2747 733,2747 771,2747 809,2747 847,2747 885,2748 922,2748 960,2748 998,2748 1036,2748 1074,2748 1111,2748 1149,2750 1187,2750 1225,2750 1263,2750"/>
                <TextEquiv>
                    <Unicode>tum: vt allegati. hoc idem tenuerunt Cleanthes / Chry-</Unicode>
                </TextEquiv>
            </TextLine>
            <TextEquiv>
                <Unicode>ergo nunc datur infinita multitudo animarum sepa
ratarum. consequentia est infallibilis non fugiendo ad
vias erroneas aliorum. sed Tertio Physicorum, &amp; pri
mo de Caelo &amp; mundo ex industria infinitatem re
probat. ⁋ Sed tunc petis quid de Aristotele dicen-
dum sit. Variae dari possunt responsiones. Alii dici
rent eum sibi contradicere latenter &amp; sine aduertentia
in vno loco ponendo antecedens: quod infert contradi
ctorium aliquorum expresse positorum. Gregorius
Ariminensis in materia de futuris contingentibus
dicit Aristotelem aliquotiens sibi contradixisse. &amp; si
non esset fama viri, in materia quam tractamus hoc
diceretur. Secundo dicitur &amp; melius quod erat problema
apud Aristotelem: &amp; nunc vnam parte: nunc alteram susti
nuit. Tertio dico &amp; plus placet adhuc quam secundum,
quod tenuit animam humanam immortalem, nec obstant
allegata ex primo de Caelo. &amp; tertio Physicorum.
quia illic loquutus est in generali de infinito. &amp; po-
tissimum de infinito corporeo &amp; secundum magnitudi
nem: a qua generalitate animam humanam excepit,
secundo de Aina. &amp;. xvi. de animalibus in particulari lo-
quens. Declaro hoc per simile. in materia rescripto-
rum, generali rescripto speciale derogat: &amp; eius in-
dulgentiam sine repugnantia euiscerat. vt in materia
rescriptorum videri habet. sic in proposito. Aristote-
les ergo dicere habuit infinitam esse multitudinem
animarum, categorematice capiendo infinitum, &amp; hoc
a parte anteriore. sed quia continuo adduntur nouae
animae: non est infinitas completa.
⁋ Tertia conclusio. Probabilius est
dicere in lumine naturali animam humanam esse in 
mortalem. probatur haec conclusio. Mortalitas anima-
rum brutalium non arguit mortalitatem animae rationa-
lis: cum sint alterius rationis: &amp; anima humana sit
qualibet anima brutali superior. modo corrupti
bilitas in inferiore non arguit corruptibilitatem
in superiore: vt patet de inferioribus &amp; caelestibus
Secundo arguitur ad idem. Cetera animalia prona ter-
ram despiciunt: homo autem contemplatur caelestia, vt supe-
rius diximus in. xl. distinct. &amp; hoc non nisi quia ho
mo participat naturam caelestem: hoc est, in se habet vnam
partem perpetuam more caeli. caducum autem corpus, vt vi
demus, resoluitur in cineres. Propterea hoc viden
tes Plato / Pythagoras / &amp; multi sapientes philosi
phi in hoc vnanimiter convenerunt: licet variis ra-
tionibus. Sed dices, non est introducenda auctori-
tas, cum in solo lumine naturali loquamur: sed ra-
tiones. Contra hoc argumentor. Philosophi non po
suerunt illud sine ratione aliqua: alioquin non erant
digni vocari philosophi. Sed dicis. multi philo
sophi posuerut oppositum: &amp; non sine ratione: sicut
ego arguo ex Aristotele / Platone / &amp; Pythagora
Dico: non tam praeclari philosophi posuerunt opposi
tum: vt allegati. hoc idem tenuerunt Cleanthes / Chry-</Unicode>
            </TextEquiv>
        </TextRegion>
        <TextRegion orientation="0.0" id="TextRegion_1592252821054_1962" custom="readingOrder {index:1;}">
            <Coords points="1306,252 2109,252 2109,2760 1306,2760"/>
            <TextLine id="r1l3" custom="readingOrder {index:0;}">
                <Coords points="1332,373 2105,374 2105,328 2032,317 1754,338 1691,318 1332,324"/>
                <Baseline points="1337,363 1375,363 1413,363 1451,363 1489,363 1527,363 1565,362 1604,362 1642,362 1680,362 1718,362 1756,362 1794,362 1832,362 1871,362 1909,362 1947,363 1985,363 2023,363 2061,363 2100,363"/>
                <TextEquiv>
                    <Unicode>sippus / Teno / &amp; Empedocles: vt refert Lactan-</Unicode>
                </TextEquiv>
            </TextLine>
            <TextLine id="r1l5" custom="readingOrder {index:1;}">
                <Coords points="1333,417 2090,414 2090,380 2056,370 1333,373"/>
                <Baseline points="1338,408 1375,408 1412,407 1450,407 1487,407 1524,407 1562,407 1599,407 1636,407 1674,405 1711,405 1748,405 1786,405 1823,405 1860,405 1898,407 1935,407 1972,407 2010,408 2047,408 2085,410"/>
                <TextEquiv>
                    <Unicode>tius tertio diuinarum institutionum. cap. xviii. Dico</Unicode>
                </TextEquiv>
            </TextLine>
            <TextLine id="r1l7" custom="readingOrder {index:2;}">
                <Coords points="1335,466 2099,458 2099,419 2045,416 1335,418"/>
                <Baseline points="1340,452 1377,452 1415,452 1453,450 1490,450 1528,450 1566,450 1603,450 1641,450 1679,450 1717,449 1754,449 1792,449 1830,450 1867,450 1905,450 1943,450 1980,450 2018,452 2056,452 2094,453"/>
                <TextEquiv>
                    <Unicode>secundo argumentum non esse multum efficax. Propter</Unicode>
                </TextEquiv>
            </TextLine>
            <TextLine id="r1l9" custom="readingOrder {index:3;}">
                <Coords points="1335,512 2101,512 2101,468 2053,459 1335,466"/>
                <Baseline points="1340,497 1377,497 1415,497 1453,497 1491,495 1529,495 1566,495 1604,495 1642,495 1680,495 1718,494 1755,494 1793,494 1831,494 1869,494 1907,494 1944,495 1982,495 2020,495 2058,496 2096,497"/>
                <TextEquiv>
                    <Unicode>ea aliter argumentor. In lumine naturali demostra</Unicode>
                </TextEquiv>
            </TextLine>
            <TextLine id="r1l11" custom="readingOrder {index:4;}">
                <Coords points="1341,549 2101,552 2101,512 2059,503 1341,506"/>
                <Baseline points="1346,542 1383,542 1421,542 1458,540 1496,540 1533,540 1571,540 1608,540 1646,540 1683,540 1721,540 1758,540 1796,540 1833,540 1871,540 1908,540 1946,540 1983,540 2021,540 2058,539 2096,539"/>
                <TextEquiv>
                    <Unicode>tiue probari potest quod est vnum ens supremum, affir-</Unicode>
                </TextEquiv>
            </TextLine>
            <TextLine id="r1l13" custom="readingOrder {index:5;}">
                <Coords points="1332,597 2093,594 2073,548 1332,551"/>
                <Baseline points="1337,585 1374,585 1412,585 1449,585 1487,585 1524,585 1562,584 1599,584 1637,584 1674,584 1712,584 1750,584 1787,584 1825,584 1862,584 1900,584 1937,584 1975,584 2012,584 2050,584 2088,584"/>
                <TextEquiv>
                    <Unicode>matiue capiendo superlatiuum, quod patet ex secunda</Unicode>
                </TextEquiv>
            </TextLine>
            <TextLine id="r1l15" custom="readingOrder {index:6;}">
                <Coords points="1335,642 2090,636 2071,593 1335,596"/>
                <Baseline points="1340,630 1377,630 1414,630 1451,629 1489,629 1526,629 1563,629 1600,629 1638,627 1675,627 1712,627 1749,627 1787,627 1824,627 1861,627 1898,627 1936,627 1973,627 2010,627 2047,627 2085,627"/>
                <TextEquiv>
                    <Unicode>dist. primi. &amp; illud ens apud philosophos est hoc</Unicode>
                </TextEquiv>
            </TextLine>
            <TextLine id="r1l17" custom="readingOrder {index:7;}">
                <Coords points="1339,687 2096,687 2096,649 1339,650"/>
                <Baseline points="1344,674 1381,674 1418,674 1456,674 1493,674 1530,674 1568,674 1605,674 1642,672 1680,672 1717,672 1754,672 1792,671 1829,671 1866,671 1904,671 1941,672 1978,672 2016,672 2053,674 2091,674"/>
                <TextEquiv>
                    <Unicode>quod deum vocamus, quod ens est intelligens &amp; volens,</Unicode>
                </TextEquiv>
            </TextLine>
            <TextLine id="r1l19" custom="readingOrder {index:8;}">
                <Coords points="1338,737 2092,732 2092,689 2036,678 1338,687"/>
                <Baseline points="1343,719 1380,719 1417,718 1454,717 1491,717 1529,717 1566,717 1603,716 1640,716 1677,716 1715,716 1752,716 1789,716 1826,716 1863,716 1901,716 1938,716 1975,716 2012,716 2049,716 2087,716"/>
                <TextEquiv>
                    <Unicode>&amp; adorandum, &amp; praemia dat bonis / &amp; malis supplicia.</Unicode>
                </TextEquiv>
            </TextLine>
            <TextLine id="r1l21" custom="readingOrder {index:9;}">
                <Coords points="1341,781 2074,780 2083,732 1341,737"/>
                <Baseline points="1346,762 1382,762 1419,762 1455,762 1492,762 1529,761 1565,761 1602,761 1638,761 1675,761 1712,761 1748,761 1785,761 1821,761 1858,761 1895,761 1931,761 1968,761 2004,761 2041,759 2078,759"/>
                <TextEquiv>
                    <Unicode>plerique enim boni in hac vita mortali a tyrannis op</Unicode>
                </TextEquiv>
            </TextLine>
            <TextLine id="r1l23" custom="readingOrder {index:10;}">
                <Coords points="1342,826 1923,807 1979,825 2101,812 2101,780 1342,781"/>
                <Baseline points="1347,807 1384,807 1421,807 1459,807 1496,807 1534,807 1571,806 1609,806 1646,806 1684,806 1721,806 1758,806 1796,806 1833,805 1871,804 1908,804 1946,804 1983,804 2021,804 2058,803 2096,803"/>
                <TextEquiv>
                    <Unicode>primutur: &amp; omnia eis sunt aduersa: ergo datur</Unicode>
                </TextEquiv>
            </TextLine>
            <TextLine id="r1l25" custom="readingOrder {index:11;}">
                <Coords points="1340,864 2106,857 2105,825 2037,811 1339,826"/>
                <Baseline points="1344,852 1381,852 1419,852 1457,851 1495,851 1533,851 1570,851 1608,851 1646,850 1684,849 1722,849 1759,849 1797,849 1835,849 1873,848 1911,848 1948,848 1986,848 2024,848 2062,848 2100,848"/>
                <TextEquiv>
                    <Unicode>aliud tempus poenae &amp; praemii: &amp; nonnisi post separa-</Unicode>
                </TextEquiv>
            </TextLine>
            <TextLine id="r1l27" custom="readingOrder {index:12;}">
                <Coords points="1339,904 2060,906 2105,899 2105,858 1339,867"/>
                <Baseline points="1344,894 1381,894 1419,894 1457,894 1495,894 1533,894 1570,894 1608,894 1646,894 1684,894 1722,893 1759,893 1797,893 1835,893 1873,891 1911,891 1948,891 1986,891 2024,891 2062,891 2100,891"/>
                <TextEquiv>
                    <Unicode>tionem animae a corpore. igitur. Totus iste discur-</Unicode>
                </TextEquiv>
            </TextLine>
            <TextLine id="r1l29" custom="readingOrder {index:13;}">
                <Coords points="1338,951 2096,953 2095,902 1338,907"/>
                <Baseline points="1343,938 1380,938 1417,939 1455,939 1492,939 1530,939 1567,939 1604,938 1642,938 1679,938 1717,938 1754,938 1791,938 1829,936 1866,936 1904,936 1941,936 1978,936 2016,936 2053,936 2091,936"/>
                <TextEquiv>
                    <Unicode>sus est ferme demonstratiuus. ad demonstrationem</Unicode>
                </TextEquiv>
            </TextLine>
            <TextLine id="r1l31" custom="readingOrder {index:14;}">
                <Coords points="1344,993 2043,996 2087,991 2087,953 1344,960"/>
                <Baseline points="1349,984 1385,984 1422,984 1458,983 1495,983 1532,983 1568,983 1605,981 1642,981 1678,981 1715,981 1752,981 1788,981 1825,980 1862,980 1898,980 1935,980 1972,980 2008,980 2045,981 2082,981"/>
                <TextEquiv>
                    <Unicode>enim moralem non requiritur quod homo nullo modo</Unicode>
                </TextEquiv>
            </TextLine>
            <TextLine id="r1l33" custom="readingOrder {index:15;}">
                <Coords points="1335,1050 2104,1036 2103,1000 1984,989 1334,1003"/>
                <Baseline points="1340,1031 1379,1029 1419,1029 1459,1028 1499,1028 1539,1026 1579,1026 1619,1026 1659,1025 1699,1025 1739,1025 1779,1025 1819,1025 1859,1025 1899,1025 1939,1025 1979,1025 2019,1025 2059,1026 2099,1026"/>
                <TextEquiv>
                    <Unicode>possit euadere ei contraueniendo. Confirmatur haec</Unicode>
                </TextEquiv>
            </TextLine>
            <TextLine id="r1l35" custom="readingOrder {index:16;}">
                <Coords points="1333,1079 2070,1083 2096,1078 2096,1034 1391,1035 1333,1055"/>
                <Baseline points="1338,1073 1375,1071 1413,1071 1450,1071 1488,1071 1526,1071 1563,1071 1601,1071 1639,1071 1676,1070 1714,1070 1752,1070 1789,1070 1827,1070 1865,1070 1902,1070 1940,1070 1978,1069 2015,1068 2053,1068 2091,1070"/>
                <TextEquiv>
                    <Unicode>ratio. insculptum est cordibus hominum communissi-</Unicode>
                </TextEquiv>
            </TextLine>
            <TextLine id="r1l37" custom="readingOrder {index:17;}">
                <Coords points="1332,1127 1415,1147 1543,1120 2089,1122 2088,1087 2026,1078 1331,1085"/>
                <Baseline points="1337,1118 1374,1118 1411,1118 1449,1118 1486,1118 1523,1116 1561,1116 1598,1116 1635,1115 1673,1115 1710,1115 1747,1114 1785,1113 1822,1113 1859,1113 1897,1113 1934,1113 1971,1113 2009,1113 2046,1113 2084,1113"/>
                <TextEquiv>
                    <Unicode>me quod poena &amp; praemium sunt expectanda in alia vi</Unicode>
                </TextEquiv>
            </TextLine>
            <TextLine id="r1l39" custom="readingOrder {index:18;}">
                <Coords points="1336,1170 2098,1169 2097,1123 1336,1136"/>
                <Baseline points="1341,1161 1378,1161 1416,1160 1453,1160 1491,1160 1529,1160 1566,1158 1604,1158 1641,1158 1679,1158 1717,1157 1754,1157 1792,1157 1829,1157 1867,1157 1905,1157 1942,1157 1980,1157 2017,1157 2055,1157 2093,1157"/>
                <TextEquiv>
                    <Unicode>ta pro ponis operibus, &amp; malis. ita enim gentiles in quali</Unicode>
                </TextEquiv>
            </TextLine>
            <TextLine id="r1l41" custom="readingOrder {index:19;}">
                <Coords points="1342,1214 2099,1211 2083,1166 1342,1171"/>
                <Baseline points="1347,1206 1384,1205 1421,1205 1459,1203 1496,1203 1533,1203 1571,1203 1608,1202 1645,1202 1683,1202 1720,1202 1757,1202 1795,1202 1832,1203 1869,1202 1907,1202 1944,1202 1981,1202 2019,1202 2056,1200 2094,1200"/>
                <TextEquiv>
                    <Unicode>bet secta ab orbe condito rati sunt / vt notum euadit</Unicode>
                </TextEquiv>
            </TextLine>
            <TextLine id="r1l43" custom="readingOrder {index:20;}">
                <Coords points="1341,1255 2014,1265 2098,1255 2098,1211 1341,1213"/>
                <Baseline points="1346,1250 1383,1248 1420,1248 1458,1248 1495,1247 1532,1247 1570,1247 1607,1247 1644,1247 1682,1247 1719,1247 1756,1247 1794,1247 1831,1247 1868,1247 1906,1247 1943,1247 1980,1247 2018,1247 2055,1247 2093,1245"/>
                <TextEquiv>
                    <Unicode>legenti chronographos. ergo non est quaerenda alia ra-</Unicode>
                </TextEquiv>
            </TextLine>
            <TextLine id="r1l45" custom="readingOrder {index:21;}">
                <Coords points="1341,1304 2090,1298 2090,1264 2044,1253 1341,1264"/>
                <Baseline points="1346,1292 1384,1292 1423,1292 1462,1292 1501,1292 1540,1292 1579,1292 1618,1292 1657,1292 1696,1290 1734,1290 1773,1290 1812,1290 1851,1290 1890,1289 1929,1289 1968,1289 2007,1289 2046,1289 2085,1290"/>
                <TextEquiv>
                    <Unicode>tio. principiorum enim non est quaerenda ratio. primo</Unicode>
                </TextEquiv>
            </TextLine>
            <TextLine id="r1l47" custom="readingOrder {index:22;}">
                <Coords points="1332,1353 2056,1354 2093,1348 2093,1305 1332,1308"/>
                <Baseline points="1337,1337 1374,1337 1412,1337 1449,1337 1487,1337 1524,1337 1562,1337 1599,1337 1637,1337 1674,1335 1712,1335 1750,1335 1787,1335 1825,1334 1862,1334 1900,1334 1937,1334 1975,1334 2012,1334 2050,1334 2088,1334"/>
                <TextEquiv>
                    <Unicode>Posteriorum. potest exemplum dari de vno principio</Unicode>
                </TextEquiv>
            </TextLine>
            <TextLine id="r1l49" custom="readingOrder {index:23;}">
                <Coords points="1347,1396 2099,1400 2099,1345 1347,1352"/>
                <Baseline points="1352,1382 1389,1380 1426,1380 1463,1380 1500,1380 1537,1380 1574,1379 1611,1379 1648,1379 1685,1379 1723,1379 1760,1379 1797,1379 1834,1379 1871,1379 1908,1379 1945,1379 1982,1379 2019,1379 2056,1379 2094,1377"/>
                <TextEquiv>
                    <Unicode>quaerendo, quare homines assentiuntur huic, boni sunt</Unicode>
                </TextEquiv>
            </TextLine>
            <TextLine id="r1l51" custom="readingOrder {index:24;}">
                <Coords points="1332,1428 2093,1438 2093,1397 2049,1389 1332,1388"/>
                <Baseline points="1337,1424 1374,1424 1412,1425 1449,1425 1487,1425 1524,1425 1562,1425 1599,1424 1637,1424 1674,1424 1712,1424 1750,1424 1787,1424 1825,1424 1862,1424 1900,1424 1937,1424 1975,1422 2012,1422 2050,1422 2088,1422"/>
                <TextEquiv>
                    <Unicode>laudandi: &amp; standum est tandem in hoc quia sapientes</Unicode>
                </TextEquiv>
            </TextLine>
            <TextLine id="r1l53" custom="readingOrder {index:25;}">
                <Coords points="1342,1478 1910,1494 2098,1474 2098,1440 2056,1429 1905,1448 1342,1436"/>
                <Baseline points="1347,1470 1384,1470 1421,1470 1458,1469 1496,1469 1533,1469 1570,1469 1608,1469 1645,1469 1682,1469 1720,1469 1757,1469 1794,1470 1831,1469 1869,1469 1906,1469 1943,1469 1981,1469 2018,1467 2055,1467 2093,1466"/>
                <TextEquiv>
                    <Unicode>illi protinus assentiuntur. &amp; hoc est quod innuebat</Unicode>
                </TextEquiv>
            </TextLine>
            <TextLine id="r1l55" custom="readingOrder {index:26;}">
                <Coords points="1347,1532 2092,1527 2092,1483 2047,1476 1347,1477"/>
                <Baseline points="1352,1515 1388,1515 1425,1515 1462,1515 1499,1515 1535,1515 1572,1514 1609,1514 1646,1514 1682,1514 1719,1512 1756,1512 1793,1512 1829,1512 1866,1511 1903,1511 1940,1511 1976,1511 2013,1512 2050,1512 2087,1512"/>
                <TextEquiv>
                    <Unicode>Apostolus. i. ad Corinthios. xv. dicens. Si in hac</Unicode>
                </TextEquiv>
            </TextLine>
            <TextLine id="r1l57" custom="readingOrder {index:27;}">
                <Coords points="1350,1569 2072,1567 2104,1561 2104,1527 1350,1530"/>
                <Baseline points="1355,1559 1392,1559 1429,1557 1466,1557 1503,1557 1541,1557 1578,1556 1615,1556 1652,1556 1689,1556 1727,1556 1764,1556 1801,1556 1838,1556 1875,1556 1913,1556 1950,1556 1987,1555 2024,1554 2061,1554 2099,1553"/>
                <TextEquiv>
                    <Unicode>vita tamenm, in Christo sperantes sumus: miserabilio-</Unicode>
                </TextEquiv>
            </TextLine>
            <TextLine id="r1l59" custom="readingOrder {index:28;}">
                <Coords points="1344,1613 1952,1603 2005,1621 2111,1607 2111,1563 1344,1574"/>
                <Baseline points="1349,1601 1386,1601 1424,1601 1462,1602 1500,1601 1538,1601 1576,1601 1613,1601 1651,1601 1689,1601 1727,1601 1765,1601 1803,1601 1841,1601 1878,1599 1916,1599 1954,1599 1992,1599 2030,1599 2068,1601 2106,1601"/>
                <TextEquiv>
                    <Unicode>res sumus omnibus hominibus. indicans oppositum</Unicode>
                </TextEquiv>
            </TextLine>
            <TextLine id="r1l60" custom="readingOrder {index:29;}">
                <Coords points="1345,1661 2105,1650 2104,1622 2038,1611 1344,1614"/>
                <Baseline points="1350,1647 1387,1647 1425,1647 1462,1647 1500,1647 1537,1647 1575,1646 1612,1646 1650,1646 1687,1646 1725,1646 1762,1644 1800,1644 1837,1644 1875,1644 1912,1643 1950,1643 1987,1643 2025,1643 2062,1643 2100,1644"/>
                <TextEquiv>
                    <Unicode>inopinabile apud omnem sapientem in lumine natu-</Unicode>
                </TextEquiv>
            </TextLine>
            <TextLine id="r1l62" custom="readingOrder {index:30;}">
                <Coords points="1335,1703 2111,1693 2110,1659 2052,1650 1334,1665"/>
                <Baseline points="1340,1691 1378,1691 1416,1692 1454,1692 1493,1692 1531,1691 1569,1691 1608,1691 1646,1689 1684,1689 1723,1689 1761,1688 1799,1688 1837,1687 1876,1686 1914,1686 1952,1686 1991,1686 2029,1686 2067,1687 2106,1688"/>
                <TextEquiv>
                    <Unicode>rali. Numquid Aristoteles in Politicis dicit sacer-</Unicode>
                </TextEquiv>
            </TextLine>
            <TextLine id="r1l64" custom="readingOrder {index:31;}">
                <Coords points="1347,1754 2056,1751 2108,1742 2108,1699 1347,1700"/>
                <Baseline points="1352,1736 1389,1736 1427,1735 1464,1734 1502,1734 1539,1734 1577,1733 1614,1733 1652,1733 1689,1733 1727,1733 1765,1733 1802,1733 1840,1733 1877,1733 1915,1733 1952,1733 1990,1733 2027,1733 2065,1733 2103,1733"/>
                <TextEquiv>
                    <Unicode>dotes &amp; cultui diuino deditos, esse vnam magnam</Unicode>
                </TextEquiv>
            </TextLine>
            <TextLine id="r1l66" custom="readingOrder {index:32;}">
                <Coords points="1342,1803 2095,1790 2104,1746 1342,1756"/>
                <Baseline points="1347,1782 1384,1781 1422,1780 1459,1779 1497,1779 1535,1779 1572,1779 1610,1778 1647,1778 1685,1778 1723,1778 1760,1778 1798,1778 1835,1778 1873,1778 1911,1778 1948,1778 1986,1776 2023,1776 2061,1775 2099,1775"/>
                <TextEquiv>
                    <Unicode>partem ciuitatis? &amp; sic antiqui, quorum politias reci-</Unicode>
                </TextEquiv>
            </TextLine>
            <TextLine id="r1l68" custom="readingOrder {index:33;}">
                <Coords points="1348,1834 1698,1829 1800,1850 1921,1823 2110,1832 2110,1800 2022,1783 1348,1801"/>
                <Baseline points="1353,1827 1390,1826 1428,1826 1465,1824 1503,1824 1541,1824 1578,1823 1616,1823 1653,1823 1691,1823 1729,1823 1766,1823 1804,1823 1841,1823 1879,1821 1917,1821 1954,1821 1992,1821 2029,1821 2067,1820 2105,1820"/>
                <TextEquiv>
                    <Unicode>tat. Hoc notum est apud Aegyptios sacerdotes.</Unicode>
                </TextEquiv>
            </TextLine>
            <TextLine id="r1l70" custom="readingOrder {index:34;}">
                <Coords points="1344,1880 2105,1874 2104,1828 1343,1837"/>
                <Baseline points="1349,1871 1386,1870 1424,1869 1461,1869 1499,1868 1536,1868 1574,1868 1611,1866 1649,1866 1686,1866 1724,1866 1762,1866 1799,1865 1837,1865 1874,1865 1912,1865 1949,1865 1987,1865 2024,1865 2062,1866 2100,1866"/>
                <TextEquiv>
                    <Unicode>lege Diodorum Siculum, Herodotum, &amp; alios. Et cum</Unicode>
                </TextEquiv>
            </TextLine>
            <TextLine id="r1l72" custom="readingOrder {index:35;}">
                <Coords points="1353,1927 2098,1921 2098,1872 1353,1884"/>
                <Baseline points="1358,1913 1394,1913 1431,1913 1468,1913 1505,1911 1541,1911 1578,1911 1615,1911 1652,1911 1688,1911 1725,1911 1762,1911 1799,1911 1835,1911 1872,1911 1909,1911 1946,1910 1982,1910 2019,1910 2056,1910 2093,1910"/>
                <TextEquiv>
                    <Unicode>omnes in hoc conveniant: signum est cordibus hominum</Unicode>
                </TextEquiv>
            </TextLine>
            <TextLine id="r1l74" custom="readingOrder {index:36;}">
                <Coords points="1357,1966 2023,1970 2101,1961 2101,1922 1357,1926"/>
                <Baseline points="1362,1959 1398,1959 1435,1958 1472,1958 1508,1957 1545,1956 1582,1956 1618,1955 1655,1955 1692,1955 1729,1953 1765,1953 1802,1953 1839,1953 1875,1953 1912,1953 1949,1953 1985,1953 2022,1953 2059,1953 2096,1955"/>
                <TextEquiv>
                    <Unicode>d esse insculptum. Haec vltima ratio cum sua confir</Unicode>
                </TextEquiv>
            </TextLine>
            <TextLine id="r1l76" custom="readingOrder {index:37;}">
                <Coords points="1354,2012 2017,2014 2101,2005 2101,1965 1354,1976"/>
                <Baseline points="1359,2004 1395,2003 1432,2002 1469,2001 1506,2001 1543,2000 1580,2000 1616,1998 1653,1998 1690,1998 1727,1997 1764,1997 1801,1997 1838,1997 1874,1997 1911,1997 1948,1997 1985,1998 2022,1998 2059,1998 2096,2000"/>
                <TextEquiv>
                    <Unicode>matione mihi demonstrant hanc conclusionem tertiam.</Unicode>
                </TextEquiv>
            </TextLine>
            <TextLine id="r1l78" custom="readingOrder {index:38;}">
                <Coords points="1341,2058 1993,2058 2101,2049 2101,2006 1341,2017"/>
                <Baseline points="1346,2048 1383,2047 1421,2046 1458,2045 1496,2044 1533,2043 1571,2043 1608,2042 1646,2042 1683,2042 1721,2042 1758,2042 1796,2042 1833,2042 1871,2042 1908,2042 1946,2042 1983,2042 2021,2042 2058,2042 2096,2042"/>
                <TextEquiv>
                    <Unicode>Nec respicio ad euasiones non apparentes: quia ille</Unicode>
                </TextEquiv>
            </TextLine>
            <TextLine id="r1l80" custom="readingOrder {index:39;}">
                <Coords points="1348,2100 2099,2100 2104,2048 1347,2064"/>
                <Baseline points="1353,2091 1390,2090 1427,2090 1465,2090 1502,2090 1539,2088 1577,2088 1614,2087 1651,2087 1689,2087 1726,2085 1763,2085 1801,2085 1838,2084 1875,2084 1913,2084 1950,2085 1987,2085 2025,2085 2062,2087 2100,2088"/>
                <TextEquiv>
                    <Unicode>non impediunt demonstrationes morales. Nihil est</Unicode>
                </TextEquiv>
            </TextLine>
            <TextLine id="r1l82" custom="readingOrder {index:40;}">
                <Coords points="1354,2145 2068,2150 2101,2138 2101,2095 1354,2104"/>
                <Baseline points="1359,2136 1395,2135 1432,2135 1469,2133 1506,2133 1543,2133 1580,2132 1616,2132 1653,2132 1690,2130 1727,2130 1764,2130 1801,2130 1838,2130 1874,2130 1911,2130 1948,2130 1985,2130 2022,2130 2059,2132 2096,2132"/>
                <TextEquiv>
                    <Unicode>dicere quod actus bonus est praemium sui. quia non est</Unicode>
                </TextEquiv>
            </TextLine>
            <TextLine id="r1l84" custom="readingOrder {index:41;}">
                <Coords points="1346,2203 1824,2178 2089,2198 2099,2138 1345,2149"/>
                <Baseline points="1350,2181 1387,2180 1424,2178 1461,2178 1498,2178 1536,2177 1573,2177 1610,2175 1647,2175 1684,2175 1722,2175 1759,2175 1796,2174 1833,2174 1870,2174 1908,2175 1945,2175 1982,2175 2019,2175 2056,2175 2094,2175"/>
                <TextEquiv>
                    <Unicode>sufficiens praemium sui. nam quaero abs te, vnde sit hoc quod</Unicode>
                </TextEquiv>
            </TextLine>
            <TextLine id="r1l86" custom="readingOrder {index:42;}">
                <Coords points="1356,2234 2111,2230 2110,2185 2045,2181 1356,2203"/>
                <Baseline points="1361,2223 1398,2223 1435,2223 1472,2223 1510,2223 1547,2222 1584,2222 1621,2221 1659,2220 1696,2220 1733,2219 1770,2219 1808,2219 1845,2217 1882,2217 1919,2217 1957,2219 1994,2219 2031,2220 2068,2221 2106,2223"/>
                <TextEquiv>
                    <Unicode>omnes homines expectant in alio saeculo praemium vel</Unicode>
                </TextEquiv>
            </TextLine>
            <TextLine id="r1l88" custom="readingOrder {index:43;}">
                <Coords points="1352,2290 2108,2272 2107,2230 1351,2236"/>
                <Baseline points="1356,2271 1393,2270 1430,2270 1467,2268 1505,2268 1542,2268 1579,2267 1617,2266 1654,2265 1691,2265 1729,2264 1766,2264 1803,2263 1840,2262 1878,2262 1915,2261 1952,2261 1990,2261 2027,2261 2064,2261 2102,2261"/>
                <TextEquiv>
                    <Unicode>poenam pro bonis operibus vel malis, siue ab vno</Unicode>
                </TextEquiv>
            </TextLine>
            <TextLine id="r1l90" custom="readingOrder {index:44;}">
                <Coords points="1359,2331 2114,2311 2113,2275 2083,2268 1933,2288 1884,2270 1358,2279"/>
                <Baseline points="1364,2316 1401,2316 1438,2315 1475,2313 1513,2312 1550,2312 1587,2310 1624,2310 1662,2310 1699,2309 1736,2309 1773,2309 1811,2308 1848,2307 1885,2307 1922,2307 1960,2307 1997,2306 2034,2306 2071,2306 2109,2306"/>
                <TextEquiv>
                    <Unicode>deo, siue a pluribus, siue a loue, siue a Marte, si-</Unicode>
                </TextEquiv>
            </TextLine>
            <TextLine id="r1l92" custom="readingOrder {index:45;}">
                <Coords points="1348,2381 2106,2358 2084,2316 1347,2334"/>
                <Baseline points="1353,2361 1390,2359 1427,2358 1465,2357 1502,2357 1539,2355 1577,2355 1614,2355 1651,2354 1689,2354 1726,2354 1763,2354 1801,2353 1838,2352 1875,2352 1913,2352 1950,2352 1987,2352 2025,2351 2062,2351 2100,2349"/>
                <TextEquiv>
                    <Unicode>ue ab alio putato deo. &amp; respondere non potes ra-</Unicode>
                </TextEquiv>
            </TextLine>
            <TextLine id="r1l94" custom="readingOrder {index:46;}">
                <Coords points="1344,2415 2005,2400 2113,2418 2112,2358 1344,2384"/>
                <Baseline points="1349,2405 1388,2403 1428,2402 1468,2402 1508,2400 1548,2400 1588,2400 1628,2399 1668,2399 1708,2399 1748,2399 1788,2399 1828,2397 1868,2397 1908,2397 1948,2397 1988,2397 2028,2397 2068,2396 2108,2396"/>
                <TextEquiv>
                    <Unicode>tionabiliter consequenter. Per omnes homines intelli-</Unicode>
                </TextEquiv>
            </TextLine>
            <TextLine id="r1l96" custom="readingOrder {index:47;}">
                <Coords points="1351,2469 1447,2474 1594,2451 1628,2464 1806,2459 1822,2453 1822,2406 1731,2407 1717,2420 1350,2419"/>
                <Baseline points="1355,2454 1380,2453 1406,2450 1432,2450 1457,2448 1483,2447 1509,2446 1534,2445 1560,2445 1586,2444 1611,2444 1637,2444 1663,2444 1688,2444 1714,2444 1740,2444 1765,2444 1791,2444 1817,2444"/>
                <TextEquiv>
                    <Unicode>go vniuersitatem mortalium.</Unicode>
                </TextEquiv>
            </TextLine>
            <TextLine id="r1l98" custom="readingOrder {index:48;}">
                <Coords points="1345,2544 2101,2523 2100,2485 1832,2453 1614,2491 1344,2480"/>
                <Baseline points="1350,2529 1387,2526 1424,2524 1461,2522 1499,2519 1536,2519 1573,2517 1611,2516 1648,2516 1685,2516 1723,2516 1760,2516 1797,2516 1834,2516 1872,2516 1909,2516 1946,2514 1984,2514 2021,2513 2058,2511 2096,2510"/>
                <TextEquiv>
                    <Unicode>⁋ Quarta conclusio. Sapientes te-</Unicode>
                </TextEquiv>
            </TextLine>
            <TextLine id="r1l100" custom="readingOrder {index:49;}">
                <Coords points="1355,2585 2102,2580 2108,2527 1354,2541"/>
                <Baseline points="1359,2568 1396,2568 1433,2568 1470,2568 1507,2567 1545,2567 1582,2567 1619,2567 1656,2566 1693,2565 1731,2565 1768,2564 1805,2564 1842,2564 1879,2564 1917,2562 1954,2562 1991,2562 2028,2562 2065,2562 2103,2562"/>
                <TextEquiv>
                    <Unicode>nentes animam humanam esse mortalem in solo lumi</Unicode>
                </TextEquiv>
            </TextLine>
            <TextLine id="r1l102" custom="readingOrder {index:50;}">
                <Coords points="1344,2626 2083,2627 2108,2621 2108,2578 1344,2582"/>
                <Baseline points="1349,2610 1386,2610 1424,2610 1462,2610 1499,2610 1537,2610 1575,2610 1612,2610 1650,2610 1688,2609 1726,2609 1763,2609 1801,2609 1839,2607 1876,2607 1914,2607 1952,2607 1989,2607 2027,2606 2065,2606 2103,2606"/>
                <TextEquiv>
                    <Unicode>ne naturali ambulantes etiam ante legem gratiae, non</Unicode>
                </TextEquiv>
            </TextLine>
            <TextLine id="r1l104" custom="readingOrder {index:51;}">
                <Coords points="1344,2674 2101,2669 2100,2625 2037,2613 1343,2626"/>
                <Baseline points="1349,2655 1386,2655 1423,2655 1461,2655 1498,2655 1535,2655 1573,2655 1610,2655 1647,2654 1685,2654 1722,2654 1759,2653 1797,2652 1834,2652 1871,2651 1909,2651 1946,2650 1983,2649 2021,2649 2058,2649 2096,2648"/>
                <TextEquiv>
                    <Unicode>sunt excusati a peccato. Dico ante lege gratiae: quia</Unicode>
                </TextEquiv>
            </TextLine>
            <TextLine id="r1l106" custom="readingOrder {index:52;}">
                <Coords points="1344,2720 2070,2712 2113,2700 2113,2669 1344,2674"/>
                <Baseline points="1349,2702 1388,2702 1428,2702 1468,2702 1508,2702 1548,2700 1588,2700 1628,2700 1668,2699 1708,2699 1748,2697 1788,2697 1828,2696 1868,2695 1908,2694 1948,2694 1988,2693 2028,2693 2068,2693 2108,2693"/>
                <TextEquiv>
                    <Unicode>pro tempore legis gratiae cuilibet ratione vtenti haec</Unicode>
                </TextEquiv>
            </TextLine>
            <TextLine id="r1l108" custom="readingOrder {index:53;}">
                <Coords points="1350,2770 1876,2746 1943,2766 1997,2745 2070,2765 2108,2757 2107,2701 1349,2721"/>
                <Baseline points="1355,2750 1392,2750 1429,2750 1467,2748 1504,2748 1542,2748 1579,2747 1616,2747 1654,2745 1691,2745 1729,2744 1766,2744 1803,2743 1841,2742 1878,2741 1916,2741 1953,2741 1990,2739 2028,2739 2065,2739 2103,2739"/>
                <TextEquiv>
                    <Unicode>propositio, Anima humana est immortalis, est</Unicode>
                </TextEquiv>
            </TextLine>
            <TextEquiv>
                <Unicode>sippus / Teno / &amp; Empedocles: vt refert Lactan-
tius tertio diuinarum institutionum. cap. xviii. Dico
secundo argumentum non esse multum efficax. Propter
ea aliter argumentor. In lumine naturali demostra
tiue probari potest quod est vnum ens supremum, affir-
matiue capiendo superlatiuum, quod patet ex secunda
dist. primi. &amp; illud ens apud philosophos est hoc
quod deum vocamus, quod ens est intelligens &amp; volens,
&amp; adorandum, &amp; praemia dat bonis / &amp; malis supplicia.
plerique enim boni in hac vita mortali a tyrannis op
primutur: &amp; omnia eis sunt aduersa: ergo datur
aliud tempus poenae &amp; praemii: &amp; nonnisi post separa-
tionem animae a corpore. igitur. Totus iste discur-
sus est ferme demonstratiuus. ad demonstrationem
enim moralem non requiritur quod homo nullo modo
possit euadere ei contraueniendo. Confirmatur haec
ratio. insculptum est cordibus hominum communissi-
me quod poena &amp; praemium sunt expectanda in alia vi
ta pro ponis operibus, &amp; malis. ita enim gentiles in quali
bet secta ab orbe condito rati sunt / vt notum euadit
legenti chronographos. ergo non est quaerenda alia ra-
tio. principiorum enim non est quaerenda ratio. primo
Posteriorum. potest exemplum dari de vno principio
quaerendo, quare homines assentiuntur huic, boni sunt
laudandi: &amp; standum est tandem in hoc quia sapientes
illi protinus assentiuntur. &amp; hoc est quod innuebat
Apostolus. i. ad Corinthios. xv. dicens. Si in hac
vita tamenm, in Christo sperantes sumus: miserabilio-
res sumus omnibus hominibus. indicans oppositum
inopinabile apud omnem sapientem in lumine natu-
rali. Numquid Aristoteles in Politicis dicit sacer-
dotes &amp; cultui diuino deditos, esse vnam magnam
partem ciuitatis? &amp; sic antiqui, quorum politias reci-
tat. Hoc notum est apud Aegyptios sacerdotes.
lege Diodorum Siculum, Herodotum, &amp; alios. Et cum
omnes in hoc conveniant: signum est cordibus hominum
d esse insculptum. Haec vltima ratio cum sua confir
matione mihi demonstrant hanc conclusionem tertiam.
Nec respicio ad euasiones non apparentes: quia ille
non impediunt demonstrationes morales. Nihil est
dicere quod actus bonus est praemium sui. quia non est
sufficiens praemium sui. nam quaero abs te, vnde sit hoc quod
omnes homines expectant in alio saeculo praemium vel
poenam pro bonis operibus vel malis, siue ab vno
deo, siue a pluribus, siue a loue, siue a Marte, si-
ue ab alio putato deo. &amp; respondere non potes ra-
tionabiliter consequenter. Per omnes homines intelli-
go vniuersitatem mortalium.
⁋ Quarta conclusio. Sapientes te-
nentes animam humanam esse mortalem in solo lumi
ne naturali ambulantes etiam ante legem gratiae, non
sunt excusati a peccato. Dico ante lege gratiae: quia
pro tempore legis gratiae cuilibet ratione vtenti haec
propositio, Anima humana est immortalis, est</Unicode>
            </TextEquiv>
        </TextRegion>
    </Page>
</PcGts>
