2356 3327
492 340 1246 407 Prima est. Licet voluntas dei sit causa initerandi
494 404 1250 450 baptismatis: tamen character est argumentum saltem
501 449 1246 505 a posteriori ad hoc concludendum. Prior pars patet
486 492 1259 541 quia ista tria sacramenta sunt initerabilia, bapti-
480 536 1252 582 smus, confirmatio, & ordo: in quibus imprimitur
489 578 1259 632 character: & haec sola tria sunt initerabilia. Conse
492 622 1247 682 quenter assumptis veris oportet dicere quod quinque
480 669 1246 720 sunt characteres specie specialissima distincti: tres
484 716 1241 765 in ordine: & forte plures: & duo in istis sacramer
490 757 1247 803 tis. Quia specie differant apparet propter differentes
495 804 1243 852 effectus. sed haec suasio est tenuis. ⁋ Secunda cor
496 849 1241 895 clusio. scienter suscipiens bis baptismum incurri
483 888 1249 946 poenam canonicam: hoc est poen am inflictam a canone,
483 943 1249 996 qiuis eum lateat quae sit illa poena. Probatur. quia talis
483 982 1240 1030 dat operam rei illicitae: quemadmodum percutiens clerici
489 1024 1247 1083 est excommunicatus ipso facto: etsi latuit percutientem quod
483 1068 1235 1125 canones inferant tales poenas. Illa autem poena in i
490 1115 1244 1169 posito est irregularitas, quod patet de apostatis &
478 1160 1241 1206 reiterantibus baptismum. Ex literarum. Quidam aco
483 1204 1252 1256 lytus ministrauit sacramentum baptismi suo fratri
490 1247 1256 1295 languenti: vt liberaretur a graui infirmitate qua la-
490 1291 1250 1342 borabat. Pontifex Ronanus definiuit: quod si pu-
490 1335 1247 1382 blicatum sit: ad superiores ordines promoueri non de
474 1375 1252 1423 beat: nisi ad religionem transierit: vt fauore religio
472 1423 1235 1480 nis ipsius valeat dispensari. Si vero occultum sit: u
478 1466 1241 1519 moueri poterit. lstud habetur de consec. dist. iiii
483 1515 1238 1573 Qui bis ignoranter baptizati sunt, non indigent pro
478 1560 1247 1603 eo poenitere: nisi quod secundum canones ordinari non
477 1602 1240 1658 possunt: nisi aliquam magna necessitas cogat. Qum
481 1652 1250 1703 autem non ignari iterum baptizati sunt: quia quasi ite-
481 1686 1235 1738 rum crucifixerunt Christum: per septem annos poeniteant
486 1734 1247 1783 Quarta & sexta feria & tres quadragesimas ieiu
480 1783 1249 1837 nent, si pro vitio aliquo fecerint. similiter si pro mun
477 1822 1235 1870 ditia putauerint: tribus annis similiter poeniteant
480 1864 1235 1919 Ex isto patet quod qui dubitat an sit baptizatus nent
471 1911 1244 1956 ne: potest ire ad baptisma: & non incurret istam irte-
477 1957 1247 2009 gularitatem: nec eum baptizans presbyter tenetur fa-
483 2005 1234 2054 cere solertem indaginem ad inuestigandum: an paru
481 2046 1235 2096 lus vel adultus sit alibi baptizatus. lstud pate
478 2095 1241 2140 de Consecratione dist. iiii. Cum itaque baptismi sui
483 2138 1247 2191 nihil recordetur qui regenerationis est cupidus,
481 2178 1238 2240 nec aliter de eo possit attestari &c. & paulo post.
487 2224 1235 2274 Sed in hoc simile nihil formidatur, quonia nor
489 2272 1248 2317 potest in iterationis crimemn venire, quod omnino factum
480 2307 1247 2375 esse nescitur. Secundum leges autem laicus est decapi-
470 2358 1034 2407 tandus: & presbyter deponenlus.
486 2405 1232 2487 ⁋ Contra istas conclusiones arguitui
483 2485 1244 2543 quod bis baptizatus scienter non incurrat hanc poetiam
477 2536 1240 2583 canonicam: & pono per casus quod duo vel tres simul
468 2571 1244 2623 baptizent vnum paruulum: sic scilicet quod quilibet eorum
481 2618 1237 2669 trium simul & semel incipiat aspergere aquam / & pro-
482 2661 1241 2724 ferre verba. Arguitur sic. Vnus eorum baptizat: &
475 2713 1247 2760 non est maior ratio de vno quam de alio: ergo ille par
477 2749 1245 2817 uulus baptizatur a pluribus. ergo pluries bapti-
1330 352 2082 426 zatur. Forte negas quod ille paruulus baptizetur
1323 407 2101 465 Rursus arguitur sic. si vnus solus aspersisset &
1329 451 2095 503 protulisset verba: clarum est quod ille baptizasset: er-
1326 503 2086 547 go si alter cum ipso proiecisset aquam super paruulum
1329 548 2098 596 proferendo verba, ille alium non impediuisset. ltem
1318 590 2092 646 si idem ponatur in diuersis locis: quamuis duo presbyte
1317 634 2081 682 ri illud sciant: qui vident paruulum in necessitate
1320 677 2093 732 vterque presbyter tenetur paruulum baptizare: quia
1326 718 2093 784 dubitat de vita paruuli: & nescit an aliquis eum
1320 761 2083 815 baptizat. ergo vterque debet illum paruulu baptiza
1320 812 2092 863 re. ⁋ Huic argumento respondetur: quod ille est baptiza
1319 850 2095 911 tus a quolibet illorum. Quemadmodum in coena do-
1323 895 2096 948 mini Romanus pontifex, cardinales, & multi astan-
1322 935 2086 999 tes consecrant idem corpus domini: & quilibet eorum. Et
1317 985 2083 1039 sic concedo quod a pluribus baptizetur: sed non plu
1317 1028 2092 1093 ries: quia pluries dicit interruptionem temporis. Et
1325 1075 2089 1124 propterea concedimus Sorte non toties fuisse ho-
1317 1124 2086 1172 minem sicut fuisse Parisiis. Sed hic aduerte: quod si
1333 1162 2087 1218 vnus finiuerit ante alterum: ille baptizat: & alter
1320 1204 2084 1261 nihil facit. Nec refert quis prius incipiat dummo-
1326 1250 2090 1303 do vterque inter proferendum verba aspergat aquam:
1319 1292 2098 1359 & ambo simul terminent. ⁋ Sed contra hoc arguitur
1323 1335 2083 1395 sic. ibi sunt plures baptizationes: ergo est pluries
1312 1382 2083 1443 baptizatus. Respondetur. Si baptizatio capiatur
1320 1431 2093 1485 actiue: conceditur quod sint plures baptizationes: quia
1323 1477 2081 1532 plures homines baptizantes. si passiue: vnus solus.
1320 1521 2084 1573 si abstractiue pro baptismo vel pro verbis: concedo.
1323 1557 2084 1618 Et sic concedo hanc copulatiuam. Sortes est semel
1315 1608 2091 1662 baptizatus: & tamen triginta baptizationibus. Bapti
1308 1648 2086 1701 zatio enim non inhaeret subiecto baptizato: sicut al-
1305 1696 2092 1757 bedo rei albae. Et sic iste est baptizatus a pluribus
1318 1746 2092 1795 causis totalibus, vt totalibus tantum valet quantum
1321 1780 2078 1846 sufficientibus: sed non vt tantum valet quantum percisis.
1318 1826 2083 1880 Sed dicis. character est impartibilis. quis eorum illum
1329 1871 2089 1924 causat in animam baptizati: dico, non est exploratum
1320 1913 2086 1973 an character sit indiuisibilis. Probabile enim est
1311 1956 2075 2016 omne accidens animae esse intensibile & remissibi
1317 1997 2088 2058 le: licet aliquod nec intendatur, nec remittatur a creatu
1321 2039 2080 2097 ra, quamquam illa via non caret spinis, propter actus synca-
1312 2095 2077 2158 tegorematicos affirmatiuos & negatiuos. Sed
1324 2137 2088 2195 vtrolibet istorum modorum dato deuns characterem
1311 2180 2081 2243 creat: & nullus istorum causalitatem propriam habet
1317 2227 2071 2289 respectu characteris: quilibet tamen est causa sine qua
1312 2267 2086 2326 non, sufficiens respectu eiusdem. Forte dicis. tunc
1314 2314 2078 2375 istorum vterque poterit dicere, nos te baptizamus. &
1304 2359 2075 2418 sic duo copulatim baptizare possunt. hoc non est
1314 2405 2083 2471 absonum: quando diuisim baptizant: hoc est vterque
1324 2444 2083 2511 eorum & formam profert & aquam applicat. Quo fit
1326 2492 2081 2548 quod haec illatio est nulla. nullus habet duos patres
1312 2539 2072 2592 naturales: ergo neque spirituales. Etiam licet duc
1311 2579 2071 2644 copulatim possint foetum generare: & non copulat.
1320 2623 2077 2678 ue: vt si duo similes in complexione cognoscerent
1320 2668 2083 2719 eandem mulierem successiue: vel daemodo succubus ca-
1314 2712 2085 2770 peret duo semina: & postea fieret incubus: iam foe
1299 2759 2075 2833 tus non esset illius daemonis: sed illorum duorum quo
