2294 3312
300 340 1049 402 ruptam: quod apud me est inopinabile. ⁋ Secundo
303 394 1060 448 arguitur. Si motus corruptus posset reparari: &
295 436 1052 481 tempus. tenet consequentia: quia vtrumque est res
292 483 1055 535 successiua. ergo si deus possit vnam rem succes-
303 527 1052 571 siuam reproducere: quamlibet reproducere potest.
301 571 1055 627 Respondetur. consequentia non est necessaria: quia
294 617 1054 671 potest vnam rem successiuam reproducere: non
295 666 1058 710 autem quamlibet: potissimum tempus. quia ad illud se
297 701 1042 755 quitur quod idem in eodem tempore esset & non esset
303 756 1043 804 vt si tempus in quo erat Adam / reproduceretur
289 793 1049 840 in hac hora: iam in illa Adam non esset: & in eo-
306 836 1039 887 dem tempore verum erat dicere, Adam est. talis
301 878 1040 927 autem contradictio non sequitur ad motum a tempore
295 925 1050 976 distinctum. Secundo potest concedi consequentia cum
291 972 1043 1021 consequente: & dici quod non sequitur haec contra:
297 1014 1040 1060 dictio: quia non manet idem tempus secundum rem
298 1056 1049 1107 & aequiualentiam: quod ad veram contradictionem
294 1104 1045 1159 requiritur. ⁋ Concludendo dico, apud me inopi
288 1147 1052 1198 nabile esse quod deus non potest producere rem per-
295 1188 1042 1237 manentem qualitercumque corruptam. Sed & beatus
303 1233 1042 1283 Tho. v. Quodli. tenet oppositum illius quod tenuit
288 1276 1042 1331 in. iiii. & in. iii. par. qui. lxxvii quamquam tertiam partem post
312 1325 1042 1378 Quodlibeta videtur scripsisse. vt patet per eius
285 1367 1052 1422 incomplementum. De re autem successiua vt motu
295 1412 1045 1466 locali vel tempore parum discussi. nam probabilius
297 1455 1040 1504 existimo cum communi nominalium schola quod mo-
288 1497 1046 1553 tus localis est mobile quod mouetur: & tempus est
288 1542 1039 1598 res permanens. Sed si teneatur oppositum probabi
289 1589 1039 1638 liter: adhuc conclusio secunda est probabilis, & proba
286 1633 1048 1681 bilior opposita: licet contradictoria secundae conclu
292 1676 1040 1728 sionis non sit inopinabilis. nam multum interest inter
286 1720 1049 1772 successiua quo ad esse & fieri, & permanentia. Po-
288 1768 1043 1815 tes facere difficultatem, an totum tempus praeteritum deus
291 1815 1039 1868 possit in hac hora reproducere. & probatur quod sic
289 1862 1046 1910 quia quamlibet horam praeteritam potest deus in hac
289 1900 1048 1954 hora reproducere: quo facto totum tempus praeteritum
285 1945 1037 1997 erit in hac hora. & eodem modo in quacumque minu-
294 1988 1043 2037 ta parte huius horae. Similiter an deus possit duas
289 2033 1048 2083 medietates huius horae ponere simul. ltem si Sorte
286 2079 1040 2126 moto reproducatur motus quo mouebatur heri: &
294 2121 1045 2168 ponatur in Sorte cum isto motu: iam motus habe
289 2166 1049 2219 bit plures partes simul: partes inquam non ad diui
283 2207 1049 2258 sionem subiecti, quia de hoc non est difficultas:
289 2255 1036 2304 sed ad diuisionem temporis. Ista sunt pro contra:
288 2299 1034 2348 dictoria secundae conclusionis. quae omnia & similia
276 2344 1034 2393 iunioribus theologis relinquo discutienda. Sed
285 2388 1036 2445 quia in quaestione praecedente dicebam soluendo
283 2440 1046 2485 vnam rationem aduersariorum: quod si anima cor-
279 2478 1042 2530 pus informaret, non produceret aliquid de nouo:
283 2519 1043 2577 quia tertia entitas non distinguitur a partibus si
279 2565 689 2621 mul sumptis: gratia illius
271 2632 1042 2709 ⁋ Distinctionis Quadragesimaetertiae
441 2697 848 2798 Quaestio Quarta.
1462 348 1897 433 Varta quaestio erit
1458 408 1882 477 An totum dicat tertiam en
1452 462 1892 520 titatem a suis partibus rea-
1452 504 1888 566 liter distinctam. ⁋ Pro solu
1449 541 1879 613 tione quaestionis ponitur haec
1441 586 1885 651 conclusio. Totum est suae per
1440 631 1889 695 ltes simul sumptae. & per co-
1129 681 1880 736 sequens negatiua est responsio ad quaestionem.
1129 727 1886 777 Non immoremur istiusmodi anfractibus: totum
1125 769 1882 825 est entitas a partibus distincta: totum est entitas
1126 823 1883 871 distincta a partibus. quia prior est vera de virtu-
1135 857 1889 907 te sermonis. Probatur conclusio auctoritate Ari
1132 905 1880 955 stotelis primo Physicorum dicentis. Totum nihil est
1128 947 1886 1003 praeter partes. ldem habet commentator textu con-
1132 992 1888 1045 menti. xvii. Et secundo de anima dicit. Sicut pu-
1128 1033 1877 1092 pilla & visus sunt vnus oculus: ita actus & potem
1122 1088 1874 1132 tia sunt vnum simplex corpus & anima. Ad hoc
1134 1129 1876 1170 potest adduci comparatio Apostoli primae ad
1134 1172 1870 1227 Corinth. xii. de corpore vero & mystico, dicentis
1119 1217 1883 1260 multa membra esse vnum corpus. Praeterea ratio-
1123 1263 1875 1318 ne argumentor. nisi conclusio sit vera, sequitur quod
1116 1302 1879 1355 duae semilibrae tantum ponderarent quantum duae semi
1122 1347 1879 1395 librae & vna libra ab eis distincta. hoc est inconue
1125 1390 1885 1436 niens, igitur, consequentia patet ponendo duas
1123 1435 1889 1490 semilibras separatas in vna lingua staterae, & vnam
1119 1479 1883 1544 libram in alio extremo aequaliter distante. Dicis
1123 1525 1877 1586 hoc non inconuenire quando illa libra compo-
1125 1573 1882 1623 nitur ex illis partibus. Contra hoc argumentor.
1129 1613 1880 1662 duae semilibrae in toto tantum ponderant quantum
1123 1657 1886 1715 duae semilibrae separatae: & libra aliquid ponderat.
1122 1699 1880 1752 & sicut tertia entitas distinguitur a partibus co-
1128 1738 1870 1799 pulatim sumptis: ita pondus totius a ponderibus
1125 1795 1886 1848 partium. ⁋ Secundo argumentor. totum per aggrega
1125 1840 1889 1888 tionem non distinguitur a partibus simul sumptis.
1117 1879 1880 1931 nec totum per accidens: ergo nec totum essentiale.
1116 1924 1890 1974 consequentia probatur: quia parilis est ratio. As
1117 1969 1880 2027 sumptum ostenditur demostrando totum aurum sancti
1123 2015 1880 2063 Marci Venetiis aggregatum ex variis ducatis,
1117 2054 1880 2109 scutis, & eiusmodi: si tota illa congeries sit aliquid
1131 2103 1879 2165 vnum distinctum a partibus: quaero quod vnum, quae
1120 2152 1883 2204 substantia. & ponatur in aerario aurum & argen-
1123 2186 1880 2250 tum: non est aurum, nec argentum, nec aliquid
1125 2233 1877 2296 tale. De toto per accidens patet: quia Sortes & eius
1122 2273 1880 2324 albedo si componant tertiam entitatem a seipsis
1113 2320 1877 2379 distinctam: illa non erit substantia neque accidens: quia
1110 2366 1880 2414 nec substantia potest accidens componere: nec
1117 2408 1874 2456 accidens substantiam. Dicis ad primum. licet to
1116 2458 1871 2507 tum distinguatur a partibus: tamen pondus to-
1111 2496 1871 2555 tius non distinguitur a pondere partium. Ad se-
1113 2540 1880 2602 cundum dicis non esse simile. vt patet inter arguen
1113 2587 1861 2644 dum. & licet totum sit tertia entitas a partibus de
1106 2632 1870 2688 uersa: tamen ex partibus cum toto non resultat to
1120 2675 1874 2730 tum: cum totum non sit pars. ⁋ Tertio argumen-
1112 2721 1868 2799 tor. Quandocumque sunt aliqua duo sic se habentia
