2326 3303
241 288 1002 349 tis plenitudinis Christi: vt iam non simus paruuli
241 339 991 399 fluctuantes. glossa illud exponens dicit. Vnusquis
232 388 1001 439 quod resurget in aetate qua Christus resurrexit. tunc
237 436 991 489 enim putatur status hominis: vt dicit beatus Augustinus
234 478 989 524 xxii. de ciuitate dei. cap. xvi. Et licet aliqui moriam
237 521 997 568 tur paruuli, resurgent nihilo secius in illa aetate.
235 562 997 609 hoc est in mensura respondente illi aetati: sine vitio
231 609 997 659 naturae. hoc additur propter nanos & orbatos mem
226 651 998 702 bris, quemadmodum Adam erat creatus in aeta-
225 699 988 742 te adulta, hoc est / quantitate debita aetati adultae.
225 742 988 800 Nec oportet omnes resurgere in aequali quanti-
225 788 997 837 tate: sed secundum bonum statum suae complexio
237 832 988 882 nis: & forte nec secundum colores & habitudines
226 875 988 919 regionum: vt Aethiopes nigri: multum distantes ab
225 919 983 971 aequatore, vltra, citraque, resurgent albi. Licet enim sit
224 959 998 1016 plena harmonia beatorum spirituum cum deo: non tamen id
231 1006 989 1059 necesse est in figura vel colore, sicut in quantitate
228 1051 983 1096 vel complexione. ⁋ Tertia conclusio. Licet mor
225 1094 986 1145 tui primo sint resurrecturi: & postea viui: omnes tamen
223 1133 991 1186 in ictu oculi resurgent. Prima pars patet primae
219 1184 995 1242 ad Thessa. iiii. vbi sic dicit Apostolus. Mortui qui sunt
229 1230 988 1284 in Christo resurgent primi. deinde nos qui viuimus
229 1269 994 1321 qui relinquimur, simul rapiemur cum illis in nubi-
223 1314 983 1365 bus, obuiam Christo in aera. sed non est sermo de
222 1361 991 1412 ordine seu primitate dignitatis, quoniam multi viuen
222 1403 982 1450 tes circa iudicium erunt adeo boni vt multi qui ante
229 1448 979 1496 dormierunt. Secunda pars ostenditur ex eadem liter
225 1492 986 1536 ra. nam viui celeriter morientur & postea resusci-
228 1539 995 1585 tabuntur. rationabile est autem quod moriantur. sane bea
232 1582 986 1636 ta virgo mortua est. ltem multi decedent cum pec
231 1625 1001 1670 catis venialibus quae purgabuntur per mortis toleran
225 1673 982 1718 tiam, vel per modicu tempus imperceptibile post mor
229 1714 989 1775 tem. hoc siquidem tenet Ambro sius & Augustinus
235 1760 988 1804 vt patet in glossa capitis allegati. nam statutu est ho-
226 1805 983 1856 minibus semel mori. ad Hebraeos nono. Tertia
225 1847 986 1906 pars patet ex eodem loco. Ex quibus sequitur quod licet
230 1895 973 1952 quilibet viuus resurget in instanti: similiter & quilibus
213 1940 989 1987 mortuus: non tamen omnes resurgent in eodem instan
225 1979 692 2046 ti: quia mortui prius resurgent.
211 2041 979 2114 ⁋ Contra primam conclusionem argui
220 2106 981 2156 tur sic. Multi erant resuscitati in veteri testameto.
212 2152 973 2205 nam Helias & Heliseus mortuos resuscitabant. ergo
220 2190 971 2238 Christus non est primitiae dormientium. Si dicas, in nouo
219 2241 980 2290 testamento id intelligi, insto: Lazarus erat resuscitatus in
216 2284 968 2333 nouo testamento ante resurrectionem Christi. loan. xi
210 2320 976 2376 Forte dices: Lazarus erat resuscitatus ad vitam morta
210 2363 980 2422 lem: Christus autem ad immortalitatem: de quae resurrectione
207 2409 983 2464 Apostolus intellexit. Obiicio. dicitur Matth. xxvii.
211 2461 977 2517 quod Christo passo multa corpora sanctorum resurre
209 2506 977 2565 xerunt. Respondetur ad illud Matthei. xxvii. quod multa
213 2547 983 2597 corpora post resuscitationem Curisti resurrexerunt
207 2582 979 2651 & exeuntia de monumentis venerunt in ciuitatem sanctam.
219 2669 975 2753 ⁋ Contra secundam partem eiusdem coclu
1074 281 1838 350 sionis argumentor. Iob. xiiii. dicitur. Homo cum dormi
1075 344 1838 393 erit, non resurget, donec atteratur caelum, non euigila-
1081 387 1823 442 bit. sed caelum nunquam atteretur. & Ecclesiastes. iii. Vnu
1077 430 1828 478 interitus est hominis & iumentorum. iumenta autem non
1073 478 1835 535 resurgent: ergo neque homines. Beatus Gregorius. iiii. dia
1074 521 1840 569 logorum. cap. iiii. dicit quod loquebantur loco concionato
1065 564 1822 619 rum: interdum & potissimum Salomodo, vice stultorum
1068 607 1825 654 Iob autem de resurrectione naturali. ⁋ Secundo ai
1071 653 1828 705 gumentor. Hic binatius non resurget: demonstran
1071 698 1831 743 do materiam & formam hominis impinguati. immo per se-
1065 741 1838 802 cundam conclusionem, non quilibet in tota quantitate quan
1072 785 1838 836 habebit resurget. signetur vnum pedale materiae quod
1062 828 1823 876 habeat nunc sortes, quod non resurget. Arguitur sic.
1071 872 1835 923 hic binarius non resurget demostrando materiam
1083 916 1829 979 quam nunc sortes habet / & animam eius. hic binarius est
1072 965 1832 1012 sortes / ex quaestione praecedente: ergo sortes non resurget
1078 1009 1822 1059 ⁋ Insuper vel aliqua pars materiae resurget: & non
1065 1051 1837 1100 alia: & assigna rationem illius. Dicis. pars purior vt
1062 1094 1829 1146 humidum radicale cum humidi cibalis parte resurget:
1072 1137 1825 1193 & alia pars impurior non resurget. & si contingeret omnes
1071 1186 1832 1237 partes esse aeque puras (uod non contingit) illa por-
1065 1233 1831 1279 tio quam deus capiet quae sufficit quantitati humanae
1059 1275 1837 1330 resurget. Contra hoc arguo. ex illo sequitur quod cor
1074 1319 1822 1370 pora brutorum, piscium, & crocodilorum resurgent, quod
1060 1370 1825 1413 non est dicendum probatur: quia contingit bruta illa
1071 1407 1824 1462 comedisse homines in quorum naturam purior pars con
1065 1452 1822 1496 uertitur. Alimentum enim convertitur in natura aliti. primo
1060 1494 1819 1548 de generatione. & tunc sic. hoc resurget, demonstrando
1057 1536 1822 1589 illas partes: hoc est vel erit corpus brutorum vel bru
1059 1582 1822 1635 ti: ergo corpus bruti resurget vel corpora bruto-
1068 1627 1819 1674 rum resurgent. & sic corpora crocodilorum resurgent.
1071 1673 1832 1726 ⁋ Ad primum potest homo concedere praemissas illius syllo-
1065 1716 1831 1774 gismi, & conclusionem logice & metaphysice loquem
1063 1768 1824 1816 do quod iste homo non resurget & sortes non resurget: &
1054 1807 1817 1855 cum hoc stat quod sortes resurget, nec istae contradi
1060 1850 1829 1895 cunt. cum (sortes) haec supposita aequoce signifi-
1062 1897 1813 1951 cet: & sic per aduentum nouae quantitatis & deperditionem
1059 1939 1816 1992 antiquae aequocabitur sortes in significando: cum haec
1066 1982 1819 2034 vox mediantibus diuersis conceptibus totalibus non syn
1059 2025 1822 2073 onymis hanc rem vel res sibi succedentes significet.
1058 2070 1814 2124 Numquam enim pars totius erit totum: aut econverso: nec ali
1066 2118 1819 2171 qua identificantur metaphysice loquendo quae non habent
1053 2165 1813 2220 adaequate easdem partes. loquor in extensis. ⁋ Si di-
1050 2209 1820 2255 cas. ex isto sequitur quod iuuenis num quam posset senescere
1050 2251 1792 2293 nec vnquam ego fuerim in vtero matemo: & cum nunem
1050 2293 1813 2339 fuerim in vtero alterius mulieris sequitur quod in nul-
1057 2335 1807 2388 lius mulieris vtero vnquam fuerim. Fodem modo haec
1054 2386 1810 2435 erit neganda / ego fui iuuenis. Vlterius redibit post
1056 2425 1804 2485 tio Heracliti quod non contingit eundem equum bis intrare
1054 2471 1816 2518 flumen: quia semper erunt aliae partes. Rursus hoc erit
1054 2519 1798 2566 totus sortes, demonstrando totum sortem, dempto
1048 2561 1798 2612 eius digito quem volo amputari. hoc est vel erit pars
1047 2605 1805 2652 sortis: ergo pars sortis erit totus sortes. Ad pri-
1056 2651 1804 2714 mum nego sequalam. nam deus potest capere iuuenem qui diu
1063 2695 1795 2758 viuet, nihil acquirendo de nouo, nec perdendo. si loqua
