2337 3311
494 271 1251 336 ris de communi cursum: concedo quod iste iuuenis numquam erit il
500 332 1237 380 le qui erit senex: quia erunt aliae partes. Et concedo quod
500 371 1240 431 ego numquam fui in vtero materno: nec in vtero alicuius
498 415 1252 470 mulieris, nec ego eram iuuenis. sed non sequitur quod rede
498 461 1247 510 at positio Heracliti quod idem equus nunero bis non intret
500 510 1235 556 flumen: quia non est necesse continuo partes intrinsecas equi
510 545 1246 601 variari. Ad vltimum nego quod pars sortis erit sortes
507 591 1247 647 vniuoce capiendo (sortes) in obliquo & in recto. Et
501 642 1240 694 ad probationem / maiorem syllogismi, hoc erit sortes
507 677 1256 732 vniuoce capiendo nego: aequiuoce concedo. & propor
505 727 1250 776 tionabiliter distinguo conclusionem eiusdem syllogismi.
510 769 1249 822 Vulgariter tamen loquendo ego fui in vtero matris: hoc
510 820 1249 868 est anima mea cum parte corporis quam tunc habui / cui istae
510 864 1253 915 partes successerunt. sic est dicendum de hac. ego fui ba-
501 899 1247 959 ptizatus. ⁋ Duobus ei modis aliquid est idem. Vno modo
496 943 1250 995 metaphysice & realiter loquendo. & sic ad veram identi
508 992 1253 1044 tatem requiritur quod nulla sit variatio partium intrinseca-
489 1033 1240 1086 rum rei. Secundo modo aliquid dicitur idem vulgariter quando apoe
496 1076 1249 1131 vulgus moraliter & vt plures loquendo / aliquid reputatur
498 1119 1247 1172 idem. & hoc potest esse cum maiore identitate reali in aliquibus
489 1162 1258 1221 quam in aliis. quo modo homo manet vulgariter idem tota vi
498 1217 1249 1264 ta sua: quia altera pars principalis scilicet forma non varia
493 1250 1256 1305 tur, lae aliae partes carnis varientur. sic equus, licet forma
497 1294 1250 1351 tota cum corpore varietur. sic Sequana, & ciuitas: &
502 1352 1253 1397 nauis successu temporis nouis asseribus prorsus variata
503 1386 1258 1443 dummodo sensim hoc fiat partibus succedentibus in si
486 1422 1262 1482 mili situ & figura cum prioribus. Vbi autem metaphysi
495 1472 1253 1527 cus mihi obiiceret in strepitu forensi quod non debeam habere
498 1521 1250 1575 haereditatem Helizabeth matris meae ob id quod reue
492 1561 1255 1619 ra non sum prognatus ex ea: & hoc metaphysice proseque-
495 1619 1249 1663 retur: esset omnibus ridiculus. Loquendum enim est vt plures.
502 1652 1253 1702 secundo de caelo & mundo. sed intelligendum vt pauci. hoc
498 1692 1265 1751 est vt sapientes. Iudex tamen scit metaphysicum verum in
495 1737 1262 1790 nuere. sed quia non congruit foro: est sophisma solum &
500 1781 1259 1832 fallacia, quia non conueniens rei: quod ad fallaciam suffi
499 1830 1252 1884 cit. primo Elenchorum. Durandus autem in distinctione sequen
512 1871 1259 1922 te tenet quod dummodo sit eadem forma quantuncumque diuer
494 1925 1247 1974 sa materia fuerit, erit idem compositum / sortes vel petrus
510 1958 1264 2014 Ad hoc adducit rationes caducas. quarum prior est.
502 2012 1259 2062 iuxta Aristotelem septimo metaphysicae, materia
503 2046 1264 2104 nec est quid nec quale nec quantum. & hoc secundum
495 2092 1261 2160 se. Dico quod haec auctoritas sic intelligitur. materia dis
500 2139 1267 2202 ponitur secundum exigentiam formae sine qua nunquam est.
507 2182 1268 2246 Secundo arguit. quia dato opposito conclusio-
511 2236 1259 2282 nis post nutritionem non esset idem. & sic esset no-
513 2266 1260 2326 uus homo post cibum conuersum in substantiam
506 2313 1271 2369 aliti. Ad secundum concedo illatum metaphysice lo-
506 2357 1253 2415 quendo. & concedo quod generatur noua substan-
501 2400 1275 2452 tia partialis: immo nouus homo partialis: cum enim sit
509 2446 1272 2500 substantia rationalis est homo & risibilis, absolu
507 2497 1271 2547 te capiendo terminum homo. in vsu nanque vul-
516 2531 1258 2587 gari accipitur pro homine totali. & sic illa pars est
513 2585 1265 2633 substantia & non homo, quando autem (homo) suppo-
514 2621 1274 2677 nit pro filio dei, est terminus connotatiuus / pro secunda per-
513 2664 1265 2739 sona in diuinis supponens, connotando quod huma-
1314 269 2083 334 nitatem habeat assumptam. ⁋ Redeundo igitur vnde su-
1324 332 2077 377 mus digressi nego maiorem illius syllogismi, puta /
1329 373 2086 418 hic binarius non resurget. & dico quod haec pars & il-
1333 416 2080 465 la demonstrando materiam & forma: erunt aliquid resur
1326 463 2087 516 gens in sensu categorico. nam ad veritatem illius suffi
1332 508 2090 559 cit quod anima informans hanc materiam vel partem eius vel ali
1327 549 2084 602 quam eandem vulgariter, redeat informando. & ne-
1329 600 2093 647 go hanc consequetiam. haec pars & illa pars resurget: ergo
1329 643 2086 687 haec pars resurget: & illa pars resurget. capiendo antecedens
1326 680 2087 727 in sensu categorico: & consequens in sensu hypothe
1323 723 2090 787 tico. sicut non sequitur: haec pars & illa pars est aliquid
1329 776 2098 819 aequale huic toti, per (haec) & (illa) demonstrando du
1320 814 2090 858 as dimidietates. ergo pars haec & pars illa est aequalis
1321 855 2093 904 huic toti, in sensu hypothetico. vel sic. haec pars
1333 901 2087 946 & illa pars sunt sortes, in sensu composito, non aut di
1332 944 2093 994 uiso. Nec sequitur ex hac solutione quod sortes & haec
1327 993 2089 1044 tunica resurgent / cum anima non habeat similem habitu
1324 1038 2102 1094 dinem ad tunicam qualem ad materiam quam in-
1329 1079 2104 1133 format. ⁋ Ad secundum argumentum respon-
1323 1115 2099 1177 sum est inter arguendum ad vltimam replicationem vs
1326 1164 2102 1218 que: quae intendit probare hanc conclusionem. cor
1341 1209 2089 1262 bora brutorum resurgent, capiendo corpus de prae-
1326 1260 2083 1307 dicamento quantitatis. Aliqui sane propter hoc
1333 1305 2102 1355 argumentum formidabant admittere quod alimentum
1330 1344 2092 1397 conuertatur in substantiam aliti. sed Albertus di
1333 1384 2105 1440 cit quod isti falluntur per fallaciam figurae dictionis
1329 1433 2096 1478 quia consequentia est nulla. Doctor iste & alii opi-
1331 1479 2102 1525 nione nostra falluntur. nam consequentia est eui-
1335 1516 2096 1575 dens: nec aliquo pacto fallacia / vt patet intelligen-
1332 1564 2105 1611 ti logicam & fallacias: nec impraesentiarum inten
1336 1608 2101 1664 dimus hoc logicam ignorantibus suadere. Con
1327 1649 2096 1712 cedo itaque istas conclusiones de virtute sermo-
1336 1700 2102 1750 nis. Corpora brutorum resurgent in extremo iu
1329 1744 2089 1792 dicio. corpora piscium resurgent in iudicio. quia
1341 1791 2102 1838 corpus tantum valet quantum materia: & pars
1329 1827 2102 1874 materiae est materia. sed istae sunt negandae. resur-
1335 1869 2102 1926 gent in iudicio corpora brutorum. resurgent in
1332 1925 2101 1972 iudicio corpora piscium: quia tempore resurre-
1341 1956 2095 2008 ctionis non erunt corpora brutorum, sed corpo-
1341 2004 2102 2058 ra brutorum resurgent corpora hominum. Dicis.
1335 2054 2098 2106 pariratione deberemus concedere istas: corpus
1347 2092 2102 2145 patris mei comedi: corpus hominis comedam.
1341 2145 2099 2191 quod fuerit absurdum. & patet adiuncto vno vel
1342 2183 2102 2234 ro. nam in communi modo loquendi dicimus, pi
1342 2225 2099 2273 sces comedi, boues comedi: quia eorum materias
1341 2271 2105 2326 comedi. tempore enim comestionis non erant
1334 2311 2096 2368 pisces. sed cadauera piscium vel pisces per synecdo
1336 2359 2093 2417 chen. Solum ergo materias piscium qui fue-
1345 2402 2099 2446 runt comedi: & illa materia informabatur anima
1344 2446 2089 2496 Castoris vel Pollucis submersi in mari. Et hoc
1338 2489 2095 2538 melius coaptatur illi difficultati de materia quae
1342 2538 2105 2587 informabitur successiue duabus animis. sicut
1335 2582 2098 2629 contingit de aliquibus Scythis vescentibus car
1339 2619 2101 2672 nibus humanis, vt Anthropophagis: vel in ca-
1345 2660 2114 2721 su nostro. Respondetur. admittimus istam & similes
