2326 3312
250 328 998 388 comedi pisces, quia cadauera proxima piseium comi
243 379 1008 434 di: non sic de carnibus humanis: quia lber materias hominium
256 425 1004 473 comederimus: tamen proxie non informabantur anims hominium.
255 472 1003 516 ⁋ De difficultate autem in quo resurget illa materia
255 511 1015 563 quae informatur variis animabus successiue: quam mouet
255 561 1013 614 beatus Augustinus. xxii. de ciuitate dei ca. xii. ad
243 602 1015 656 finem, & inter caeteras vocat illam difficillimam:
252 648 1012 694 dicit quod in primo resurget: quia erat purior in illo
246 694 1007 737 & deus supplebit in reliquo. potest etia in vtroque re
241 735 1004 781 surgere si deo placuerit: cum idem possit esse circum
253 780 1010 837 scriptiue in duobus locis. vel in vltimo & deus supr
243 823 1006 879 plebit in primo. Sed contra istud argumentor. Cor-
246 876 1006 926 pus habebit beatitudinem sibi competentem in suis
253 915 1004 962 dotibus: & habens bearitudinem maiorem in animal
243 959 1004 1003 maiorem habebit in corpore. sed contingit quod se
243 1003 1009 1052 cundo comedens illam carnem sit primo sancti
240 1045 1013 1093 or. si ergo ponatur in vtroque proportionabiliter
249 1091 1009 1136 beatificabitur beatitudine corporali secundum ani-
246 1136 1001 1185 mas. Dico quod beatitudo corporis proprie non est
240 1177 1016 1234 beatitudo. Hermaphroditi autem: quia secundum natu
244 1223 1013 1271 raliter loquentes plus participant de vno sexu, la
244 1268 1022 1325 discrimen non bene demus: in illo redibunt pu-
247 1312 1007 1363 re. Si sint duae animae in monstro: redibunt duo ho-
238 1358 1004 1403 mines. vbi vero est vna: redibit non monstrum:
255 1402 1013 1457 potissimum in beatis. Paruulis item decedentibus
244 1443 1016 1489 in resurrectione deus augebit materiam sufficientem.
237 1486 1009 1554 Et redibunt homines in propriis corporibus. secun
252 1533 1007 1586 dum illud Iob. xix. Rursum circundabor pelle mea
249 1579 1010 1629 Et in carne mea videbo deum saluatorem meum:
261 1622 1012 1672 Quem visurus sum ego ipse & non alius. Et li-
253 1666 1004 1726 cet homo non erit idem metaphysice, vt superius
236 1711 998 1770 diximus: quia non erunt eaedem partes adaequates
243 1757 1004 1803 tamen erit idem vulgariter quia eadem anima cum
240 1806 1001 1859 vna parte corporis ante habiti / cum supplemen
247 1846 998 1894 to eius quod deest. ⁋ Tertio arguitur, non resui
248 1889 1003 1944 gunt impii in iudicio. vt dicitur psal. i. Respondetur
237 1934 1000 1987 non resurgent ad suam salutem / saltem non resurgent
240 1976 1007 2022 impii ad suam salutem. ⁋ Quarto arguitur sic. An-
240 2021 1009 2070 tichristus nonipont esse futurus: ergo non potest
234 2065 1007 2113 resurgere, probatur anteceden: quia vel est dabile maxi-
240 2114 998 2163 mum tempus per quod Antichristus potest esse fu
237 2154 1001 2201 turus, & hoc non. quia quocunque tempore dato
240 2200 1005 2253 in quo potest esse futurus, in maiori tempore potest
232 2247 998 2295 esse futurus: nec datur aliud membrum: vt patet cur
228 2292 1000 2346 rendo per omnia, non enim datur minimum tempus per quod po
240 2336 996 2391 test esse futurus: nec maximum per quod non potest esse
237 2378 993 2426 futurus: nec minimum per quod non potest esse
235 2418 1004 2467 futurus, quia si sic: maxime esset per tempus infini-
239 2469 991 2511 tum. sed hoc non: quia illud tempus no est paruum
232 2508 999 2570 ltem pars infinita illius temporis est minor: & per il-
237 2552 995 2602 lam Antichristus non potest esse futurus. ⁋ Respondetur ad
243 2599 1003 2643 materiam argumenti, relicta impraesentiarum diffi-
231 2641 995 2705 cultate materiae physicae, quod datur minimum tempors per
240 2691 1003 2736 quod Antichristus non potest esse futurus: & il-
234 2733 999 2804 lud est verum de tempore infinito: quia per totum illud tem
1086 321 1864 400 pus Antichristus non potest esse futurus: & per quidli
1090 387 1841 446 bet minus tempus potest esse futurus: tenendo quod
1092 432 1670 477 vnum infinitum non est minus alio.
1086 484 1838 565 ⁋ Contra tertiam conclusionem argu-
1083 560 1844 605 mentor. Aliqui relinquentur viui in aduentu Chri
1080 605 1856 657 sti ad iudicium. iuxta illud symboli. Venturus est
1085 642 1846 703 iudicare viuos & mortuos. ⁋ Praeterea arguitui
1084 690 1847 746 contra illam partem in qua dicitur quod resurgent in ictu ocu
1081 730 1850 788 li. ergo in instanti: & per consequens erit vacuum
1089 782 1855 829 naturaliter: vel duo corpora de praedicamento sub-
1087 827 1846 876 stantiae erunt in eodem loco. vtrumque e disconueniens
1084 867 1856 918 & reprobatum ab Arist. iiii. Physicorum. igitur. conse-
1093 907 1851 970 quentia ospeditur acceptis pulueribus in sepulchro: qui si
1090 952 1861 997 minorem locum occupabunt cum informabuntur anima im-
1084 998 1850 1057 tellectiua: vel aer ingredietur in instanti: & hoc non
1081 1046 1851 1101 quia motus non potest esse in instanti: vel successi-
1081 1092 1851 1144 ue: & ita dabitur vacuum. eodem modo si corpora de
1081 1130 1859 1194 beant esse maiora illis pulueribus: & alia corpora
1081 1180 1847 1231 non possint in instanti recedere: duo corpora erunt
1086 1221 1852 1265 in eodem loco proprio. ⁋ Ad primum dicitur quod illi vo-
1077 1270 1846 1330 cantur viui qui superunt ante aduentum iudicii: qui tamen
1081 1313 1847 1359 morientur. nam statutum est hominibus semel mori. vt
1078 1356 1853 1414 dicit Apostolus ad Hebraeos. ix. hoc tenent Augustinus
1078 1394 1841 1459 & Ambrosius, vt magister allegat. & scriptura qua
1083 1447 1847 1493 drat. Dicit enim Apostolus. i. ad Thessaloni. iiii.
1086 1486 1853 1539 Mortui qui sunt in Christo resurgent primi: dei-
1083 1535 1847 1592 de nos qui viuimus qui relinquimur / simul rapie
1078 1580 1856 1631 mut cum illis in nubibus obuiam Christo in ae-
1077 1617 1846 1674 ra. sed breuissima mora manebunt mortui. Bea-
1078 1664 1850 1720 tus Hieronymus autem scribens ad Marcellinam
1080 1713 1847 1761 tenet oppositum. Et Augustinus hoc quod te-
1078 1756 1841 1804 nuit in secundo libro de baptismo paruulorum
1084 1805 1854 1857 reuocat libro secundo retractati. c. xxxiii. ⁋ Ad
1083 1842 1837 1892 aliud dico quod in resurrectione & ante eam multa
1081 1890 1844 1941 erunt. nam quando homo moritur / anima desinit
1089 1933 1846 1991 informare corpus: & partes materiae informantur
1080 1975 1850 2029 aliis formis. denique erimus esca vermibus / serpen
1072 2026 1844 2074 tibus / & caeteris id genus. Vnde dicit ecclesia. Me
1077 2072 1836 2121 mento homo quod cinis es & in cinerem reuerteris.
1078 2110 1841 2156 Hine in sancto Victore in epitaphio Petri Come-
1078 2155 1841 2210 storis legitur. Petrus eram quem petra tegit: factusque
1078 2202 1841 2262 comestor Nunc comedor. Bone deus hic, non est mate
1078 2246 1844 2296 ria risus & superbiae: iuxta verbum Ecclesiastici. x.
1093 2289 1844 2339 Quid superbis terra & cinis? sed colligenda est no
1077 2330 1838 2379 stra vita cum frequenti memoria mortis. quod plus
1081 2377 1838 2428 tibi conducet quam scire explicare nodos latentes ma
1077 2424 1832 2470 teriae quam quaerimus de mutatione instantanea.
1078 2466 1831 2515 sed vnum faciendo / aliud non omittere operaeprae-
1078 2512 1829 2560 cium est ad fugiendum ocium. Comminus accedendo / per-
1084 2560 1829 2606 tes istas recolligere oportebit: & hoc fiet ministe
1078 2603 1831 2656 tio angelorum: iuxta illud Matth. xxiiii. Mittet an-
1084 2647 1838 2706 gelos suos cum tuba & voce magna: & congrega
1081 2693 1829 2749 bunt electos eius a quatuor ventis: a summis caelorum
1084 2736 1835 2806 vsque ad terminos eorum. lstud i fiet temporarie. Si au
