2334 3305
480 405 1256 502 ⁋ Distinctionis Quadragesimae quartae
727 472 1067 561 Quaestio Prima.
963 552 1247 646 Agister in hac
967 632 1253 693 distinctione loquitl
967 677 1262 736 de annis resurgentium
960 719 1256 780 dicens quod resurgent
960 763 1250 821 omnes in aetate Christi
957 812 1261 867 hoc est in quantitate
970 855 1261 913 respondente eius an
967 892 1250 955 nis. & gratia illius di
959 942 1246 996 cit Christum in te
957 987 1255 1041 ris vixisse. xxxii. a-
964 1029 1265 1081 nos cum tribus men
961 1075 1253 1134 sibus. postea loquil
490 1127 1253 1173 de poena inferni: & de modo puniendi damnatos. Cofor
486 1168 1254 1222 miter ad hoc quaestiones huius distinctionis parti-
490 1208 1262 1260 ar: primo de annis Curisti loquuturus: quia fortas
487 1253 1262 1303 se non est verum quod dicit magister. & consequenter
487 1298 1250 1361 quaeram: quot diebus manserit mortuus. Deindi
492 1349 1250 1401 de poenis loquar. ⁋ Quo ad praemum igitur quaero. Quo
487 1394 1262 1444 to anno aetatis Christus passus sit. De hoc quaesito va-
484 1432 1262 1484 riae sunt sapientum sententiae. Magister. n. dicit Christum
486 1474 1262 1527 trigintaduos annos cum tribus mensibus habuis
492 1523 1262 1576 se. Et licet sint vt diximus variae opiniones: senten-
488 1564 1262 1621 tia ista apparet vera quod Christus habuit. xxxiii. an
490 1612 1250 1667 nos completos, cum parte quarti anni temporis suae peregri-
489 1662 1265 1716 nationis secundum corpus in terra. Quae sic probatur.
489 1703 1259 1750 Christus suae aetatis anno trigesimoprimo curren
486 1746 1249 1795 te baptizatus est. Nam dicitur Lucae. iii. Et ipse lesus erat
489 1785 1259 1838 incipiens quasi annorum triginta. vbi secundum Chry
492 1830 1250 1881 sostomum Homilia. xi. super Matthaeum iam Christus ha-
485 1877 1246 1926 bebat triginta annos completos, & trigesimumprimum
495 1925 1258 1975 inceperat. & ita tenet Augustinus. & confitetur com
486 1966 1249 2016 mentator seu postillator in glossa: licet magis descen
486 2013 1247 2059 dat in oppositum. ldem tenet Beda lib. de tempori
498 2049 1259 2104 bus capite. xlvii. dicens. Habet ni fallor ecclesiae fi-
492 2101 1256 2150 des dominum in carne paulo plusquam trigintatribus an-
486 2147 1247 2195 nis vsque suae tempora passionis vixisse: quod videlicet tri-
483 2197 1261 2246 ginta annorum fuerit baptizatus sicut euangelista Lu
494 2230 1253 2290 cas testatur: & tres & semis annos post baptisma prae-
491 2274 1260 2328 dicauit. sicut in euangelio loannes non solum comme-
497 2316 1256 2369 morato tertii redeuntis paschae tempore perdocet: sed &
492 2363 1263 2417 idem in Apocalypsi sua. Daniel quoque in visioni
492 2410 1255 2460 bus prophetice designat. Haec dicens Beda innuit ten-
492 2459 1259 2509 pus praedicationis Christi designari, vbi scribitur
483 2499 1249 2552 Apocalypsis. xii. & Danielis. xii. de tempore & tem-
496 2538 1253 2603 poribus & dimidio temporis: quiod scilicet anno vno & annis duo
487 2584 1253 2634 bus ac anno dimidio praedicauit. Insuper Christus na
493 2626 1247 2686 tus est quadragesimoprimo anno Augusti Caesa
492 2678 1250 2730 ris: vt Tertullianus dicit: & citat Hieronymus Da
492 2724 1243 2770 nielis nono, cum ipso opinando. Sic inquit Hiero
493 2767 1250 2812 nymus. Cleopatra cum Augusto regnauit annis tre
484 2809 1249 2860 decim: post Cleopatram annis quadraginta tribus im
1329 417 2105 479 perauit. nam omnes anni imperii Augusti fuerunt qui-
1339 464 2092 517 quagintasex. ldem scribit Hieronymus in prologo
1333 504 2096 559 quem praeponit Chronicis Eusebii dicens. Christus
1332 560 2095 611 quadragesimoprimo anno Augusti natus: quinto
1330 593 2101 645 decimo Tyberii prdicare orsus est. ergo habuit. xxx.
1336 638 2105 683 annos quando baptizatus est. Sed forte dices. inchoa-
1335 680 2101 732 uerat trigesimum annum. Contra hoc sunt ista introdu
1335 726 2108 777 cta. Et adhuc probatur, suppositis aliquibus quae tenet
1339 771 2101 828 ecclesia: videlicet quod Christus natus est. viii. calendas
1330 811 2108 872 Ianuarii: & baptizatus. viii. idus eiusdem. quare si in
1335 859 2095 908 choasset solum trigesimum annum habuisset solum. xiii
1336 904 2091 953 dies trigesimi anni: & sic ei multum defuisset de tri
1335 949 2101 996 gesimo anno completo: contra euangelistam dicentem.
1344 992 2096 1042 lesus erat incipies quasi annorum triginta. Ex qua
1337 1038 2093 1094 conclusione sequitur quod multum aberrant a veritate euan-
1332 1083 2096 1130 gelica dicentes Christum passum fuisse. xv. anno
1342 1123 2102 1182 Tyberii Caesaris, vt Orosius & Lactantius: quia in
1329 1173 2096 1218 eodem anno secundum euangelistam lesus erat inci-
1345 1212 2105 1264 piens quasi annorum triginta. ⁋ Tunc sic. Christus
1336 1258 2102 1312 habuit triginta annos completos quando baptizatus est,
1327 1301 2096 1348 & ingressus est trigesimumprimum. sed in pascha
1327 1344 2099 1399 iiii. postquam baptizatus est / passus est: ergo ingressus
1335 1395 2093 1446 est trigesimumquartum suae aetatis annu, quod est prin
1332 1433 2099 1491 cipale probandum. Quia autem in pascha quarto passus
1329 1481 2102 1532 sit, probatur. Nam post baptisma susceptum spiritus
1339 1522 2093 1574 expulit eum statim in desertum vbi erat. xl. diebus
1336 1566 2096 1620 &. xl. noctibus: vt scribitur Marci primo. deinde ite-
1335 1615 2084 1662 ratis vicibus venit ad loannem. postmodum voca
1324 1652 2105 1696 tus ad nuptias in Chana Galilaeae aquam in vinum com-
1327 1695 2108 1751 uertit: vt habetur loannis secundo. & hoc non erat an-
1329 1740 2102 1789 no quo baptizatus est: sed anno immediate sequente:
1336 1785 2099 1841 & ita iam erat natus. xxxii. annos. Postea cum prope
1333 1840 2096 1887 esset pascha iudaeorum: ipse hierosolymam ascendit:
1332 1876 2096 1931 vbi vendentes in templo eiecit: loanne nondum in
1338 1925 2102 1972 carcerem misso. vt patet loannis. iii. Deinde loan
1325 1970 2090 2024 ne decollato secedens trans mare Galilaeae cum prope
1326 2008 2090 2057 esset pascha dies festus ludaeorum / satiauit quimque mi
1327 2052 2089 2109 lia hominium ex quinque panibus & duobus piscibus. Io
1326 2096 2095 2147 annis. vi. Et ante sex dies anni sequentis venit Be-
1326 2137 2084 2193 thaniam, vt habetur loannis. xii. & crucifixus est in
1329 2187 2090 2245 parasceue paschae proxime sequentis. consequens est
1326 2231 2099 2290 igitur quod crucifixus est in pascha quarto postquam bapti
1323 2275 2083 2322 zatus est. Et iterum hoc ostenditur. Nam sub Anna po
1324 2319 2090 2367 tifice loannes coepit baptizare, & Christus inter alios
1320 2361 2096 2415 ab eo baptizatus est. vt habetur Lucae. iii. & sub Cai
1339 2410 2096 2469 pha pontifice crucifixus est / vt ex euangelio con
1330 2453 2084 2502 stat. sed horum pontificum successione vix coplebatur
1327 2497 2086 2546 quadriemnium. Nam losephus. xviii. de antiquitatibus
1327 2543 2087 2596 ca. vii. sic refert. Valerius Gracchus efficitur Annii
1324 2583 2089 2632 Rufi successor. ls Annanum remouens sacerdotio
1320 2627 2093 2677 Ismaelem filium labi pontificem designauit. sed & hunc
1320 2671 2090 2726 non multo post abiiciens Eleazarum Annae pontificis
1321 2717 2087 2771 filium sacerdotio surrogauit. Post annum vero etiam
1323 2761 2093 2814 hunc arcet officio: & Simoni cuidam Camithi filio
1333 2807 2092 2866 ministerium pontificatus attribuit. Sed non amplius &
