2312 3364
267 400 1033 448 rum sunt semina: non tamen erit ita in his spiritua
271 447 1037 504 libus: non enim currunt generatio corporalis & spiri-
270 492 1031 546 tualis pari passu: & dei voluntas sufficit. Etiam si
261 537 1031 586 quis dicat nomine proprio: nos te baptizamus: ba-
261 590 1028 638 ptizat: licet perperam agat: non vtendo forma commu-
258 626 1037 682 ni. Plerumque enim vnus de se loquens vtitur plurali
259 671 1025 717 numero: vt nos lacobus dei gratia. Et licet deus
258 713 1022 772 sit vnus, cuius ego sum minister: non sequitur quod
268 762 1031 808 debeam vti pronomine singularis numeri: quia
265 806 1025 852 stat dare mille ministros simul eundem baptizan
262 850 1028 905 tes: & tunc non est praecise vnitas ministri. etiam sunt
261 895 1031 949 plures personae in diuinis. Nec est necessarium ad
261 941 1019 995 essentiam sacramenti ponere nomen baptizanti
255 986 1033 1035 nec pronomen: sed sufficit quod ponatur terminus
252 1024 1007 1074 significans lotionem cum aliis essentialibus
252 1074 1033 1125 Forte dicis: si duo proferant verba pluraliter: &
255 1122 1034 1172 vnus finiat ante alium: ille non baptizat dicendo:
261 1167 1022 1218 nos te baptizamus: cum propositio eius sit falsa. Di-
252 1203 1033 1260 co quod propositionem esse falsam nihil facit ad formam.
267 1253 1019 1305 graecus enim bene baptizat: & tamen oratio eius non
253 1298 1016 1351 est vera nec falsa. ⁋ Ad confirmationem posito quod
258 1342 1033 1400 idem ponatur in diuersis locis: dicitur quod casus est
273 1386 1022 1446 praeter legem. sed eo dato si vnus presbyter scit quod
258 1433 1028 1480 alter illum baptizauerit: non debet attentare reba-
252 1477 1025 1527 ptizare. Sed punctum est si paruulus sit Romae, &
259 1518 1028 1575 Parisiis, & presbyteri sciant de se inuicem. verum nul
252 1560 1015 1615 lum est praeiudicium si simul baptizant: hoc est des
258 1604 877 1674 nant proferre: & ab vtroque est baptizatus.
251 1657 1013 1738 ⁋ Secundo arguitur ad indem: posi-
258 1726 1028 1785 to quod quis moriatur inter proferendum verba ba-
255 1767 1015 1824 ptismatis: tunc potest baptizari: quod patet, quia non
258 1814 1025 1871 est baptizatus. sed probo quod tunc non possit bapti
255 1861 1013 1907 ari: moriatur Titius proferendo vnam syllabam
252 1901 1012 1950 de filii. Et arguitur. quandocumque aliqua pars illius
249 1946 1012 1994 totius orationis est: illa tota oratio est: & quando
246 1991 1015 2044 tota illa oratio est, quaelibet pars eius est: quia totum
241 2034 1024 2088 est suae partes: ergo tota forma & quaelibet pars for
249 2078 1010 2143 mae est, quandocumque aliqua syllaba profertur: ergo
253 2128 1019 2176 erat prius baptizatus. Ad argumentum respondere
244 2168 1010 2230 intendo in materia de Eucharistia circa illam pro
240 2216 778 2281 positionem. Hoc est corpus meum.
241 2256 1008 2326 ⁋ Tertio arguitur. pono quod duo de-
239 2321 1018 2371 ferantur ad presbyterum Sortes & Plato: & praesbyter
234 2372 1021 2422 intentionem baptizandi vnum habeat: sed non cogitet
240 2412 1012 2461 de quo distincte. Tunc sic arguo: vtrumque istorum
246 2455 1009 2520 licet postea rebaptizare: alter eorum est baptizatus:
243 2502 1015 2551 hoc autem solus scit presbyter vt suppono. igitur.
246 2543 1009 2610 Forte concedis quod alter eorum est baptizatus: quae-
247 2590 1019 2641 ro quis sit ille: & quare vnus & non alter. ⁋ Respo-
247 2638 1013 2689 detur. quod in illo casu neuter eorum est baptizatus:
243 2682 1009 2729 quia illa intentio vaga non sufficit: sed requiritur
252 2726 998 2790 vel quod actualiter habeat intentionem circa vnum, vel qui
246 2770 1000 2828 habuerit: virtute cuius descendit nunc ad baptismu
247 2818 1025 2869 etiam si nunc non actualiter cogitet, quemadmodum sacer
1114 402 1870 460 dos qui intendit consecrare nouem hostias demon
1114 454 1871 503 strando decem praesentes, no determinando se ad
1113 500 1876 556 quascumque nouem: nullas consecrat. Et sic argumen
1116 543 1866 598 tum est solutum. Sed non requiritur quod intendat bapti
1109 581 1861 647 zare filium regis: si forte filius regis ponatur loco
1114 632 1870 690 filii ducis: sed sufficit velle baptizare hoc supposi
1105 680 1877 732 tum demonstratum. Fodem modo si offeratur adultus
1110 725 1874 773 mahumetanus loco adulti ludaei: vel mas loco foe-
1104 770 1876 818 minae: sicut Isaac protulit verba benedictionis in hoc
1104 805 1876 862 suppositum, demonstrando Iacob, & deus eum bene-
1116 853 1874 906 dixit. Sic cum baptizans intendit hoc demonstratum
1105 897 1870 952 baptizare: deus post verba characterem baptismalem
1113 943 1861 1004 imprimit. Secus est in matrimonio vbi error perse
1108 994 1874 1038 nae matrimonium impedit: tum propter illegitimatio-
1107 1030 1861 1083 nem maximi pontificis: tum quia illud est necessa
1098 1079 1864 1131 rium ad salutem: istud autem voluntatium: & difficile est
1111 1121 1855 1180 simul cohabitare: si non sponte ab initio inceperunt.
1108 1171 1859 1256 ⁋ Quarto arguitur. oblato modostro
1102 1250 1861 1303 licet dicere: ego te baptizo &c. & tale est rebapti-
1104 1300 1873 1347 zandum. igitur. & minister sic faciens scienter non pec
1108 1344 1862 1393 cat. igitur. Respondetur de monstro difficile est vi-
1104 1388 1876 1439 dere an sit vnum suppositum vel duo. si sit adultum:
1099 1429 1863 1485 quidam dant experimentum ad ponendum discrimen. si enim
1105 1476 1876 1529 alter aliquid vult quod alter non vult: concluditur quod sint
1105 1523 1855 1577 duo & duae animae. Sed illud in paruulis non prodest: nequi
1092 1563 1864 1615 in adultis, quod probo. si illud sit in diuersis locis opi-
1092 1611 1859 1665 nor quod potest habere qualitates contrarias simul-
1092 1656 1856 1716 secus est de anima quae est in pede: & in capite pro-
1105 1699 1864 1754 pter sensus in capite: quibus mediantibus cogno-
1096 1750 1858 1798 scit. quia autem hic essent varii sensus: & variae com-
1105 1787 1865 1846 plexiones ex parte materiae, quamuis sit vna anima:-
1107 1836 1862 1886 posset velle & nolle. Sed quid tunc remedii: an li-
1105 1880 1862 1933 ceat dicere, ego baptizo hoc aggregatum: vel hanc
1092 1923 1856 1976 multitudinem? eo quod multitudo est terminus colle-
1095 1967 1861 2015 ctiuus & diuisiuus: vnus enim homo est multitu-
1099 2015 1861 2066 do: quia multitudo suarum partium. Videtur alicui
1089 2049 1858 2108 forte dicendum quod eo modo non est baptizatus:
1086 2108 1859 2157 quia non est sufficiens intentio nisi determinate fe
1086 2146 1855 2196 ramus intentionem. patet ex dictis. Sed in opposi-
1087 2195 1853 2244 tum arguitur. quado apostoli baptizabant circi-
1083 2235 1849 2285 ter tria milia hominum. Actuum. ii. in die Penteco-
1080 2287 1855 2330 stes: non videtur quod determinate sciebant, hic sunt
1092 2329 1856 2380 tres vel quatuor: sed proferebant ( vos) super bapti-
1083 2367 1859 2420 zatos demonstratos. ltem presbyter volens be-
1093 2415 1850 2466 nedicere omnes hostias, nesciens numerum earum
1087 2458 1852 2510 determinate: omnes consecrat. hoc enim pronomen
1078 2507 1852 2554 te potest mutari non modo in numerum pluralem:
1089 2549 1849 2604 sed & in terminum non convertibilem: vt patet in for-
1092 2598 1843 2643 ma graecorum. Et videtur etiam quod minister a pecca
1080 2643 1844 2701 to excusetur propter dubium. ⁋ Respondetur igitur per
1089 2682 1841 2732 duas propositiones. Prior est: si appareat clare quod est
1086 2727 1839 2784 vnus, debet baptizari cum pronomine te a latino: sed
1083 2772 1841 2817 si dicat vos reuerentiae causa dummodo est intentio eius
1081 2816 1852 2880 de vno: vere baptizat. licet enim alicui mutare prono
