2295 3309
196 303 971 355 tria cum duabus tertiis gradus: super tria cum tribus
202 355 968 406 quartis: super tria cum septem octauis: cum nonaginta
207 405 965 453 nouae centesimis super tria. sicut in nulla proportio-
202 439 979 495 ne hoc totum est maius sua parte quantitatiua. Non
193 487 983 542 stes in hoc quod vndique caliditas circumstet corpus hu
202 525 977 581 ius prseudoprophete. nam eadem est difficultas aeun
208 572 971 627 do ad partes centraies corporis. sed ponamus ignem
201 621 971 677 ad vnum latus solum vt res sit lucidior. Pronunc
205 663 971 721 supponamus quod verum credo latitudinem vniformi
202 704 974 756 ter difformen terminatam ad aliquem gradum, ad ipsum
198 749 968 797 terminari exclusiue, & non inclusiue, vt latitudo ca
198 794 962 848 liditatis a non gradu ad octo vsque vniformiter dis
199 838 980 886 formis non habet octo: sed quemlibet gradum citra
192 881 971 945 octo. nam oppositum tenendo / iam dicendum esset
201 931 967 985 quod datur primum instans in quo habet calorem vt qua
190 968 973 1032 tuor: & ille calor sit in subiecto diuisibili sed indi-
192 1013 967 1065 ussibiliter: sicut corpus sphaericum tangit perfecte pla
196 1062 961 1117 num punctaliter, sed non in puncto: negando indi
189 1102 962 1164 uisibilia in continuo. Ex quo patet sic arguendum
195 1146 977 1205 esse: nunc non est calor vt. iiii. in hoc subiecto, nec
195 1198 962 1248 quilibet gradus citra. iiii. & immediate post hoc in-
199 1239 962 1283 stans erit gradus vt. iiii. ergo gradus vt. iiii. cito
199 1287 970 1334 introducetur. & sicut consequens est falsum: ita an-
202 1331 960 1385 tecedens pro secunda parte. ⁋ Sed cotra istud at
191 1366 967 1424 gumentor. In bct. instanti hoc corpus non habet ca-
190 1416 968 1464 liditatem vt quatuor: & immediate post hoc instans:
193 1456 971 1508 b. habebit calorem supra quatuor: & prius habebit
192 1508 965 1555 calorem vt quatuor quam caliditatem supra quatuor
204 1552 958 1599 ergo gradus medius non introducitur per vltimum
195 1589 970 1648 instans non esse. Quia immediate post hoc instans
198 1635 976 1699 hoc corpus habebit caliditatem supra quatuor: pro
199 1680 965 1731 batur sic. ante quodlibet instans futurum erit calidi-
208 1726 965 1775 tas vt quatuor in hoc corpore: & illa caliditas per
195 1769 975 1828 solutionem habebit subiectum diuisibile: & dimi
202 1814 964 1873 dietas illius partis prope agens habebit caliditatem
186 1857 962 1916 super quatuor antequam dimidietas remotior habebit
205 1902 971 1959 quatuor. Quia prius habebit calorem vt quatuor quam ca-
193 1947 968 1997 lorem supra quatuor: patet: quia cum omnes gradus
196 1989 970 2042 successiue introducantur & ordinate: introducetur
193 2036 959 2093 calor vt quatuor ante calorem supra quatuor. For-
199 2086 959 2139 te dicis & sic dicendum est quod immediate post hoci
196 2125 961 2176 istud corpus habebit calorem vt quatuor: & imme-
195 2166 956 2229 diate post hoc istud corpus habebit calorem supra
205 2221 956 2274 quatuor: & in nullo instanti habebit calorem vt qua
190 2263 964 2313 tuor quin in eodem habebit calorem vltra quatuor.
184 2304 952 2359 nam quocunque gradu vltra medium dato / citius
192 2345 953 2404 habebit gradum medium. Contra hoc probatur quod
192 2390 956 2455 citius gradum medium habebit quam gradum vltra
190 2439 966 2493 medium. & hoc sic. cito habebit gradum medium:
199 2477 959 2535 & cito habebit gradum vltra medium: & nullum
192 2526 952 2579 gradum vltra medium ita cito habebit vt gradum
196 2576 964 2628 medium: ergo citius habebit gradum mediu quam gra-
195 2612 964 2671 dum. vltra medium. consequentia patet ab exponen-
201 2656 961 2707 tibus ad exponibilem ratione comparatiui gradus.
207 2702 956 2768 omnes exponentes clarent. Non enim debet esse dubium
1051 303 1818 370 in illa, nullum gradum vltra medium ita cito ha-
1048 351 1832 415 bebit vt gradum medium. quia dato opposito, vide
1048 393 1820 445 licet aliquem gradum vltra medium ita cito habebit
1063 444 1821 502 vt gradum medium, signetur ille gradus qui sit vt
1057 493 1827 546 quinque. Arguitur sic. in quocumque instanti est quinque
1048 534 1824 593 in hoc subiecto qui excedit diuisibiliter gradum
1054 573 1817 620 medium: prius erat gradus medius in hoc subiecto
1062 618 1819 671 quod patet: quia iste quintus gradus successiue acquiri-
1057 661 1814 721 tur: ergo dimidietas eius prius acquirebatur. & quan-
1053 708 1829 764 docunque erat quatuor cum dimidio / erat gradus me-
1048 746 1823 815 dius: & adhuc non acquirebatur gradus vt quinque.
1060 795 1814 855 Eodem modo probare potes quod non acquiritur calidi-
1044 838 1810 888 tas vt quatuor cu dimidio ante quatuor. ⁋ Dico
1047 883 1813 939 quod inter arguendum responsum est ad vltimam repli
1054 926 1820 987 cationem vsque. ad quam dico quod ratione termini stan-
1060 971 1819 1031 tis determinate oportet dare singulare, & non in-
1054 1018 1817 1064 choare expositionem a comparatiuo: quemadmodum
1042 1057 1817 1119 ista, aliqua pars continui est maior parte continui,
1051 1114 1816 1160 est falsa: & eam exponendo vt iacet / exponentes
1041 1152 1816 1207 essent verae. gradum medium) in vltimo loco distri
1042 1193 1813 1252 buitur ratione comparatiui & dictionis ( quam in primo
1042 1238 1799 1292 autem loco stat determinate. demus igitur hanc singu
1050 1281 1817 1337 larem. hunc gradum medium ita cito habebit vt gradum
1053 1333 1825 1389 vltra medium. modo haec est falsa. nam in quocumque in-
1051 1367 1805 1428 stanti hoc corpus habet hunc gradum medium: ille est
1051 1414 1819 1459 extensus per subiectum. & cum iste gradus medius sit in
1051 1457 1814 1516 hoc subiecto demonstrando dimidietatem subiecti
1039 1503 1819 1552 remotiorem ab agente: est gradus vltra medium prope
1054 1548 1817 1607 agens: & prius fuit gradus vltra medium: quare istum
1041 1591 1816 1650 gradum iam datum non ita cito habebit, vt illum
1050 1630 1816 1697 gradum vltra medium. Fodem modo haec est falsa. istud
1041 1680 1813 1736 corpus ita cito habebit gradum medium vt gradum
1042 1731 1811 1782 medium. patet per idem fundamentum. Potes dicere quod
1048 1768 1817 1831 sic debet exponi vt iacet. sortes cito habebit gra-
1051 1812 1811 1869 dum medium, & cito habebit gradum vltra medium: &
1036 1869 1804 1923 non ita cito habebit gradum vltra medium vt gra-
1044 1901 1817 1957 dum medium. modo tertia exponens est falsa. Sed
1051 1947 1820 2004 possunt esse tricae logicae ex parte expositionis &
1035 1991 1811 2050 suppositione dictionum ita & vt, quod confundant
1041 2041 1817 2090 tamtum immobiliter. quibus no est insistendum in prose-
1051 2088 1819 2139 quutione nostri negocii. Et licet non sit actio ab ex
1036 2131 1811 2175 trinseco in parte propinqua quin aliqua erit in re-
1036 2170 1820 2225 mota: tame intensior erit in parte vicina quam remota:
1048 2214 1814 2269 & quacumque remota data / citius aget in propinquam. Lo
1035 2261 1814 2306 quuti sumus hic de agente extrinseco: quia si agens
1042 2300 1808 2359 fuerit intrinsecun, sicut forma aquae est respectu fri
1038 2356 1807 2405 goris producendi: bene dabitur primum instans frigo-
1035 2393 1810 2450 ris extensi, vt quatuor vel duo: cum omne agens aequali-
1039 2441 1703 2495 ter agat in plura passa aequaliter applicata.
1038 2491 1811 2588 ⁋ Caeterum stante casu quaestionis prin
1033 2574 1814 2628 cipalis obiter occurrit alia affinis difficultas circa
1038 2616 1821 2677 hanc intensionem formae ad probandum quod corpus Ma
1033 2661 1814 2712 humeti non possit totu calefieri: quaerendo per quod in-
1042 2705 1817 2771 stans corpus Mahumeti habebit caliditatem secundum
