2302 3319
231 327 967 389 Quid Aristoteles senserit in hac parte: mea non re
226 388 970 441 fert. sed si tenuisset ista quae nos tenemus, & scimus esse
219 433 980 486 certa per reuelationem dei, vt puta quae fidei sunt: mutas
216 474 973 522 set propositum. voluntas enim potest necessitari: non autem
222 521 974 570 cogi. Aliud argumentum est ex his solutum: quia non
216 565 980 620 possunt habere velle existendi in igne. tum quia haberent
223 612 970 665 contraria: cum continuo habeant nolle, quod est poenale
214 654 962 709 valde damnato contra libertatem qua vtebatur in via / quod
214 695 970 752 non potest actum deserere. Tum secundo, deus non concurreret
223 744 974 796 ad velle esse in igne si nulla esset contrarietas in vo
213 783 972 844 luntate. praeterea displicet damnato peccasse vbicumque
211 824 955 883 locorum sit & videtur quod illud sit ei essentialius poena as
204 872 967 923 nolle detineri in igne. ⁋ Secundo argumentor. sequi
219 916 968 976 tur quod non magis displiceret eis, puniri in infemo quam
216 965 976 1021 in caelo vel aere. In super dicuntur puniri ab igne. qua-
204 1005 970 1060 re aliter vocatur poena sensus? Respondetur. vbicumque
211 1047 977 1104 locorum damnati sint: habent suum infernum. quia nolunt
214 1092 962 1147 in illo loco detineri. in aere namque ante diem iudicii dae
207 1136 962 1183 mon non minus punitur intensiue quam in infeno: sed vnus
216 1182 961 1242 locus est foetoribus plenus post diem iudicii eis propter
216 1227 974 1281 peccata foetida datus. Ad aliud dicitur quod magis proprie
210 1276 968 1330 puniuntur spiritus in igne quam ab igne. etiam pot dici quod
211 1311 962 1364 puniuntur ab igne pro quanto concurrit ad notitiam qua
213 1359 965 1420 habent spiritus ab igne, & continuo: nec ab illa vnquam
204 1399 973 1451 spiritus euelli possunt: & considerant se non posse disce-
210 1446 971 1508 dere ab igne. per ignem autem locum quencunque intelligo
213 1490 958 1535 in quo spiritus danatus est. sed corpora reproborum
203 1532 971 1592 hominium patientur & in igne & ab igne post diem iudicii.
210 1580 961 1631 ⁋ Tertio arguitur. sequitur quod omnes spiritus aequaliter pu-
206 1629 973 1680 niantur. consequens est inconveniens, cum inaequaliter pec
205 1669 964 1713 cauerint probatur sequela: quia aequaliter detinentur. Ad
208 1710 962 1757 tertium nego consequentiam. nam qui plus peccarunt habent
211 1755 964 1806 intensius nolle hic detineri, & intensiorem tristitiam se-
205 1799 970 1846 cundum proportionem peccatorum: nec possunt istos
208 1848 964 1894 actus vel passiones sequentes remittere. vermis enim
205 1889 962 1936 conscientiae eos etiam mordet. & displicet eis peccasse
213 1931 957 1991 non quia deo displicuerunt: sed quia cruciantur / torquentur
213 1975 953 2025 inuidia. lstud aplius patebit ex iis quae dicemus in. xlix
201 2020 967 2067 distinct. in materia beatitudinis: cu oppositorum sit
204 2066 966 2120 eadem doctrina. ⁋ Sed dubitas quomodo animae
203 2107 965 2164 in purgatorio puniuntur. Respondeo. vellent habe-
195 2150 964 2203 re beatitudinem & liberari a purgatorio si deo place
207 2198 954 2251 ret: & displicet eis suum peccatum pro quanto est dei of-
195 2238 952 2290 fensiuum: ad quod sequitur tristitia: & secundum multitudi
201 2286 952 2337 nem peccatorum maior est tristitia: licet interdum possit
201 2328 958 2376 esse poena extra locum illum ad tempus. vt scimus ex
196 2376 959 2427 quarto dialogorum. vbi refert bea. Gregorius quendam
210 2420 959 2475 virum sanctum retulisse quomodo viderit Theodoricum
208 2460 950 2514 post mortem inter loannem papam & Symmachum pa
196 2509 950 2561 tricium discinctum atque discalceatum / deductum, in Vulca
204 2558 950 2605 ni ollam iactari. Fodem libro refert Germanum Ca
207 2595 946 2644 puanum episcopum inuenisse Paschasium diaconem qui
198 2641 955 2689 erat defunctus / stantem & obsequentem in balneis.
189 2685 958 2735 ⁋ Quarto arguitur probando quod accidens corpo-
187 2725 956 2798 reum possit animae vel daemoni inhaerere: & si hoc pro-
1057 328 1813 399 betur eradicatur fundamentum. lam coloratur assum
1062 400 1802 449 ptum. Accidens spirituale potest subiecto corporeo
1063 433 1808 486 inhaerere: ergo accidens corporale potest inhaerere
1062 472 1807 535 subiecto impartibili. consequentia tenet conuenienti
1062 520 1811 572 similitudine. ⁋ Respondetur negando antecedens
1057 567 1805 621 nam licet anima corpus informet: & indiuisibile sit
1050 612 1817 668 in loco corporeo: a doctoribus tamen non admittitur
1054 663 1812 711 accidens indiuisibile posse inhaerere subiecto cor-
1053 700 1804 750 poreo. & quicquid sit de antecedente: consequentia est
1053 742 1801 790 nulla: & cosequens constanter negatur vt ex supradi
1056 781 1809 847 ctis patet. Etiam ex concesso sequitur quod illud accidens
1054 829 1807 880 & quaelibet pars eius esset infinite intensa: quod probo.
1053 875 1807 919 capio pedale vniformiter album vt. iiii. si tota albe-
1057 917 1802 968 do in prima parte proportionali horae ponatur in se
1051 963 1808 1017 cunda dimidietate: ipsa est in duplo intensior. & si
1045 1007 1808 1059 in secunda parte proportionali horae adhuc tota albe
1050 1054 1814 1107 do ponatur in quarta parte illius pedalitatis: iam al-
1050 1096 1814 1141 bedo erit quaedruplo intensior. & si ita fiat per omnes par-
1048 1138 1799 1193 tes proportionales istius horae: iam in infinitum intensa
1050 1182 1802 1236 erit albedo ante finem horae. & in instanti terminante
1050 1224 1801 1272 horam erit intensior quam erat in aliqua parte proportiona
1041 1270 1805 1330 li illius horae. ergo in illo instanti albedo erit infini-
1048 1314 1802 1369 te intensa. supponamus quod in illo instanti reducatur ad
1041 1362 1804 1404 indiuisibile extensiue: & subiectiue sit in anima vel an-
1051 1403 1804 1462 gelo. Non valet quod Marsilius dicit in de generatione
1047 1440 1813 1507 quod non erit intensior in fine quam erat in principio: cum
1041 1495 1799 1550 nulla sit albedo addita. Hoc inqua non valet: quia
1035 1540 1810 1597 in secunda parte proportionali horae sunt octo gra-
1042 1576 1807 1630 dus aequales se penetrantes: ergo tunc subiectu est
1042 1626 1802 1680 album vt octo. cosequentia patet intelligenti: quia non est
1036 1662 1798 1722 minus album nunc quam si tota ista albedo esset mo-
1044 1711 1799 1756 do sub hac dispositione producta / & nunquam prius
1039 1755 1793 1805 fuisset: quia existentia prior nihil facit ad intensionem
1032 1800 1796 1856 praesente. Et forte istud argumentum sine addito non
1047 1844 1795 1893 concludit: quia concederetur quod esset aliqua qualitas in-
1044 1889 1784 1937 finite intensa. immo quod amplius est, quaelibet pars ei
1044 1935 1801 1981 esset infinite intensa. quia quacumque parte accepta / prius
1036 1975 1793 2036 erat in subiecto corporeo: & quidlibet tale redactum
1039 2021 1790 2080 ad indiuisibile / infinite intensum euadet. si enim quaeli
1048 2067 1801 2121 bet pars albedinis ponatur cum qualibet: iam erit infi
1045 2115 1798 2156 nite intensa albedo: vt patet de albedine in corpore
1041 2153 1797 2209 Christi in eucharistia secundum vnam imaginationem
1036 2195 1796 2251 si deus retraheret suum corpus relinquendo albedinem
1047 2240 1784 2297 sub hostia, & constitueretur vna forma: quod est deo
1056 2284 1786 2341 possibile: vel retraheret se a partibus superficialibus
1042 2333 1796 2382 hostiae / manendo solum in centro illius / ponedo centra
1039 2373 1793 2425 indiuisibilia, & illuc retraheret se relinquendo albe-
1047 2416 1787 2474 dinem. Sed quamuis concedam quod aliqua albedo infinite
1041 2462 1789 2518 intensa secundum se & quidlibet sui ad impartibilita
1042 2510 1802 2563 tem reducatur: non tamen concedo quod accidens cor
1032 2561 1789 2605 poreum potest subiecto indiuisibili inhaerere. & hoc
1029 2595 1786 2647 me mouet: quia non est aliqua ratio illius sufficien-
1045 2644 1802 2694 ter probatiua nec aliquo pacto suasiua: & maiores
1032 2682 1793 2732 nostri nunquam admiserunt illud. Tertio, pari ratione ac-
1042 2726 1802 2801 cidens posset extendi. & si notitia ponatur in lapide
