2309 3321
201 443 955 503 vi. incidit in languorem prae tristitia: & dixit. Ecce peo
189 499 953 553 in tristitia magna in terra aliena. Saeculo nostro id
201 542 950 594 etiam in aliquibus comperimus. Praeterea tristitia nocet
205 593 953 641 vitae & eam corripit: ergo maior tristitia magis nocet
190 632 947 684 ac tanta potest esse tristitia vt homo non possit dura
199 684 956 730 re propterea recte exponitur verbum Curisti Matth.
192 722 958 779 xxvi. Tristis est anima mea vsque ad mortem. vtputa. si
195 769 950 820 tristitia esset maior / nequirem durare, naturaliter supple
201 813 952 864 ⁋ Tertia conclusio probatur sic. Inuidus maxime
202 863 947 905 torquetur: & hoc no est nisi quia maxime tristatur
189 900 959 948 igitur. consequentia est clara. minor patet: quia dolet de
201 943 950 995 rebus opimis & prosperis illius cui inuidet. iuxta il-
193 985 956 1033 lud Horatii Inuidus alterius macrescit rebus opimis.
201 1029 950 1080 Maior probatur. Nam passio animi eius scilicet tristitia
189 1079 958 1126 immutat vultum: & facit virum deformen. Hinc Oui-
196 1117 955 1174 dius graphice domum Inuidiae describit. vt in. xlii.
197 1164 950 1213 distin. ii. allegauimus. Insuper laetitia mentis multo
193 1212 956 1263 magis delectat & syncerius qui corporis voluptas:
193 1255 946 1303 alioquin in ea non esset beatitudo: & nobilius subit
198 1298 959 1347 ctum habet nobiliorem qualitatem. sed anima corpo-
195 1350 953 1398 ri praestat. igitur. Tristitia autem plus torquet quam dolor
192 1384 959 1440 simplex. voco dolorem simplicem qui no habet tristi
199 1432 955 1478 tiam admixtam. Praeterea magnanimus existens in cla-
192 1479 956 1534 ra fama si in aliquid incidat quod suam famam laedit / deni
198 1521 956 1575 grat / lacerat: sic torquetur tristitia vt maior poena
189 1564 955 1608 adhiberi nequeat. Audiuimus de viro solum me-
189 1602 950 1656 diocris famae: qui cum pronunciaretur nouissimus in theo-
195 1654 952 1697 logiae licentia in nostra facultate Parisiana: semi-
198 1699 946 1755 mortuus cecidit. Quid contingerit iis qui diu litigam
199 1743 950 1787 do / pinguia beneficia: aut pugnando regna / vel impe
196 1783 941 1839 ria diuersa amiserint: nemo est qui non nouerit. & se
189 1828 943 1880 cundum magnitudinem rei amissae crescit tristitia
201 1875 955 1923 Quid vero infelicius euenire possit quam amittere regnum
201 1923 952 1970 caeli: societatem beatorum spirituum cum tata laetitia: & tru
187 1965 956 2009 di in carcerem erumnis plenum perpetuo? certe perpetuita-
189 2005 950 2060 tis consideratio nulli dubium est quin mirabilem
192 2053 952 2116 pariat tristitiam. Sed de hoc vbi de gaudiis / & poe-
189 2097 880 2168 nis loquemur: particularius postea dicemus.
173 2162 958 2257 ⁋ Distinctionis Quadragesimaequintae.
383 2236 713 2317 Quaestio Prima
685 2289 953 2381 Ria principa
682 2363 950 2421 liter in hac distine
675 2411 958 2470 ctione quadragesi
672 2455 956 2514 maquinta inquirere
703 2499 959 2554 pono. Primo de
682 2542 950 2601 suffragiis: quibus va-
672 2587 957 2646 leant: & ad quid. Se
679 2633 950 2690 cundo de sepultura
682 2676 950 2725 mortuorum ad quid
675 2722 961 2778 illa conducat. Ter
670 2773 953 2816 tio an sancti pro no
673 2810 947 2856 bis & existentibus in
681 2853 956 2922 purgatorio orent.
1029 444 1786 504 De suffragiis primo inquiram, quibus prosint suffra
1026 504 1787 555 gia ecclesiae. Pro quo pono conclusiones. ⁋ Prima
1024 542 1783 600 est. Suffragia ecclesiae non prosunt damnatis probatur
1025 583 1781 633 Nam quarto de ciuitate dei dicit diuus Augustinus
1032 629 1780 685 Si scirem patrem meum in infemo / non plus orarem pro
1039 674 1798 721 eo quam pro diabolo. Et Baptista tertio Calamitatum.
1035 726 1790 772 Sed neque rex erebi quemquam tranare paludem: Nec su-
1029 769 1789 820 peris iterum reddi sinit. ⁋ Secunda propositio. Suffra
1032 807 1786 865 gia ecclesiae non prosunt existentibus in caelo. Nam ipsi
1022 849 1784 900 sunt in termino: quorum gloria non augetur: sicut nec
1023 896 1796 960 poena existentium in infemo diminuetur. Hoc patet
1027 941 1781 999 in Enchiridio. lxv. c. & de cele. mis. c. Cum Marthae
1029 986 1790 1037 .S. Tertio loco. vbi dicitur. Iniuriam facit martyri qui
1032 1029 1781 1078 orat pro martyre. Et propterea vt Innocentius tertius
1023 1077 1784 1129 archiepiscopo Lugdunensi illic scribit, mutata est
1029 1127 1790 1179 oratio sancti Leonis, vt pro nobis oraret: pro quo olim
1027 1165 1783 1221 orabatur. ⁋ Tertia conclusio. Suffragia ecclesiae ali
1030 1213 1790 1264 quid prosunt: & aliquibus. alioquin ecclesia frustra
1026 1259 1780 1305 oraret pro defunctis: & sic erraret: quod nefas est dice
1024 1296 1790 1347 re. Et ostenditur per illud. ii. Machabeorum. xii. Sancta
1033 1342 1790 1395 & salubris est cogitatio pro defunctis exorare, vt a
1026 1386 1790 1442 peccatis soluantur. Quod tangit idem Baptista lib-
1030 1438 1790 1478 iii. Alphonsi dicens. Propterea caeso rediens Macha
1042 1478 1796 1531 peus ab hoste Immensum Solymas argenti pon-
1029 1525 1784 1577 dus ad arces Misit / opem sociis qui cum virtute suprer
1024 1566 1789 1617 mam Clausissent pro lege diem. Et paulo ante in eo-
1026 1608 1784 1653 dem. Haec homines quotiens iterant libamina vel cum
1026 1650 1788 1696 Aere iuuant inopem vel pneumina sancta precantur:
1026 1698 1781 1748 Aut auido minus indulgent obsonia ventri. Sic deus
1027 1743 1787 1801 edixit: tali perfundimur auta. Diuinam sentimus open-
1030 1782 1796 1836 mitescit auernus: Exilium decrescit: habent fessi ocia
1023 1830 1796 1883 manes. In super arguitur ratione. Aliquis potest satisfa-
1029 1872 1789 1933 cere pro viuo: ergo & pro defuncto. patet consequentia:
1026 1924 1781 1974 quia defunctus est capax liberatiois a poena sicui
1029 1964 1786 2021 & viuus: quia actualiter poenam patitur. Sed siquis totum
1032 2011 1789 2059 valorem operis sui referat in satisfactionem alterius: nul-
1032 2051 1792 2112 lo modo satisfacit pro seipso. Nam existens dominus fru-
1032 2097 1798 2146 ctuum operis sui / & omnino applicans fructum al-
1030 2141 1789 2201 teri: nihil sibi retinet, quemadmodum si pro se oret: totum
1027 2183 1790 2237 sibi prodest, non tamen sibi ipsi minus meretur de
1032 2231 1798 2285 gratia & gloria: quia illa non meretur alteri. ⁋ Quar-
1029 2274 1789 2328 ta conclusio. Suffragia ecclesiae prosunt existenti-
1023 2316 1783 2369 bus in purgatorio. probatur sic. aliquibus prosunt.
1031 2360 1793 2408 secundum tertiam praemissam: & non existentibus in caelo
1035 2405 1784 2455 aut infemo per primam & secundam: ergo prosunt exi
1033 2445 1789 2506 stentibus in purgatorio: a sufficiente diuisione. Ap
1034 2492 1775 2548 pellamus existentem in purgatorio defunctum / vbicumo
1036 2546 1790 2598 locorum fuerit: modo non discesserit in originali vel
1023 2586 1630 2651 mortali: sed sit debitor poenae temporariae
1041 2666 1783 2739 ⁋ Contra primam conclusionem argu-
1024 2717 1790 2775 mentor per argumentum commune de Traiano liberato
1030 2771 1788 2826 precibus beati Gregorii: qui tamen erat in inferno
1041 2813 1789 2865 quia beatum lgnatium discipulum beati loannis
1039 2855 1784 2914 euangelistae: & aliquos alios morti tradidit iniuste-
