2338 3303
484 313 1229 372 uis illud esset verum (quod non est vero simile) solum fini-
484 362 1226 413 te sacrificium a deo acceptatur: & ita stabit nostra conclu-
486 404 1225 463 sio veta. nam totus valor ex parte rei operatae & rei operan
486 453 1233 503 tis est maior applicatus paucis quam multis. Et patet per
483 494 1232 548 simile tota conclusio. si sortes & plato debeant cicero-
484 548 1226 592 ni viginti, vterque eorum decem: dando decem non est sa-
482 586 1225 635 tisfactio pro vtroque illorum. Secundo argumentor ad
476 624 1226 686 conclusionem. Si missa dicta pro duobus tantum valeret
480 675 1231 722 quantum si pro vno illorum dicerent: periret deuotio qua
483 719 1225 767 homines curant missas celebrari, quod est inconveniens &
480 760 1237 814 contra consuetudinem ecclesiae. patet. nam vbi centum vel mil
475 805 1238 858 le convenirent ad celebrationem vnius missae: cum cuili
474 846 1234 900 bet illorum tantum valeat quantum vni soli per te: nullus cu
476 896 1221 948 rabit celebrari sacrificium pro se. ⁋ Ex isto sequitur quod
481 946 1240 990 modus Praepositini est fictitius, quod missa celebrata
484 980 1229 1042 pro sorte tantu valet ei quantum sorti & platoni, nisi quia est ei
477 1024 1235 1076 maior honor adhibitus, quemadmodum est de diuite
477 1071 1238 1125 habente candelam in lectione: a qua alii aequaliter propinqui
480 1110 1234 1162 aeque bene vident. & de lectione lecta vni quam alii
470 1158 1241 1221 praesentes aequaliter capiunt. haec analogia in agete natu
472 1201 1236 1262 rali nihil valet ad lumen spirituale, quod dependet ex aca
468 1250 769 1316 ceptatione diuina.
477 1306 1240 1389 ⁋ Contra hanc conclusionem argu-
471 1369 1238 1432 mentor. Ex ea sequitur quod melius & vtilius foret esse de pa
472 1414 1229 1467 rochia sancti Hilarii qui sancti Pauli vel Stephani
474 1460 1237 1514 simiter magis conduceret esse de parochia sancti Bal-
483 1503 1237 1555 dredi in Adhamen quam sancti aegidii Edinburgi. hoc
481 1550 1241 1600 est inconueniens. cosequentia videtur lucida ex com-
472 1591 1235 1652 clusione: cum missa applicata paucis cuilibet eorum
487 1638 1235 1700 plus prosit quam applicata multis. modo duae harum
470 1680 1244 1751 parochiarum sunt exiguae: & tres grandes. ⁋ Respondetur
479 1727 1241 1785 negando consequentiam. nam plures fiunt conciones ad po
490 1770 1247 1830 pulum: & plura suffragia in magna parochia quam in par
472 1822 1235 1879 ua: & meliores forte homo habent vicinos. Sed quia
483 1865 1238 1916 argumentum tangit illud bonum quod prouenit paro-
475 1914 1241 1958 chiano ex valore missae parochialis: dico quod va-
474 1954 1241 2005 lor generalissimus aequaliter valet applicatus multis & pau
482 1996 1234 2041 cis. in quo valore includuntur omnes fideles & astantes.
471 2035 1240 2093 Nam sacerdos offerens hostiam super altare dicit. Susci
473 2080 1241 2139 pe sancte pater & caetera. paulo post orat pro omnibus
483 2133 1234 2177 circumstantibus, & etiam omnibus fidelibus christianis viuis
481 2170 1231 2224 atque defunctis. & in canone pro maximo pontifice, rege
471 2216 1225 2272 & antistite ntro orantes subiugimus, & omnibus orthodo
474 2254 1235 2317 xis, non ei diminuit deus valorem illum ob puralitatem astam
472 2303 1237 2357 tium vel christianorum: immo aequaliter eis prodest
475 2347 1241 2396 siue multi sint siue pauci. quare consequentia est nul-
471 2390 1241 2441 la: quia parochiani includuntur in valore generalis
471 2436 1240 2495 simo. Sed in valore generalissimo sunt gradus.
483 2480 1231 2539 nam specialius tenetur curatus orare pro suis / hoc es / iis qui
484 2519 1235 2583 dant pecuniam pro sacrificio particulari quam pro aliis. hoc
473 2566 1241 2616 modo seruamus ritum ecclesiae, quod scilicet missa parochialis
474 2614 1240 2668 sancti Stephani cuilibet parochiano tantum valet
477 2657 1228 2710 quantum cuilibet parochiano sancti Hilarii. & tame
476 2701 1235 2772 si duo ex parochia sancti Stephani faciant celebra
1308 297 2059 366 ri rem diuinam: non tantum vtrique eorum prodest quan
1302 355 2056 415 tum si eorum alter fecisset hoc sacrificium offerri. ⁋ Se
1314 401 2069 455 cundo arguitur. sequitur quod si aliquis oret pro infinitis, eius
1306 443 2071 494 oratio specialis nihil vni prosit. patet. dicat Petrus
1320 495 2069 546 vii. psalmos pro infinitis si essent, vel pro infinitis
1317 540 2066 589 possibilibus, vt si mundus fuisset ab aetemo: & in
1306 580 2069 629 finitae essent animae in purgatorio. vel eius oratio
1314 624 2054 673 cuilibet proderit aequaliter: & sic redibit positio Pr
1310 669 2071 721 positini quam explodendam diximus. Forte dicis, &
1317 716 2075 763 sic ad hoc dicendum est: si aliquis oraret oratione ta-
1318 754 2078 802 li quae non est sacramentum, nec ipsum ministeria
1309 800 2066 846 liter efficit: & illa oratio applicetur infinitis arithme
1308 844 2077 899 tice: nulli eorum prodest, si deus non aliter applicet
1317 886 2078 944 quam iste intendit applicare. nam cum valor septem
1329 933 2075 988 psalmorum vel psalterii sit finitus: non est possibi
1319 976 2065 1030 le diuidere ipsum in infinitas partes aequales non con
1315 1020 2081 1072 municantes. & per consequens sequitur quod valor
1305 1060 2072 1116 saltem operantis applicatus aequaliter cuilibet anima
1311 1110 2078 1166 rum infinitarum si essent in purgatorio, nulli aliquid
1318 1153 2081 1210 valeret. Dixi arithmetice. quia si geometrice appli
1315 1200 2084 1256 cet vel difformiter: potest cuilibet illorum aliquid vale-
1309 1244 2077 1292 re, vt applicando sorti primam partem proportionalem
1311 1288 2081 1336 meriti: platoni secundam partem proportionalem
1318 1331 2084 1387 illius valoris: ciceroni tertiam. & sic sine statu, quia
1321 1377 2075 1423 sic in infinitum parum vni istorum applicabitur valor. Co
1312 1418 2077 1471 tra hoc arguitur. ex solutione sequitur / quod si infiniti ora-
1314 1467 2086 1515 rent pro infinitis, nullum liberarent probat: quia totus va
1321 1508 2080 1555 lor est finitus, & aequaliter applicatus infinitis: ergo
1305 1552 2081 1600 nulli valet per te. Respondetur, non sequitur: quia totus
1314 1597 2081 1644 ille valor est infinitus. Et patet aliter. nam si quilibs
1318 1641 2077 1691 istius multitudinis oraret pro vno solo: oratio ali-
1320 1683 2087 1738 quid valeret illi pro quo oraretur: & non minus meretur
1321 1732 2090 1780 tota illa multitudo orando pro tota multitudine
1312 1778 2084 1828 in purgatorio quam si vnus oraret pro vno determina
1315 1818 2084 1878 te. igitur. Secundo dico quod licet in finitis hoc ha-
1320 1859 2086 1914 beat vbique verum: non tamen oportet in infinitis. nam
1318 1910 2087 1963 modus applicandi in infinitis multum facit, si-
1320 1951 2080 2005 cut auferendi. vt si essent infinita scuta posita ad
1312 1989 2087 2036 longum: & infinita multitudo sic auferret vt primus.
1324 2033 2087 2082 tollat primum scutum: & secundus secundum: & ter
1321 2084 2088 2138 tius tertium: & sic sine statu, nullo scuto praetermis-
1308 2124 2081 2183 so: tota multitudo auferretur: & tamen si primus homo
1312 2175 2083 2220 tolleret secundum scutum, & secundus quartum
1314 2212 2092 2263 & sic alternatim: num quam omnia tollerentur. Tertio di-
1312 2261 2081 2314 co quod iste casus est praeter legem: ac per hoc non mul
1317 2302 2081 2354 tum prosequendus. & licet mundus fuisset ab aeterno
1311 2350 2080 2402 quod reor possibile: nunquam habebis infinitas animas in
1320 2401 2081 2447 purgatorio. ⁋ Tertio arguitur. sequitur quod sacerdos
1321 2436 2096 2496 capiens sex denarios quos vocat paruos albos i
1324 2481 2090 2528 a sorte / & totidem a platone / non satisfacit vtrique eo
1314 2525 2090 2579 rum / dicendo vnam missam pro eis. hoc est falsum
1314 2567 2081 2625 cum det eis melius quam acceperit. secundum id quod damin
1317 2613 2081 2663 in offertorio missae. Centumplum accipies, & vitam aeter
1323 2658 2090 2713 nam possidebis. Dicis forte. debet seruare promissum
1305 2708 2090 2773 quia promisit dicere pro quolibet vnam missam: Oppono
