2412 3291
519 267 1280 346 ⁋ Dubitatur secundo: an curati insti
526 347 1286 397 male agant capientes sex paruos albos vt faciant
531 388 1280 455 telebrari pro parochiano: dantes sacerdoti inopi quam-
521 430 1283 488 tuor paruos albos, vt interdum fit. Distinguo. vel
516 478 1285 529 curati distribuunt totam pecuniam quam habent
513 513 1275 586 sacerdotibus: puta faciunt celebrari tres missas pro
531 565 1280 621 iuinque duodenis vbi parochianus haberet praecise
517 614 1282 661 duas: iam non oportet quod peccent: quia curati parochi-
510 658 1280 716 ano non faciunt iniuriam: nec sacerdoti quem fa-
509 691 1273 756 ciunt facere rem diuinam seu missam hora tarda & inten
522 739 1282 801 pestiua quando non potest habie aliud. Si autem pro se tene-
511 789 1273 835 ant partem pecuniae datae: inique agunt. nam quae-
508 823 1271 881 ritur quo titulo illam teneant. ⁋ Tertio dubitatur
516 868 1261 936 an curatus possit capere pecuniam vt pro aliis cele
514 914 1268 969 bret. Respondetur. si curatus sit extra locum suae cu
510 962 1267 1012 rae & habeat vicarium loco suo, potest pecuniam capere
505 998 1272 1063 simiter quando non tenetur celebrare pro suis, potest pecuniam
498 1053 1275 1106 a suis accipere ratione celebrationis: non autem quando te
507 1096 1265 1148 netur pro suis offerre: praeter illud quod consueuit
501 1141 1262 1195 capere. ⁋ Quarto dubitatur: an melius sit fundare al
505 1179 1271 1237 tare perpetuum pro anima defuncti, an capere omnes prouen
505 1222 1264 1285 tus quibus emitur ille redditus annuus ad celebrandum
505 1269 1265 1326 vno die. Respondetur. sunt varii respectus & consi-
495 1309 1267 1375 derationes oppositae. nam ad citius liberandum ani
498 1357 1264 1423 mam prodest habere suffragia expedita: quia propter
501 1405 1255 1468 velle facere opus non liberatur anima a purgatorio
510 1442 1256 1506 quousque fiat. Contingit tamen quod sit maior gloria dei
501 1496 1265 1553 habere altare perpetuu ad rem diuinam faciendam perpe-
495 1533 1258 1590 tuo ad finem mundi vsque cum aliis. & sic vnus vna ra-
492 1574 1254 1638 tione motus non peccat: & alter alia ratione motus
482 1620 1253 1681 faciens oppositum non male agit. vnusqusque enim in
486 1657 1256 1717 suo sensu abundat. ad Roma. xiiii. ⁋ Dubitatur
489 1714 1253 1767 quinto: an magis prosit orare pro viuis, an defunctis.
492 1755 1253 1809 Respondetur. oratio ad multa valet. vt in. iiii. distin
482 1802 1244 1856 ctione huius diximus / vtpote ad praeseruandum ho
493 1850 1244 1899 minem ne peccet /& ne tollatur de medio in malo
486 1880 1250 1953 statum: vel puniatur ratione culpae. ratione illius plus
493 1928 1237 1994 prodest orare pro viuis: quia extra illa pericula
477 1984 1254 2041 est defunctus. quo ad aliud defunctus actualiter
481 2019 1242 2083 eget maiore ope si sit in purgatorio. & sic ma-
484 2071 1241 2123 gis prodest pro eo orare. ⁋ Sexto dubitatur
486 2113 1249 2168 vtrum homo teneatur orare pro quolibet existen-
484 2154 1247 2216 te in purgatorio. Et arguitur quod sic: quia sunt in ex
486 2202 1238 2259 trema necessitate spirituali / non potentes sibi suc
483 2246 1247 2308 currere: ergo pars affirmatiua vera. Ad partem ne
487 2292 1245 2344 gatiuam arguitur ex communi hominum consuetu
477 2338 1232 2392 dine non sic faciente. Respondetur negatiue ad du-
474 2370 1232 2437 bitationem. & nego quod sint in extrema necessita-
487 2421 1234 2473 te: quia possunt soluere pro delicto. nam qui non ha-
475 2455 1227 2530 bet in aere, luet in corpore. sed pauper qui est in ex
474 2504 1233 2570 trema necessitate corporali morietur nisi ei fuc-
487 2556 1229 2612 curratur. iste autem existens in purgatorio non mo
487 2596 1221 2659 rietur. & quamquam patietur poenam, non teneor illam poenam rele
475 2641 1236 2711 uare. sicut non teneor tollere omnem poenam a paupe-
1362 289 2139 372 re frigido vel calido. ⁋ Septimo dubitatur, an omnes.
1365 341 2130 410 animae in purgatorio aequaliter gaudeant de suf
1371 380 2137 450 fragiis porrectis vni. Respondetur. quilibet regulari-
1365 430 2135 506 ter plus gaudet de bono proprio quam alieno secundum
1367 476 2120 540 prdinem charitatis. vel ei magis placet tempore
1368 524 2117 581 quo est aptus gaudere. sed non multum gaudent
1351 570 2129 637 animae in purgatorio. An autem aliquid gaudii
1354 599 2125 684 habeant cum sua tristitia: impraesentiarum non
1361 647 1516 704 perquiro.
1357 695 2121 803 ⁋ Vltimo dubitatur: in quo loco pu
1349 772 2113 841 niantur animae purgandae: & vbii sit purgatorium: &
1353 815 2114 884 quomodo ab infemo distinguatur. Respondetur. an-
1353 860 2120 923 te aduentum Curisti quatuor erant loca in terra: in
1348 897 2118 973 fernus scilicet ad centrum terrae: & circa superficien
1351 945 2108 1017 terrae sinus Abrahae: in quo erant patres nullum
1345 994 2115 1062 crimenpiandum habentes / quia non poterant con-
1351 1030 2122 1105 scendere caelos, quousque praecium saeculi esset solu
1353 1076 2122 1149 tum. Et dicitur sinus Abrahae / quia ipse erat primus
1349 1113 2120 1188 & principalis qui pro cultu fidei futuro separabatur ab
1341 1164 2108 1234 idololatris. De duobus aliis locis mediis vix con-
1338 1208 2105 1290 stat vter eorum sit altero superior. Probabliciter puto quod
1350 1253 2120 1326 puerorum limbus sit immediate situs sub patrum lim-
1351 1307 2110 1378 po vel sinu Abrahae: & purgatorium in parte superi
1338 1347 2111 1417 ore inferni. & sic inter sinum Abrahae & infernum
1337 1384 2106 1461 in quo erat diues epulo, magnum erat chaos. Lim
1340 1428 2113 1505 bus autem patrum post orbem redemptum non ma
1338 1473 2111 1550 net / quo ad illud officium. Et sic est solum triplex lo-
1326 1524 2105 1596 cus recipiendi communis. Vel enim quis decedit in gra-
1328 1563 2103 1641 tia, & non debitor poenae: is protinus ascendit ad
1335 1604 2095 1673 superos / sicut leue simpliciter. si cum mortali de-
1332 1659 2099 1728 cedat descendit ad infernum sicut graue simplici-
1316 1698 2112 1770 ter. si sit debitor poenae, ad purgatorium descendit tan
1332 1736 2095 1815 quam graue in respectu. Decedens autem cum originali
1326 1785 2095 1856 & veniali locum poenae mutabit post diem iudi
1326 1835 2106 1901 cii. sed damnati manebunt in locis suis nunc ad
1323 1872 2096 1946 iudicium vsque. Aliqui etiam purgatorium habent
1320 1916 2098 1991 in hoc mundo: vt quaest. vi. dist. praecedentis ex di
1322 1959 1716 2025 uo Gregorio citauimus.
1323 2016 2101 2136 ⁋ Distinctionis Quadragesimaequintae
1493 2101 1904 2200 Quaestio Quarta.
1617 2195 2097 2290 ri psolutis tribus quaesti
1649 2263 2081 2327 onibus materiam suffragiorum
1652 2320 2080 2368 concementibus: deueniendum est
1654 2359 2073 2422 id materiam sepulturae. & quaeri
1650 2397 2078 2463 tur an conducat in loco sancto
1629 2423 2074 2511 lsepeliti: & an quilibet possit
1604 2485 2065 2550 di eligere sibi locu sepulturae.
1309 2520 2075 2590 ⁋ Respondetur per conclusiones. Primaest prodest hominibus se-
1309 2575 2076 2637 peliti in loco sacro. Probatur. nam multi decedentes de
1299 2623 2057 2678 cedunt debitores poenae temporalis purgande: quibus
1299 2663 2067 2744 prodest sepeliti in loco sacro: quia transeunte-
