2307 3342
264 337 1019 405 & potissimum amici orant pro eis propterea dicit b
258 397 1003 443 Augustinus in libro de cura pro mortuis agenda: ve
262 441 1007 500 cari monumentum eo quod moneat mentem. In super no
273 485 1019 534 ob aliud Abraham Isaac Iacob & loseph erat de
273 528 1006 586 sepultura solliciti. ⁋ Secunda conclusio. Pium opus
268 573 1013 631 est mortuos sepelire. Probatur: quia opus est licitum ex per
267 618 1012 665 te obiecti: & datur recta intelligentia de resurrectione.
268 663 1016 709 hoc autem totum est pium & honestum. praeterea Tho-
264 708 1010 754 bias in hoc plurimum laudatur. Thobiae. xii. igitur
261 749 1012 802 ⁋ Tertia conclusio. Quilibet adultus ratione vtens
258 795 1015 845 debet eligere sepulturam in sua propria ecclesia in quae re
256 842 1019 886 cipit sacramenta, vel in qua maiores sui sepulti sunt
255 881 1008 935 nisi sepulturam eligat ob alium locum. Huius conclusio
261 930 1007 978 nis prior pars patet. xiii. quaest. ii. c. Placuit. cui cor
259 972 1013 1037 sonat illud quod scribitur in. c. Fraternitatem. de sepuli
258 1015 1019 1076 & ostenditur per Ebron in quo Adam & Eua: & postea
264 1057 1018 1116 patriarchae sepulti sunt. vt liquant ex. c. Ebron. xiii.
264 1112 1009 1158 qui. ii. Altera pars patet: quia homo potest sibi procurare maio
255 1150 1010 1196 rem vtilitatem spiritualem qua potest, sine iactuta aliorum: vt
267 1196 1018 1249 pote soluendo ecclesiae matrici canonicam portionem
263 1238 1025 1290 xiii. qui. i. Ecclesias. quam portionem consuetudo loci in-
265 1280 1019 1336 terprstatur. ⁋ Quarta conclusio. Peregrinus debs
259 1329 1022 1378 sepeliti vbi in aegritudine ipsum mori contigerit.
258 1373 1016 1425 patet. xiii. qui. ii. Placuit. ⁋ Quinta conclusio. Im-
260 1415 1019 1477 pium est non sepelite mortuos. haec conclusio sequitur
265 1456 1007 1504 ex opposito secundae. Ostendituretiam eadem conclusio
261 1507 1018 1558 per canones: in quibus praecipitur dari eucharistia & sepul
264 1548 1010 1601 tura suspendendis. vt. c. Fures. de fur. xiii. q. ii. c
264 1593 1018 1638 Quaesitum est. Omnibus enim facinorosis danda est commu
258 1635 1012 1694 nio: & quilibet tradendus est sepulturae. de poeni. dist
258 1682 1024 1729 vii. c. Si quis. nisi in casibus a iure expressis. nam ecclesia
252 1733 1013 1784 non claudit gremium redeuntibus. de haere. c. Super eo-
258 1769 392 1825 libro. vi
258 1822 1013 1901 ⁋ Contra quartam conclusionem ar-
263 1892 1019 1950 guitur. multi facinorosi viri nunquam traduntur sepultu
261 1947 1018 1995 rae: sed in locis publicis pendent, vt in mote Falconio
262 1983 1016 2033 iuxta Parisios. & ita in plerisque locis Galliae & Ger
258 2027 1016 2083 maniae contingit. ergo isti inhumane agunt. ⁋ Raspon
262 2076 1019 2127 detur concedendo antecedens & negando consequentiam. nam vbi
274 2117 1028 2169 sunt loca publica / habent loca consecrata. & licet non
258 2160 1027 2219 sint consecrata: oratur forte pluries pro eis quam pro sepul-
270 2208 1019 2257 tis in ecclesia vel in coemiterio. Secundo illiic puniuntur
267 2256 1025 2303 vt alii eorum corpora videntes sumant exemplum ne si-
263 2295 1015 2345 milia perpetrare audeant, & sic cum infamia torquean
267 2339 1027 2389 tur. Sed contra de poeni. & remiss. c. primo. pontifex
255 2381 1019 2448 hoc prohibet: & dicit quod nulla consuetudo potest intro
259 2426 1028 2480 duci in contrarium. Respondetur. Pontifex dicit quod consue-
252 2473 1031 2516 tudo non valet in contrarium de negatione sacra-
265 2513 1025 2570 mentorum, non enim possunt eis denegari sacramen
261 2559 1018 2606 ta. de sepultura autem nihil dicit. ⁋ Secundo argui
267 2603 1028 2661 tur. Deuterono. xxi. scribitur. Quando peccauerit homo-
257 2655 1028 2705 morte plectendus est: & si adiudicatus morti ap-
267 2696 1028 2748 pensus fuerit in patibulo: non permanebit cada
271 2741 1037 2813 uer eius in ligno: sed eadem die sepelietur. Respon
1090 333 1844 400 detur. quicquid sit de illo: non est morale legis / sed iu
1089 400 1850 454 diciale, nunc nullum robur habens. ⁋ Tertio arguitur
1089 444 1850 492 in lumine naturali loquendo. Valerius Max. titulo
1099 485 1854 539 de ingratitudine, multum inclamat contra eos qui ali-
1095 531 1862 581 os non tradiderunt sepulturae. & Maro primo aenei.
1090 576 1850 624 introducit Aeneam dicentem eos felices qui in pa-
1093 623 1856 674 tria oppeterent ante ora patrum vt ab eis sepeliantur
1093 661 1856 719 dicens. Ingemit: & duplices tendens ad sydera pal
1092 711 1847 762 mas Talia voce refert. Oterque quaeterque bti Quis
1093 752 1853 806 ante ora patrum Troiae sub moenibus altis Con-
1090 797 1859 848 tigit oppetere. Praeterea de loachim in magnam poe
1096 842 1853 888 na, Hieremiae. xxii. dicitur. sepultura asini sepelietur.
1095 881 1861 940 hoc est carebit sepultura. Respondetur. id multis videtur
1104 928 1850 975 poenale: sed non peccant eos non sepelientes ob rationa-
1096 973 1333 1029 bilem causam.
1281 1018 1853 1114 Vbitatur: quam personae sint pro
1267 1094 1854 1149 hibitae sepeliti. & mouetur dubitatio quia
1269 1141 1855 1196 diximus in probatione quintae conclusi-
1261 1187 1857 1243 sonis quod omnes personae sunt sepeliendae
1096 1234 1855 1279 nisi a iure prohibitae. ⁋ Secundo dubitatur: ad quid va
1095 1269 1863 1329 leat illa popa quae fit in sepulturis. ⁋ Ad primum dtmern
1098 1319 1864 1371 quod hae personae prohibentur sepeliti. Primo excommuni
1107 1364 1861 1411 cati. cle. prima de sepul. Secundo manifesti vsu
1104 1410 1867 1453 rarii. ea. cle. Tertio mortui in toneamentis. de tor-
1104 1453 1865 1501 nea. c. i. Quarto raptores qui non satisfaciunt in vi-
1095 1496 1861 1543 ta / cum possent. de rapto. c. ii. Quinto qui non commu
1098 1542 1859 1587 nicant semel in anno, sine rationabili causa: nisi
1105 1583 1868 1633 signa contritionis ostendant. de poeni. & remiss-
1098 1632 1854 1685 c. Omnis vtriusque. Sexto prohibentur ludaei & Pagani.
1102 1674 1868 1723 de consecra. dist. i. c. Ecclesiam. Septio exenterati vel
1095 1716 1861 1763 diuisi corpore. vt patet per extrauagantem Bonifacii
1089 1763 1861 1811 octaui. titu. de sepul. cap. Detestandae. ⁋ Ad secun-
1105 1806 1862 1855 dum respondet bea. Augustini lib. i de ciuitate dei. c. xii.
1102 1847 1871 1901 & in sermone de verbis apostoli / quod ista popa est quod-
1095 1899 1865 1941 dam solamen viuentibus / & magna pars cedit in vsus pi-
1101 1938 1859 1994 os vel ecclesiae vel aliorum pauperum. & est causa quae-
1104 1983 1852 2032 re pro mortuo oretur: & minus lugeant amici. Hio
1092 2030 1862 2086 laudat Valerius titulo de institutis antiquis, Massili
1104 2073 1868 2126 enses qui parum lugebant in morte defunctorum. In ali
1101 2123 1852 2172 quibus autem regionibus ad meridiem, adhuc ma
1104 2162 1858 2220 gnus est eiulatus super mortuum: vbi mimus aliquis ad
1108 2211 1863 2257 luctum accommodatus vocatur ad irrorandum se
1094 2247 1408 2305 pulchrum defuncti
1093 2293 1859 2388 ⁋ Distinctionis Quadragesimae quitae
1276 2355 1673 2449 Quaestio Quinta.
1404 2433 1855 2524 a Vinto in hac distinctio
1392 2487 1855 2570 lane. xlv. quaero : an sancti orent pr
1389 2542 1852 2616 nobis. Respondetur affirmatiue / s
1407 2605 1861 2674 ⁋ eos rogemus vt pro nobis
1426 2643 1862 2700 sorent. Probatur haec conclu-
1410 2691 1852 2750 usio. alioquin totus ecclesie vsus
1401 2729 1871 2812 Hesset inanis. nam sanctum laco
