2296 3322
197 406 967 484 dicatur: credo pro tempore quo alter est adultus: vel
194 463 974 526 pro tempore quo putatur esse adultus. Tertio dici-
203 511 968 567 tur: quod possumus vti tempore praesenti pro. xx. an-
203 556 958 606 nis: & sic illa est vera. & licet cras paruulus moria-
195 598 959 656 tur, nihil impedit quin patrinus non mentiatur: quam
202 643 958 697 uis propositionem falsam dicat, quae est impertinens
197 686 964 740 ad mendacium. Ad aliud nego consequentia. ⁋ Vn-
203 739 964 788 de pono propositiones. Prima est, non propterea
204 784 964 838 quod paruulus efficitur postea haereticus, peccat pa-
204 820 965 874 trinus. Probatur, nemo peccat pro delicto alterius
204 869 964 918 cum quo nullo modo communicat in illo: & hoc est cla
192 914 964 965 rum si patrinus faciat paruulum erudiri in articu
199 959 962 1013 lis fidei. ⁋ Secunda propositio, non obstat quamuis pa
201 1003 975 1052 trinus paruulum nullo modo in articulis fidei edo-
206 1044 971 1094 ceat. hoc patet. quia potest praesumere vbi paruu-
210 1088 976 1140 lus est cum fidelibus parentibus: nec constat sibi
204 1140 971 1189 de opposito: quod est sufficienter eruditus in necessa
209 1179 968 1240 riis ad salutem. vbi vero constaret ei de opposito-
205 1224 977 1277 vel si de illo dubitauerit dubitatione verisimili,
200 1270 971 1316 non esset patrinus excusatus si non doceat paruu-
205 1311 973 1365 lum in illis mediate, vel immediate: quia magis
201 1357 964 1410 ad eum pertinet paruuli eruditio quam ad alios chri-
210 1402 964 1452 stianos. Nec illud est praeter rationem: sicut enim
216 1448 974 1500 paruulus potest consequi salutem ex fide aliena
207 1493 964 1548 & sacramento: sic congruum est quod obligetur ad
202 1540 977 1584 ea quae sunt fidei, obligatione aliena. sed illa non
205 1587 962 1629 est tota causa: vt inferius dicetur. In adultis oster
213 1621 967 1677 sum est esse debere catechismum ante baptismum ex
210 1669 965 1720 verbis Christi. lte docete omnes gentes. puta con-
207 1722 977 1769 munia & principia in fide. & hoc patet Actuum
208 1762 977 1813 viii. cum eunuchus Candacis reginae diceret. Quis
207 1798 983 1860 me prohibet baptizari ? respondit Philippus: si
210 1847 964 1902 credis ex toto corde, licet. at alter: credo (inquit) fi
214 1891 965 1944 lium dei lesum esse Christum. Exorcismus etia
208 1942 980 1989 est rationabilis: vt in generatione spirituali pri-
217 1982 965 2037 us remoueatur dispositio baptismo repugnans
216 2020 964 2083 quam generatio spiritualis introducatur: sicut ignis
207 2067 976 2127 humiditatem remouet a ligno antequam forma in-
207 2113 977 2162 troducat: & hortolanus vepres & vrticas ab hor-
219 2156 977 2202 to expellit antequam inserat herbas. Et si dicas. prius
213 2198 979 2254 debet remoueri causa quam effectus: sed peccatum pri-
219 2244 977 2295 morum parentum est causa quare daemon in ho-
220 2290 970 2337 minibus habet potestatem: ergo homo est prius
210 2334 965 2384 baptizandus. Maior est falsa vniuersaliter: si effe
214 2380 962 2427 ctus augmentet causam vel eam manuteneat.
210 2423 983 2473 ⁋ Tertia propositio: licet requiratur actus volun
219 2464 983 2518 tatis proprius illius qui vouit voto proprie di-
211 2512 980 2561 cto: non tamen requiritur in baptismo. Prima pars
216 2554 967 2599 in materia de voto, & distinctione. xxxviii. pate
223 2599 977 2648 bit. idem etiam requiritur in matrimonio: secus est
209 2645 985 2698 in baptismo: in quo non est proprie votum: cum
223 2688 986 2739 sit de necessitate salutis antequam accipiatur. Secun-
223 2733 977 2780 da pars patet ex praemissis. Hoc tamen non obstan
225 2776 977 2842 te ecclesia cogit legitime talem paruulum: quamquam
226 2818 989 2881 actualiter nunqui postea credat, ad seruanda ea quae
1045 413 1813 479 fidei sunt, & non cogit purum infidelem. Ratio est
1050 476 1808 525 quia vnus est fidelis vel erat per fidem infusam:
1048 514 1811 561 alter non. ltem quando non poneretur fides infu-
1047 548 1829 605 sa: quia vnus est de familia Christi: alter vero non
1054 601 1808 648 est: non est cogendus secundum apostoli sententiam
1050 643 1804 703 ad Romanos. v. Quid ad me de his qui foris
1041 694 1820 753 sunt? Nec paruulus incommodum postea impor-
1044 735 1823 794 tat ex hoc: & pure infidelis commodum: sed oppo-
1048 777 1832 838 sito modo: quemadmodum si sint duo dyscoli: quo-
1048 826 1820 881 rum vnus cogatur per praeceptorem ad seruandam
1051 876 1808 925 regulam bonam: alter vero vagetur: & nullum prae
1056 920 1814 967 ceptum habeat. ⁋ Ad secundum argumentum:
1054 950 1826 1012 vbi petis an naturaliter effugat daemones, an ad
1063 1001 1817 1048 placitum: dico ex pacto diuino. Et si dicas. Dauid
1056 1053 1823 1099 primi Regum. xvi. auferebat daemonium a Saule
1055 1087 1820 1145 per pulsum citharae: & fumus iecoris piscis extri
1050 1131 1814 1187 cat omne genus daemoniorum. Thobiae. vi. Et. iiii.
1053 1173 1820 1233 Regum. iii. Heliseus fecit adduci psalten: vt prophe-
1059 1219 1814 1269 taret. Respondetur. Spiritus malignus minus vnum
1047 1266 1811 1316 hominem torquere potest quam alium: quia est minus
1047 1312 1820 1364 dispositus. Nam actus actiuorum sunt in patiente
1053 1347 1819 1402 disposito. secundo de anima. melancholicum enim
1053 1401 1811 1444 & subtristem magis vexare potest quam sanguineum
1056 1442 1820 1492 & iucundum: cantus autem & melodia aliquos red-
1056 1488 1817 1540 dunt iucundos: & mutant dispositiones hominum:
1059 1532 1819 1584 vt. viii. Politicorum dicit philosophus. propterea
1063 1573 1814 1625 Dauid cithara poterat disponere Saulem ad hoc
1057 1623 1815 1681 vt minus pateretur a daemone. Vlterius dico, quod
1053 1662 1823 1712 Dauid dulciter personuit: ob quod minus Saul ap-
1056 1715 1823 1761 prehendebat vexationem propter voluptatem ex me-
1050 1753 1819 1804 lodia acceptam. nam pluribus intentis minor est
1053 1797 1823 1846 ad singula sensus. minus enim cruciatur laborans
1057 1842 1816 1890 morbo propter tactum cymbalorum bene sonan-
1051 1886 1811 1934 tium: licet idem morbus intrinsece maneat: quia
1062 1934 1820 1984 apprehensio actualis intensa vel remissa, vel ani-
1062 1974 1820 2023 maduertentia ad aliud delectabile, partem poenae
1056 2024 1820 2076 magnam dissoluit. Poterat etiam Dauid per preces &
1059 2064 1817 2113 deuotionem in cithara mereri ne Saul puniretur
1057 2108 1819 2156 tantum quantum antea. De fumo cordis piscis
1062 2153 1820 2211 quem Thobias ab angelo apprehendere iussus est:
1062 2191 1811 2254 dico quod hoc factum est deo volente. Per psalten autem
1062 2241 1817 2292 deuotio Helisei accendebatur, vt dignus esset prophe
1062 2285 1813 2332 tiam recipere. Aliqua nanque sunt instrumenta mu-
1058 2327 1822 2376 sica ad pietatem & fletum mouentia: quibus anti
1053 2368 1820 2426 quitus vtebantur in planctu mortuorum: aliqua
1062 2421 1820 2471 ad bellum accendunt: sicut inferius. distin. xv. hu
1059 2466 1817 2513 ius dicemus de tuba & lituo. sicut enim canes so
1062 2508 1820 2560 no cornuum accenduntur ad venandum: sic ali-
1060 2550 1817 2600 qua ad deuotionem mouent: quibus vtendum est
1053 2595 1819 2648 in diuinis officiis. Hinc Dauid saltabat ante arcan
1063 2642 1817 2697 foederis: & percutiebat in organis armigatis. ii.
1063 2682 1825 2735 Regum. vi. Et iam tempus equum fumantia sol
1056 2727 1588 2778 uere colla: circa hoc sacramentum
