2334 3324
480 315 1243 370 ponit frigus suapte natura. modo nihil in anima
480 361 1246 416 si non ponatur actus contrarius, habitum corrumpit vel
499 408 1244 460 ponit contrarium. Et hoc ostenditur ex illo Lucae. xvi.
487 447 1229 493 Fili recordare quia recepisti bona in vita tua: & La
480 494 1237 547 zarus similiter mala. ergo diues epulo / hoc est anima
486 536 1246 589 diuitis epulonis qui fuit, recordabatur eorum quae fecit
483 581 1235 633 in vita: & tamen anima fuit separata. ldem expresse voluis
480 623 1240 679 Hieronymus in prologo bibliaco inquiens. Disca
490 678 1235 730 mus in terris quorum scientia manet in caeio. ac si di-
487 720 1229 773 ceret. Habitus quos acquirimus in terris, in caelis
480 763 1235 816 remanebunt. Postremo ad eandem conclusionem argu-
478 805 1240 851 mentor. si habitus non manebunt: frustra tot excu
484 849 1228 899 bias nocturnas & lucubrationes studio homines impi
481 891 1238 947 derent siomnia repente corruerent. ⁋ Quarta conclusio
480 936 1237 992 probatur sic. Anima separata habet potentiam intelle
485 989 1246 1032 ctiuam & appetitiuam: ergo potest ponere actum circa
480 1035 1245 1082 obiectum praesentatum, sed illae potentiae sunt receptiuae
484 1071 1232 1117 habitus: ergo possunt recipere habitum. Secundo
480 1114 1240 1169 probatur idem. nam anima in corpore corruptibili
474 1167 1238 1215 potest acquirere tam actus quam habitus: ergo & separa-
486 1204 1232 1246 ta. tenet consequentia: quia perfectius se habet sepa
471 1249 1232 1304 rata quam in corpore corruptibili. ⁋ Quita conclusio
480 1291 1243 1338 ostenditur: quia homo habet multas notitias actua-
486 1337 1248 1393 les & habituales sensitiuas, quas non oportet ha-
471 1380 1238 1434 bere in resurrectione. nam quando anima separa-
474 1423 1241 1482 tur a corpore in morte: omnes illae notitiae corrun-
481 1475 1235 1524 puntur ad corruptionem subiecti: nec oportet tales
475 1516 1244 1563 reassumpto corpore creari iterato a deo. ergo con-
483 1555 667 1616 clusio vera-
485 1611 1237 1701 ⁋ Contratertiam conclusionem argu-
481 1689 1241 1745 mentor. Ex ea sequitur, quod vir senex habet tot ha
481 1734 1235 1780 bitus grammaticos / logicos / & historicos quot vn
490 1777 1231 1832 quam habuit in iuuenta. consequens est contra experien
484 1825 1232 1873 tiam, cum non possit exire in actum ab illis habitibus
477 1878 1244 1916 elicitum, vt in iuuenili aetate. sed habens habitum
474 1913 1232 1970 prompte & delectabiliter exit in actum sui habitus
487 1958 1247 2014 ⁋ Respondetur concedendo sequelam. & nego quod con
474 1998 1240 2054 sequens sit contra experientiam. sed pro hoc statu in
489 2053 1234 2099 quo sumus, habitus animae non potest exire in suos
486 2089 1234 2136 actus facile sine corporis habitu, vel eius bona
471 2130 1235 2188 dispositione: quia est animae instrumentum. secus est
480 2182 1235 2231 de anima beata, vel a corpore corruptibili separa
483 2219 1234 2271 ta. Corpus enim quod corrumpitur aggrauat animam.
480 2263 1246 2320 Sapientiae. ix. lstud autem est in poena peccati. Vnde
474 2312 1235 2368 dicit Augustinus i de libe. arbi. ca. x. Poena peccati est
488 2354 1231 2412 quod mens aliquando perspicuas ratiocinationes for
477 2399 1243 2447 midet: & de inuentione veritatis desperet. aliquan-
483 2443 1240 2492 do etiam conetur in lucem intelligendi: & rursus de
475 2489 1241 2538 cidat fatigata. vbi multas mentis poenas ponit.
486 2532 1240 2582 Anima autem separata & beata, deum & angelos in-
484 2576 1248 2630 tuitiue contemplatur: nunc autem non. Propterea nihil est
474 2623 1237 2676 arguere de hoc statu mortali ad animam separatam
480 2663 1241 2716 vel beatificam. nam in hoc statu caro alteratur: ad
475 2719 1232 2782 cuius alterationem habitus sensitiuus remittitur
1324 295 2077 369 vel instrumentum animae indisponitur. quare habi
1321 365 2069 408 tus animae non poterit exire in suas operationes.
1311 406 2077 452 Contra hoc argumentor. antiquus magister regens
1320 451 2071 498 in grammatica dicit regulas grammaticas memori-
1315 491 2084 544 ter: & tamen caro eius alteratur. Respondetur. ipse
1309 542 2073 593 acquirit nouos habitus proportionabiliter, vel ma
1311 583 2078 628 iorem quam sit is qui remittitur. quapropter exit in
1317 629 2077 676 actus sui habitus. sed habitus sensus vel corpus
1315 674 2087 727 indisponitur. Exemplum in simili. indisponitur ocu-
1314 714 2077 767 lus senis vt videre non possit sicut in iuuenta. si
1315 756 2090 805 tamen haberet instrumetum videndi tale quale
1324 805 2090 855 in iuuenta habuit, aeque bene videret ac in iuuen
1327 848 2072 903 ta: quantum est ex parte animae: iuxta illud Aristote
1314 892 2072 944 lis primo de anima. Si senex haberet oculum vt
1308 940 2081 985 iuuenis, videret vt iuuenis. propterea senex con
1311 984 2078 1031 spiciliis vtitur: vt defectum instrumenti, hoc est or-
1314 1022 2077 1081 gani suppleat. nam multum facit instrumentum ad
1309 1076 2087 1131 actionem principalis agentis. Nonne vides quod ma-
1314 1114 2078 1160 nus tam fortis quam olim erat, non tam scindit obtu
1314 1158 2083 1208 so cultello vt acuto? sic de habitu animae: quando
1321 1200 2081 1257 corpus, animae instrumentum est indispositum. Et si
1314 1246 2081 1293 aliquos optimae memoriae assignaueris: vt The-
1311 1296 2077 1342 mistoclem de quo loquitur. M. Tullius in secundo
1327 1336 2081 1385 de Oratore: vel. L. Scipionem: & Mithridatem regen
1314 1380 2071 1435 Ponti: qui integros exercitus propriis nominibus
1315 1426 2081 1471 vocarunt: hoc erat quia bona & apta organa me-
1314 1469 2090 1526 moriae habuerunt. & confirmat conclusionem contra quam
1321 1514 2083 1566 obiicimus. ⁋ Secundo arguitur. Ex hac conclusio
1311 1558 2096 1613 ne sequitur quod intemperatus, postea beatus, decedit
1320 1602 2096 1651 cum multis habitibus malis: quia semper manebun:
1312 1649 2081 1696 habitus animae, per dicta, quod est disconueniens.
1327 1693 2081 1745 ⁋ Tertio. homo per actum producit habitum, ergo per
1324 1737 2087 1785 actum habitum corrumpit. tenet consequentia: quia
1321 1780 2078 1825 facilius est destruere qui construere. ⁋ Respondetur
1315 1824 2089 1872 ad secundum, quod intemperati mali habitus corrumpum
1317 1869 2083 1921 tur a deo quando est beatus primo. ⁋ Ad tertium
1321 1915 2087 1966 conceditur quod interdum habitus corrumpitur: sed non
1312 1957 2090 2007 oportet vtrobique quod causa potens aliquid produce
1318 2004 2077 2060 re possit illud corrupere. nam sollumen producit, quod
1315 2056 2087 2105 corrumpere nequit. Facilius autem est destruere quam co-
1315 2090 2081 2144 struere in aedificiis / pecunia / vel in actibus bonis:
1312 2139 2081 2190 non autem in habitibus. vel vniuersaliter intelligitur
1314 2180 2087 2232 illd quando plures causae destructiuae sunt applica
1317 2222 2085 2274 biles. ⁋ Quarto arguitur. Habitus illi non inclina
1317 2267 2081 2318 bunt actualiter in actus similes ipsis habitibus: er-
1314 2313 2074 2371 go in patria non manebunt, vel inutiliter manebunt.
1312 2352 2077 2415 Antecedens patet de habitu sobrietatis & tempe
1315 2403 2078 2458 rantiae & similibus. ⁋ Respondetur. argumentum pro
1311 2445 2066 2502 baret quod multa membra corporis non resurgenti
1311 2491 2075 2542 quod est falsum. nam membra ad integritatem compositi
1315 2533 2084 2589 resurgent: nec erunt inutilia. sic habitus ad deco-
1314 2577 2086 2624 rem habentis manebunt. Secundo dico quod temperan-
1315 2625 2078 2670 tia inclinat circa suam materiam secundum dictamen re-
1314 2665 2075 2720 ctae rationis: hoc est, ad non exeundum in actum quando
1315 2712 2090 2783 non oportet. modo recta ratio in patria dictat quod
