2296 3315
436 312 1186 385 ne misericordiae tam in puniendo quam praemiando.
434 363 1197 424 ⁋ Ad hanc quaestionem pono aliquas conclusiones.
442 407 1186 478 quarum Prima est. Deus seruat iustitiam cum miseri
429 457 1196 512 cordia temperatam. ⁋ Secunda conclusio. Deus aequa
448 509 1183 555 liter peccantes / aequaliter punit. ⁋ Tertia conclusio
442 540 1191 601 Aequaliter merentes deus aequaliter praemiat. ⁋ Pr
442 589 1196 642 ma conclusio probatur per id quod. ii. ad Timoth. iiii
440 631 1193 689 scribitur. Deus est iustus iudex. & Psal. xlvii. lusti-
441 675 1205 733 tia plena est dextera tua. & Psal. xxiiii. Vniuersae
446 721 1204 777 viae domini misericordia & veritas. vbi glos-
446 763 1198 823 Haec duo in omn opere dei simul sunt. Et Iacobi. ii.
438 809 1205 865 Misericordia supexaltat iudicium. In super misereri
444 856 1208 912 est proprium dei quarto modo, capiendo vere & inde
442 906 1199 970 ficienter misereri, iuxta id quod canit ecclesia. Deus
441 948 1208 1004 cui proprium est misereri semper & parcere. ⁋ Secunda
441 986 1212 1045 conclusio probatur per illud quod scribitur Apocalypsis
441 1029 1206 1093 xviii. Quantum glorificauit se & in deliciis fuit: tam
444 1076 1207 1131 tum date illi tormentum & luctum. Et Deutero. xxv.
440 1119 1205 1185 Pro memsura peccati erit & plagarum modus. Ter-
439 1171 1005 1237 tia conclusio sequitur ex opposito.
440 1216 1214 1299 ⁋ Contra has conclusiones argu-
442 1294 1201 1346 mentor nunc de praemio, nunc de supplicio: quia mu
444 1334 1210 1389 tatis terminis facile ducuntur rationes. Primo ar-
443 1376 1208 1445 gumentor sic. vna culpa excedit aliam indiuisibili-
443 1421 1202 1480 ter: & nulla poena aliam excedit indiuisibiliter: ergo
450 1469 1213 1527 secundum legem deus non punit ae qualiter peccantes aequali
447 1526 1201 1578 poena gradualiter. Assumptum probatur. sint nunt
448 1559 1211 1612 in hoc instanti inchoatiuo horae futurae Sortes &
454 1600 1214 1659 Plato in peccatis aequalibus, vel in non peccatis:
454 1647 1205 1701 & in hora sequente demereantur vniformiter: sic scic
458 1689 1211 1755 vt Sortes in instanti terminante horam futuram (quod di
455 1732 1211 1791 catur a, habeat demeritum vt quatuor: & tunc in a-
455 1780 1207 1838 instanti primo Plato non sit. vel de meritis loqua
448 1822 1217 1884 mut & redit in idem. Isti aequaliter punientur, quod probatur:
454 1877 1217 1934 quia vtriusque totalem poenam deus videt: & nullo ex
453 1918 1217 1972 cessu diuisibili poena Sortis poenam Platonis exu
449 1957 1225 2022 perat: & nulla est poena indiuisibilis: nec minori
452 2004 1214 2068 poena punietur Sortes quam Plato vt constat: ergo
448 2048 1217 2104 aequali poena punientur. Quia inaequaliter peccent, osten
453 2092 1226 2139 ditur sic. Sortes erit in maiore peccato in a. instanti
453 2133 1214 2196 quam Plato erit post a. instans, vel in a. instanti, vel ante ad
453 2177 1222 2235 instans. ergo Sortes erit in maiore peccato quam Pla-
459 2223 1225 2278 to. consequentia est lucida. Assumptum probatur: quia
459 2269 1219 2322 nec Plato erit in a. instanti: nec post a. instas ad de
459 2317 1219 2367 merendum: quia in resurrectione no demerebitur impu
463 2356 1213 2409 tabiliter: nec erit in maiore demerito ante a. instans
466 2409 1219 2463 quam Sortes erit in a. instanti: quia semper ante a. instans
465 2447 1224 2499 ex hypothesi erant in peccatis aequalibus. Fodem
468 2493 1226 2547 modo potest duci argumentum de meritis. & est argu
453 2544 1213 2591 mentum comune in materia intensionis albedinis
459 2589 1226 2639 ⁋ Aliqui concedunt quod indiuisibiliter peccatum Sor-
468 2623 1226 2682 tis est maius peccato Platonis: & eodem modo eius
453 2677 1213 2727 poena indiuisibiliter maior alia. Sed cum non pona
462 2717 1232 2778 mus latitudinem conflari ex indiuisibilibus: dicamus
1277 310 2042 363 bifariam ad argumentum: proportionabiliter ad argu
1273 370 2036 415 mentum tactum in. xvi. distinctione huius. In primis
1275 402 2030 453 dico quod aequaliter peccant: & aequaliter punientur. &
1281 449 2027 499 Plato habebit tot peccata quot Sortes habebis
1267 498 2036 541 in a. instanti: quia Plato in tempore terminato ad a. in
1276 539 2036 587 stans habebit tantum peccatu quantum Sortes habebit
1273 581 2035 630 in a. sed in nullo instanti vitae suae habebit tantum pec
1279 623 2033 674 catum Plato quantum Sortes habebit in a. & eodem mo
1275 673 2038 722 do si albedo esset successiue producta. Alio modo
1273 712 2036 765 dicitur quod Sortes habebit maiorem culpam quam Plato.
1270 765 2036 811 sed cu anima Platonis maneat in a. instati habe-
1278 802 2047 860 bit tantum demeritum quantum Sortes in a. & sic aequali
1279 846 2045 897 ter punientur. Sicut si Sortes & Plato continue albe
1284 891 2042 940 fiant vniformiter per horam: ponendo de albedine
1281 934 2036 990 sicut de culpa. licet enim Sortes habebit maiorem
1287 983 2047 1036 albedinem in a. instanti quam Plato: non tamen habebit
1293 1032 2039 1075 maiorem albedinem quam materia Platonis. vel albedo
1290 1069 2042 1121 Sortis non erit intensior in a. instanti quam albedo Pla
1286 1116 2045 1162 tonis erit in a. instanti: cum albedo sit in instanti
1276 1157 2042 1207 terminante horam. secus est si tunc primo non esset. nam
1294 1205 2048 1251 in prima medictate horae futurae: & in quolibet in
1290 1247 2045 1295 stanti intrinseco horae futurae Sortes & Plato ha-
1284 1289 2051 1343 bebunt aequales albedines: & erunt aequaliter albi.
1291 1333 2041 1386 sed propterea non sequitur quod Sortes excedet Plato
1281 1379 2058 1428 nem in albedine indiuisibiliter: immo diuisibili-
1287 1428 2039 1474 ter per totam albedinem categorematice quam habebit
1291 1472 2047 1519 sed non est separandus excessus adaequatus albedi
1287 1510 2050 1572 nis quam habebit Sortes, super albedinem quam habe-
1293 1557 2038 1606 bit Plato: quia quamlibet albedinem citra albedini
1299 1605 2044 1654 Sortis habebit Plato. ⁋ Contra hoc arguitur. per
1290 1646 2060 1692 transeant Sortes & Plato vnum pedale vniformiter
1293 1690 2048 1743 sic scilicet quod quando Sortes est primo in puncto
1293 1733 2052 1783 terminatiuo suae pedalitatis: tunc primo Plato non
1293 1778 2063 1825 sit. Arguitur sic. totam illam lineam pedalem pertransiuit
1293 1822 2060 1876 Plato: ergo tantam albedinem habuit Plato quantam
1306 1867 2051 1921 Sortes. & sic de peccato vel merito, consequentia
1302 1908 2060 1963 tenet convenienti similitudine. Antecedens probatur:
1292 1956 2063 2010 quia quamlibet partem proportionalem huius lineae per-:
1300 1998 2063 2051 transiuit Plato: capiendo partes minores versus
1293 2043 2060 2095 extremum remotius. Si neges propter secundam dimi-
1292 2086 2057 2142 dietatem lineae quae est pars proportionalis secundum aliam
1296 2132 2063 2181 diuisionem: saltem quamlibet partem proportionalem
1299 2177 2050 2227 secundum illam diuisionem pertransiuit Plato: ergo
1293 2228 2063 2277 omnes partes proportionales pertransiuit. sed illae
1293 2269 2051 2323 partes proportionales sunt hoc pedale: ergo homi
1293 2315 2060 2370 pedale pertransiuit. Forte dicis quod male concluditur:
1305 2358 2059 2407 vel non sequitur, quamlibet partem proportionalem
1305 2409 2065 2460 pertransiuit Plato: ergo omnes. sicut non sequitur
1297 2444 2060 2500 quaelibet pars proportionalis solis est aliquid mul
1308 2486 2062 2544 nus sole: ergo istae partes proportionales sunt ali
1302 2539 2074 2585 quid minus sole: omnibus demonstratis. Contra-
1297 2579 2075 2629 saltem ponatur medium lutosum vel aliud, non
1305 2622 2068 2677 refert, diuidendum a b nouacula: in fine horae b
1302 2669 2068 2717 sit, & medium diuidatur: & complete sit diuisumi
1302 2713 2068 2780 ponatur aliud medium omnino simile diuidendum a ca
