<?xml version="1.0" encoding="UTF-8" standalone="yes"?>
<PcGts xmlns="http://schema.primaresearch.org/PAGE/gts/pagecontent/2013-07-15" xmlns:xsi="http://www.w3.org/2001/XMLSchema-instance" xsi:schemaLocation="http://schema.primaresearch.org/PAGE/gts/pagecontent/2013-07-15 http://schema.primaresearch.org/PAGE/gts/pagecontent/2013-07-15/pagecontent.xsd">
    <Metadata>
        <Creator>prov=University of Rostock/Institute of Mathematics/CITlab|PLANET AI GmbH/Gundram Leifert/gundram.leifert@planet-ai.de:name=cod-Bda113-model2(htr_id=24733)::::v=2.6.6
prov=University of Rostock/Institute of Mathematics/CITlab|PLANET AI GmbH/Tobias Gruening/tobias.gruening@planet-ai.de:name=de.uros.citlab.module.baseline2polygon.B2PSeamMultiOriented:v=2.6.6
prov=University of Rostock/Institute of Mathematics/CITlab|PLANET AI GmbH/Tobias Gruening/tobias.gruening@planet-ai.de:name=/net_tf/LA73_249_0mod360.pb:de.uros.citlab.segmentation.CITlab_LA_ML:v=2.6.6
Transkribus</Creator>
        <Created>2020-04-17T22:25:18.819+02:00</Created>
        <LastChange>2020-06-19T09:01:57.411+02:00</LastChange>
        <TranskribusMetadata docId="371227" pageId="14532972" pageNr="736" tsid="32173491" status="IN_PROGRESS" userId="25065" imgUrl="https://files.transkribus.eu/Get?id=FKHRISGZIJUHJBSLEOCLIAQP&amp;fileType=view" xmlUrl="https://files.transkribus.eu/Get?id=WSADTTEQPXKKFBUSXXAYRGLC" imageId="10489349"/>
    </Metadata>
    <Page imageFilename="0736.jpg" imageWidth="2300" imageHeight="3304">
        <ReadingOrder>
            <OrderedGroup id="ro_1592575849871" caption="Regions reading order">
                <RegionRefIndexed index="0" regionRef="TextRegion_1592265021317_574"/>
                <RegionRefIndexed index="1" regionRef="TextRegion_1592265021317_573"/>
            </OrderedGroup>
        </ReadingOrder>
        <TextRegion orientation="0.0" id="TextRegion_1592265021317_574" custom="readingOrder {index:0;}">
            <Coords points="462,258 1277,258 1277,2778 462,2778"/>
            <TextLine id="r1l3" custom="readingOrder {index:0;}">
                <Coords points="463,383 1144,387 1220,373 1220,325 1098,314 1033,344 969,321 800,344 463,330"/>
                <Baseline points="468,372 505,369 542,368 580,366 617,366 654,366 692,365 729,365 766,365 804,365 841,365 878,365 916,365 953,365 990,365 1028,365 1065,365 1102,365 1140,365 1177,363 1215,363"/>
                <TextEquiv>
                    <Unicode>instans in quo sumus: verum est dicere. b angelus</Unicode>
                </TextEquiv>
            </TextLine>
            <TextLine id="r1l5" custom="readingOrder {index:1;}">
                <Coords points="466,432 1210,423 1216,376 465,383"/>
                <Baseline points="470,416 507,414 544,413 581,413 618,411 655,411 692,410 729,410 766,410 803,410 840,410 877,410 914,411 951,411 988,411 1025,411 1062,411 1099,411 1136,411 1173,410 1211,410"/>
                <TextEquiv>
                    <Unicode>in aliquo instanti priore fuit: ergo conseruatur solum</Unicode>
                </TextEquiv>
            </TextLine>
            <TextLine id="r1l7" custom="readingOrder {index:2;}">
                <Coords points="468,468 1217,475 1206,420 468,432"/>
                <Baseline points="473,461 511,459 550,458 589,458 628,456 667,456 706,456 745,456 784,456 823,456 861,456 900,456 939,456 978,456 1017,456 1056,456 1095,456 1134,455 1173,455 1212,455"/>
                <TextEquiv>
                    <Unicode>cum conseruatio per hoc a productione separetur quod</Unicode>
                </TextEquiv>
            </TextLine>
            <TextLine id="r1l9" custom="readingOrder {index:3;}">
                <Coords points="463,520 1210,513 1222,473 463,474"/>
                <Baseline points="468,506 505,504 542,503 580,503 617,503 655,501 692,501 730,501 767,501 805,501 842,501 879,501 917,500 954,500 992,500 1029,500 1067,500 1104,500 1142,498 1179,498 1217,497"/>
                <TextEquiv>
                    <Unicode>praesupponit rem praefuisse. Insuper si des vnum instans</Unicode>
                </TextEquiv>
            </TextLine>
            <TextLine id="r1l10" custom="readingOrder {index:4;}">
                <Coords points="460,562 1220,560 1220,511 460,520"/>
                <Baseline points="465,549 502,549 540,548 577,548 615,547 652,546 690,546 727,546 765,546 802,545 840,545 877,545 915,545 952,545 990,545 1027,545 1065,545 1102,545 1140,545 1177,543 1215,543"/>
                <TextEquiv>
                    <Unicode>in quo producitur cum prius fuerit b angelus: debes</Unicode>
                </TextEquiv>
            </TextLine>
            <TextLine id="r1l12" custom="readingOrder {index:5;}">
                <Coords points="463,602 1226,593 1209,554 463,559"/>
                <Baseline points="468,591 505,591 543,591 580,591 618,591 656,591 693,591 731,591 769,591 806,590 844,590 882,590 919,590 957,590 995,590 1032,590 1070,590 1108,590 1145,590 1183,588 1221,588"/>
                <TextEquiv>
                    <Unicode>dicere quod ego nunc producor, cum non obstet me prae-</Unicode>
                </TextEquiv>
            </TextLine>
            <TextLine id="r1l14" custom="readingOrder {index:6;}">
                <Coords points="472,646 1032,634 1125,655 1229,642 1229,598 472,601"/>
                <Baseline points="477,636 514,636 551,635 589,635 626,635 663,635 701,635 738,635 775,635 813,634 850,633 887,633 925,633 962,633 999,633 1037,633 1074,633 1111,633 1149,632 1186,632 1224,632"/>
                <TextEquiv>
                    <Unicode>fuisse ad nuc produci. ⁋ Ad primum dico quod b.t in </Unicode>
                </TextEquiv>
            </TextLine>
            <TextLine id="r1l16" custom="readingOrder {index:7;}">
                <Coords points="463,693 1178,696 1214,687 1214,641 463,645"/>
                <Baseline points="468,681 505,681 542,681 579,680 616,680 653,680 690,678 727,678 764,678 801,678 838,678 875,678 912,677 949,677 986,677 1023,677 1060,677 1097,677 1134,677 1171,678 1209,678"/>
                <TextEquiv>
                    <Unicode>stantanee producitur syncategorematice, hoc est in</Unicode>
                </TextEquiv>
            </TextLine>
            <TextLine id="r1l18" custom="readingOrder {index:8;}">
                <Coords points="457,735 1220,737 1229,687 457,696"/>
                <Baseline points="462,726 500,725 538,724 576,723 614,723 652,723 690,722 728,722 766,722 804,722 843,722 881,722 919,723 957,723 995,723 1033,722 1071,722 1109,722 1147,722 1185,722 1224,720"/>
                <TextEquiv>
                    <Unicode>infinitum propinque d. instanti: &amp; in nullo instanti-</Unicode>
                </TextEquiv>
            </TextLine>
            <TextLine id="r1l20" custom="readingOrder {index:9;}">
                <Coords points="462,790 1225,776 1224,736 1164,727 461,746"/>
                <Baseline points="467,770 504,770 542,768 579,768 617,768 655,767 692,767 730,767 768,766 805,765 843,765 881,765 918,765 956,765 994,765 1031,765 1069,765 1107,765 1144,764 1182,764 1220,764"/>
                <TextEquiv>
                    <Unicode>producitur de nouo: &amp; in quolibet instanti in quo</Unicode>
                </TextEquiv>
            </TextLine>
            <TextLine id="r1l22" custom="readingOrder {index:10;}">
                <Coords points="462,821 1157,830 1225,819 1225,776 462,790"/>
                <Baseline points="467,815 504,813 542,813 579,813 617,812 655,812 692,812 730,812 768,812 805,811 843,810 881,810 918,810 956,810 994,810 1031,810 1069,810 1107,810 1144,809 1182,809 1220,809"/>
                <TextEquiv>
                    <Unicode>est conseruatur. sed dato quod in nullo instanti produ- </Unicode>
                </TextEquiv>
            </TextLine>
            <TextLine id="r1l24" custom="readingOrder {index:11;}">
                <Coords points="457,864 1152,874 1217,867 1217,821 457,835"/>
                <Baseline points="462,857 499,857 537,857 574,857 612,857 649,857 687,857 724,857 762,857 799,855 837,855 874,855 912,855 949,855 987,855 1024,855 1062,855 1099,855 1137,855 1174,855 1212,855"/>
                <TextEquiv>
                    <Unicode>catur, vt tu capis: habetur in sententia quod ante quod</Unicode>
                </TextEquiv>
            </TextLine>
            <TextLine id="r1l26" custom="readingOrder {index:12;}">
                <Coords points="469,916 1166,915 1229,906 1229,867 469,868"/>
                <Baseline points="474,903 511,902 549,900 586,900 624,900 661,899 699,899 736,899 774,899 811,899 849,899 886,900 924,900 961,900 999,900 1036,900 1074,900 1111,900 1149,899 1186,899 1224,899"/>
                <TextEquiv>
                    <Unicode>libet instans futurum post productione a. angeli b</Unicode>
                </TextEquiv>
            </TextLine>
            <TextLine id="r1l28" custom="readingOrder {index:13;}">
                <Coords points="459,958 1205,959 1219,909 458,923"/>
                <Baseline points="464,947 501,947 539,947 576,945 614,945 651,945 689,945 726,944 764,944 801,944 839,944 877,944 914,942 952,942 989,942 1027,942 1064,942 1102,942 1139,942 1177,942 1215,944"/>
                <TextEquiv>
                    <Unicode>angelus erit: &amp; sic producitur immediate post hoc. &amp;</Unicode>
                </TextEquiv>
            </TextLine>
            <TextLine id="r1l30" custom="readingOrder {index:14;}">
                <Coords points="462,999 1131,1008 1229,997 1229,955 462,957"/>
                <Baseline points="467,992 504,992 542,990 580,990 618,990 656,989 694,989 731,989 769,989 807,989 845,989 883,987 921,987 959,987 996,987 1034,987 1072,987 1110,987 1148,987 1186,986 1224,986"/>
                <TextEquiv>
                    <Unicode>cum non habeat partes, non potest successiue produci:</Unicode>
                </TextEquiv>
            </TextLine>
            <TextLine id="r1l32" custom="readingOrder {index:15;}">
                <Coords points="463,1043 1212,1044 1235,1040 1235,993 463,999"/>
                <Baseline points="468,1037 506,1035 544,1035 582,1034 620,1034 658,1032 696,1032 734,1032 772,1032 810,1031 849,1031 887,1031 925,1031 963,1032 1001,1032 1039,1032 1077,1032 1115,1031 1153,1031 1191,1031 1230,1031"/>
                <TextEquiv>
                    <Unicode>licet anima intellectiua successiue possit materiam-</Unicode>
                </TextEquiv>
            </TextLine>
            <TextLine id="r1l34" custom="readingOrder {index:16;}">
                <Coords points="460,1088 1220,1088 1219,1043 1194,1040 459,1046"/>
                <Baseline points="464,1080 501,1079 539,1079 576,1077 614,1077 651,1077 689,1077 726,1076 764,1076 801,1076 839,1076 876,1076 914,1076 951,1076 989,1076 1026,1076 1064,1077 1101,1077 1139,1077 1176,1077 1214,1077"/>
                <TextEquiv>
                    <Unicode>informare: &amp; angelus partibiliter pertransire hoc spa</Unicode>
                </TextEquiv>
            </TextLine>
            <TextLine id="r1l36" custom="readingOrder {index:17;}">
                <Coords points="466,1136 1171,1140 1229,1131 1229,1088 466,1096"/>
                <Baseline points="471,1125 508,1124 546,1124 583,1122 621,1122 659,1122 696,1122 734,1121 772,1121 809,1121 847,1121 885,1121 922,1121 960,1122 998,1122 1035,1121 1073,1121 1111,1121 1148,1121 1186,1120 1224,1119"/>
                <TextEquiv>
                    <Unicode>tium, nec mirum: cum tam materia quam spatium habeant partes.</Unicode>
                </TextEquiv>
            </TextLine>
            <TextLine id="r1l38" custom="readingOrder {index:18;}">
                <Coords points="470,1178 1230,1172 1229,1137 1103,1127 469,1134"/>
                <Baseline points="474,1170 511,1169 549,1167 586,1167 624,1166 661,1166 699,1166 736,1165 774,1164 811,1164 849,1164 886,1164 924,1164 961,1164 999,1164 1036,1164 1074,1164 1111,1163 1149,1163 1186,1163 1224,1163"/>
                <TextEquiv>
                    <Unicode>&amp; sic habemus propositum. Nec est luctandum in ter-</Unicode>
                </TextEquiv>
            </TextLine>
            <TextLine id="r1l40" custom="readingOrder {index:19;}">
                <Coords points="460,1225 1212,1218 1225,1171 460,1185"/>
                <Baseline points="465,1212 502,1211 540,1211 578,1210 616,1209 653,1209 691,1209 729,1209 767,1209 804,1209 842,1209 880,1209 918,1209 955,1209 993,1209 1031,1209 1069,1209 1106,1208 1144,1208 1182,1208 1220,1208"/>
                <TextEquiv>
                    <Unicode>minis. nam quidam doctor putat illud euacuare diffi</Unicode>
                </TextEquiv>
            </TextLine>
            <TextLine id="r1l42" custom="readingOrder {index:20;}">
                <Coords points="474,1264 1202,1271 1232,1260 1232,1219 474,1232"/>
                <Baseline points="479,1256 516,1255 553,1254 591,1254 628,1253 666,1253 703,1253 740,1253 778,1253 815,1253 853,1253 890,1253 927,1254 965,1254 1002,1254 1040,1254 1077,1254 1114,1254 1152,1253 1189,1253 1227,1253"/>
                <TextEquiv>
                    <Unicode>cultatem: sed non satis considerat. Ex hoc patet solu-</Unicode>
                </TextEquiv>
            </TextLine>
            <TextLine id="r1l44" custom="readingOrder {index:21;}">
                <Coords points="466,1312 1212,1308 1228,1269 466,1272"/>
                <Baseline points="471,1298 508,1298 546,1298 583,1298 621,1298 659,1298 696,1298 734,1298 771,1298 809,1298 847,1298 884,1297 922,1296 959,1296 997,1296 1035,1298 1072,1298 1110,1298 1147,1298 1185,1299 1223,1299"/>
                <TextEquiv>
                    <Unicode>tio ad secundum. ⁋ Secundo argumentor ad idem.</Unicode>
                </TextEquiv>
            </TextLine>
            <TextLine id="r1l46" custom="readingOrder {index:22;}">
                <Coords points="462,1359 1229,1350 1229,1305 462,1309"/>
                <Baseline points="467,1346 504,1344 542,1343 580,1343 618,1341 656,1341 694,1341 731,1341 769,1341 807,1340 845,1341 883,1341 921,1341 959,1341 996,1341 1034,1341 1072,1341 1110,1343 1148,1343 1186,1343 1224,1343"/>
                <TextEquiv>
                    <Unicode>Producat deus b. angelum immediate post a. vel</Unicode>
                </TextEquiv>
            </TextLine>
            <TextLine id="r1l48" custom="readingOrder {index:23;}">
                <Coords points="478,1395 1198,1402 1226,1390 1226,1348 478,1366"/>
                <Baseline points="483,1389 519,1388 556,1388 593,1386 630,1386 667,1386 704,1385 741,1385 778,1385 815,1385 852,1386 888,1386 925,1386 962,1386 999,1386 1036,1386 1073,1387 1110,1388 1147,1388 1184,1388 1221,1388"/>
                <TextEquiv>
                    <Unicode>potest producere e. angelum immediate post b. vel non</Unicode>
                </TextEquiv>
            </TextLine>
            <TextLine id="r1l50" custom="readingOrder {index:24;}">
                <Coords points="472,1443 1031,1436 1096,1455 1238,1439 1238,1399 472,1404"/>
                <Baseline points="477,1434 514,1433 552,1433 590,1431 628,1431 666,1431 703,1431 741,1430 779,1430 817,1430 855,1430 892,1430 930,1431 968,1431 1006,1431 1044,1431 1081,1431 1119,1431 1157,1431 1195,1431 1233,1431"/>
                <TextEquiv>
                    <Unicode>si dicas primum: vel e producitur immediate post a. &amp;</Unicode>
                </TextEquiv>
            </TextLine>
            <TextLine id="r1l52" custom="readingOrder {index:25;}">
                <Coords points="469,1489 1232,1488 1231,1442 1210,1439 468,1442"/>
                <Baseline points="474,1479 511,1478 549,1476 586,1476 624,1476 662,1475 699,1475 737,1475 775,1475 812,1475 850,1475 888,1475 925,1475 963,1476 1001,1476 1038,1476 1076,1476 1114,1476 1151,1475 1189,1475 1227,1475"/>
                <TextEquiv>
                    <Unicode>sic non producitur post b. contra casum. Si non potest:</Unicode>
                </TextEquiv>
            </TextLine>
            <TextLine id="r1l54" custom="readingOrder {index:26;}">
                <Coords points="475,1537 1229,1527 1229,1491 1163,1481 475,1490"/>
                <Baseline points="480,1524 517,1523 554,1523 591,1521 628,1520 666,1520 703,1520 740,1520 777,1520 814,1520 852,1520 889,1520 926,1521 963,1521 1000,1521 1038,1521 1075,1521 1112,1520 1149,1520 1186,1519 1224,1518"/>
                <TextEquiv>
                    <Unicode>Contra. potest producere secundum angelum immediate</Unicode>
                </TextEquiv>
            </TextLine>
            <TextLine id="r1l56" custom="readingOrder {index:27;}">
                <Coords points="462,1588 1239,1571 1230,1527 461,1544"/>
                <Baseline points="467,1571 505,1569 543,1568 581,1566 620,1565 658,1565 696,1564 735,1563 773,1563 811,1563 850,1563 888,1563 926,1563 964,1565 1003,1565 1041,1565 1079,1565 1118,1565 1156,1564 1194,1563 1233,1563"/>
                <TextEquiv>
                    <Unicode>post primum. sed existentia tertii angeli non impedit.</Unicode>
                </TextEquiv>
            </TextLine>
            <TextLine id="r1l58" custom="readingOrder {index:28;}">
                <Coords points="474,1623 1223,1622 1240,1569 474,1583"/>
                <Baseline points="479,1611 516,1611 554,1610 592,1610 630,1610 668,1608 705,1608 743,1608 781,1608 819,1608 857,1608 894,1608 932,1608 970,1608 1008,1608 1046,1608 1083,1608 1121,1608 1159,1608 1197,1607 1235,1607"/>
                <TextEquiv>
                    <Unicode>igitur. Insuper, post b. potest producere e. &amp; non est</Unicode>
                </TextEquiv>
            </TextLine>
            <TextLine id="r1l60" custom="readingOrder {index:29;}">
                <Coords points="481,1667 1177,1667 1231,1662 1231,1620 481,1624"/>
                <Baseline points="486,1656 523,1655 560,1655 597,1653 634,1653 671,1653 708,1653 745,1652 782,1652 819,1652 856,1652 893,1652 930,1652 967,1652 1004,1653 1041,1653 1078,1653 1115,1653 1152,1653 1189,1652 1226,1652"/>
                <TextEquiv>
                    <Unicode>dabile instans post b. quin inter illud instans &amp; b</Unicode>
                </TextEquiv>
            </TextLine>
            <TextLine id="r1l62" custom="readingOrder {index:30;}">
                <Coords points="481,1716 1167,1718 1244,1710 1244,1656 481,1668"/>
                <Baseline points="486,1701 523,1701 561,1700 598,1699 636,1698 674,1698 711,1698 749,1697 787,1697 824,1697 862,1697 900,1697 937,1697 975,1697 1013,1697 1050,1697 1088,1697 1126,1697 1163,1697 1201,1697 1239,1697"/>
                <TextEquiv>
                    <Unicode>possit producere e. igitur. ⁋ Respondetur, non est possi</Unicode>
                </TextEquiv>
            </TextLine>
            <TextLine id="r1l64" custom="readingOrder {index:31;}">
                <Coords points="478,1755 1238,1750 1226,1704 477,1715"/>
                <Baseline points="483,1746 520,1746 558,1745 595,1743 633,1743 670,1743 708,1742 745,1742 783,1742 820,1740 858,1740 895,1740 933,1740 970,1740 1008,1740 1045,1740 1083,1740 1120,1740 1158,1740 1195,1740 1233,1740"/>
                <TextEquiv>
                    <Unicode>bile quod producat e. immediate post b. stante produ</Unicode>
                </TextEquiv>
            </TextLine>
            <TextLine id="r1l66" custom="readingOrder {index:32;}">
                <Coords points="474,1800 1068,1790 1197,1809 1238,1795 1238,1750 474,1758"/>
                <Baseline points="479,1791 516,1790 554,1788 592,1787 629,1787 667,1786 705,1785 742,1785 780,1785 818,1785 856,1785 893,1785 931,1785 969,1785 1006,1785 1044,1785 1082,1785 1119,1784 1157,1784 1195,1784 1233,1784"/>
                <TextEquiv>
                    <Unicode>ctione b. immediate post a. vt argumentum tangit</Unicode>
                </TextEquiv>
            </TextLine>
            <TextLine id="r1l68" custom="readingOrder {index:33;}">
                <Coords points="471,1842 1241,1851 1240,1799 1141,1792 470,1801"/>
                <Baseline points="476,1835 514,1833 552,1833 590,1832 628,1832 666,1832 704,1830 742,1830 780,1830 818,1830 856,1830 894,1829 932,1829 970,1829 1008,1829 1046,1829 1084,1829 1122,1830 1160,1830 1198,1830 1236,1830"/>
                <TextEquiv>
                    <Unicode>Non enim potest producere tres angelos qualitercumque</Unicode>
                </TextEquiv>
            </TextLine>
            <TextLine id="r1l70" custom="readingOrder {index:34;}">
                <Coords points="480,1899 1231,1881 1230,1851 1172,1836 479,1853"/>
                <Baseline points="485,1880 522,1878 559,1877 596,1877 633,1875 670,1875 707,1875 744,1874 781,1874 818,1874 855,1874 892,1874 929,1874 966,1874 1003,1874 1040,1874 1077,1874 1114,1874 1151,1874 1188,1874 1226,1874"/>
                <TextEquiv>
                    <Unicode>post se inuicem vt opinor. Productio aut tertii an</Unicode>
                </TextEquiv>
            </TextLine>
            <TextLine id="r1l72" custom="readingOrder {index:35;}">
                <Coords points="474,1945 1234,1932 1233,1884 1187,1878 474,1899"/>
                <Baseline points="479,1925 516,1924 554,1923 591,1922 629,1920 666,1920 704,1919 741,1919 779,1919 816,1919 854,1919 891,1919 929,1919 966,1919 1004,1919 1041,1919 1079,1919 1116,1919 1154,1919 1191,1919 1229,1919"/>
                <TextEquiv>
                    <Unicode>geli non est causa: vt patet ex probatione secundae con</Unicode>
                </TextEquiv>
            </TextLine>
            <TextLine id="r1l74" custom="readingOrder {index:36;}">
                <Coords points="471,1976 1220,1979 1237,1927 471,1944"/>
                <Baseline points="476,1967 513,1967 551,1965 589,1965 627,1965 665,1965 702,1964 740,1964 778,1964 816,1964 854,1964 891,1964 929,1963 967,1962 1005,1962 1043,1962 1080,1964 1118,1964 1156,1964 1194,1964 1232,1964"/>
                <TextEquiv>
                    <Unicode>clusionis: sed quia nulla esset prioritas secundi ad</Unicode>
                </TextEquiv>
            </TextLine>
            <TextLine id="r1l76" custom="readingOrder {index:37;}">
                <Coords points="483,2026 1237,2022 1237,1981 483,1984"/>
                <Baseline points="488,2012 525,2010 562,2010 599,2009 636,2009 674,2009 711,2009 748,2009 785,2009 822,2009 860,2009 897,2009 934,2009 971,2009 1008,2009 1046,2009 1083,2009 1120,2008 1157,2007 1194,2007 1232,2006"/>
                <TextEquiv>
                    <Unicode>tertium immediate post b. Potest tamen producere e. an-</Unicode>
                </TextEquiv>
            </TextLine>
            <TextLine id="r1l78" custom="readingOrder {index:38;}">
                <Coords points="480,2072 1236,2071 1243,2025 480,2026"/>
                <Baseline points="485,2055 522,2055 560,2054 597,2052 635,2052 673,2052 710,2051 748,2051 786,2051 823,2051 861,2051 899,2051 936,2052 974,2052 1012,2052 1049,2052 1087,2052 1125,2052 1162,2052 1200,2051 1238,2051"/>
                <TextEquiv>
                    <Unicode>gelum. sed non est possibile quod a producatur in hoc in </Unicode>
                </TextEquiv>
            </TextLine>
            <TextLine id="r1l80" custom="readingOrder {index:39;}">
                <Coords points="481,2115 1241,2108 1240,2074 1189,2059 480,2071"/>
                <Baseline points="485,2099 522,2099 560,2097 597,2097 635,2097 672,2096 710,2096 747,2096 785,2096 822,2096 860,2096 897,2096 935,2096 972,2097 1010,2097 1047,2097 1085,2097 1122,2097 1160,2097 1197,2096 1235,2096"/>
                <TextEquiv>
                    <Unicode>stanti vel illo: &amp; b. immediate post a. &amp; e. immediate</Unicode>
                </TextEquiv>
            </TextLine>
            <TextLine id="r1l82" custom="readingOrder {index:40;}">
                <Coords points="495,2150 1243,2154 1243,2115 1200,2103 495,2115"/>
                <Baseline points="500,2142 536,2142 573,2141 610,2141 647,2141 684,2141 721,2141 758,2141 795,2139 832,2139 869,2139 905,2139 942,2139 979,2140 1016,2141 1053,2141 1090,2141 1127,2141 1164,2141 1201,2142 1238,2142"/>
                <TextEquiv>
                    <Unicode>post b. vt possibile modificet illam totam. Sed contra</Unicode>
                </TextEquiv>
            </TextLine>
            <TextLine id="r1l84" custom="readingOrder {index:41;}">
                <Coords points="486,2198 1238,2195 1238,2154 1160,2147 486,2149"/>
                <Baseline points="491,2189 528,2187 565,2187 602,2186 639,2185 676,2184 713,2184 750,2184 787,2183 824,2183 862,2183 899,2183 936,2184 973,2184 1010,2184 1047,2184 1084,2184 1121,2186 1158,2186 1195,2186 1233,2187"/>
                <TextEquiv>
                    <Unicode>hoc dicis. ponatur quod hora futura diuidatur in partes</Unicode>
                </TextEquiv>
            </TextLine>
            <TextLine id="r1l86" custom="readingOrder {index:42;}">
                <Coords points="492,2251 1194,2246 1234,2239 1234,2195 492,2210"/>
                <Baseline points="497,2234 533,2232 570,2232 606,2231 643,2229 680,2229 716,2229 753,2229 789,2229 826,2229 863,2229 899,2229 936,2229 972,2229 1009,2231 1046,2231 1082,2231 1119,2231 1155,2231 1192,2232 1229,2232"/>
                <TextEquiv>
                    <Unicode>proportionales / minoribus terminatis ad d. istans</Unicode>
                </TextEquiv>
            </TextLine>
            <TextLine id="r1l88" custom="readingOrder {index:43;}">
                <Coords points="481,2290 1029,2279 1183,2300 1249,2288 1249,2236 481,2252"/>
                <Baseline points="486,2280 523,2277 561,2276 599,2276 637,2274 675,2274 713,2274 751,2274 789,2274 827,2274 865,2274 902,2276 940,2276 978,2276 1016,2277 1054,2277 1092,2277 1130,2276 1168,2276 1206,2274 1244,2273"/>
                <TextEquiv>
                    <Unicode>in quo simus: &amp; in prima parte proportionali produ- </Unicode>
                </TextEquiv>
            </TextLine>
            <TextLine id="r1l90" custom="readingOrder {index:44;}">
                <Coords points="481,2335 1226,2334 1237,2289 481,2290"/>
                <Baseline points="486,2322 523,2321 560,2320 597,2319 635,2319 672,2319 709,2318 747,2318 784,2318 821,2318 859,2318 896,2318 933,2319 970,2319 1008,2319 1045,2319 1082,2319 1120,2319 1157,2321 1194,2321 1232,2321"/>
                <TextEquiv>
                    <Unicode>cat deus vnum angelum: in secunda alium: in tertia ter</Unicode>
                </TextEquiv>
            </TextLine>
            <TextLine id="r1l92" custom="readingOrder {index:45;}">
                <Coords points="483,2376 1246,2381 1246,2334 1201,2326 483,2335"/>
                <Baseline points="488,2366 525,2366 563,2364 600,2364 638,2364 676,2364 713,2364 751,2364 789,2363 826,2363 864,2363 902,2363 939,2363 977,2364 1015,2364 1052,2364 1090,2364 1128,2364 1165,2364 1203,2363 1241,2363"/>
                <TextEquiv>
                    <Unicode>tium: &amp; sic per omnes partes proportionales horae futurae:</Unicode>
                </TextEquiv>
            </TextLine>
            <TextLine id="r1l94" custom="readingOrder {index:46;}">
                <Coords points="490,2423 1246,2420 1246,2382 1188,2370 490,2380"/>
                <Baseline points="495,2412 532,2411 569,2411 606,2409 644,2409 681,2409 718,2408 756,2408 793,2408 830,2408 868,2408 905,2408 942,2408 979,2408 1017,2408 1054,2409 1091,2409 1129,2409 1166,2409 1203,2408 1241,2408"/>
                <TextEquiv>
                    <Unicode>iam deus post a. qui producitur in hoc instanti d. pro-</Unicode>
                </TextEquiv>
            </TextLine>
            <TextLine id="r1l96" custom="readingOrder {index:47;}">
                <Coords points="486,2467 1243,2465 1243,2425 1127,2415 486,2422"/>
                <Baseline points="491,2454 528,2454 565,2454 603,2454 640,2454 677,2454 715,2453 752,2453 789,2453 827,2453 864,2453 901,2453 939,2453 976,2453 1013,2453 1051,2453 1088,2453 1125,2453 1163,2453 1200,2454 1238,2454"/>
                <TextEquiv>
                    <Unicode>ducit duos post se. Et idem potest pont si b. &amp; c. ange</Unicode>
                </TextEquiv>
            </TextLine>
            <TextLine id="r1l98" custom="readingOrder {index:48;}">
                <Coords points="489,2514 1252,2505 1234,2465 488,2466"/>
                <Baseline points="494,2501 531,2501 569,2499 606,2499 644,2498 682,2498 719,2498 757,2498 795,2496 832,2496 870,2496 908,2496 945,2496 983,2496 1021,2496 1058,2496 1096,2496 1134,2496 1171,2498 1209,2498 1247,2498"/>
                <TextEquiv>
                    <Unicode>li sic se habeant quod b. producatur in maxima parte</Unicode>
                </TextEquiv>
            </TextLine>
            <TextLine id="r1l100" custom="readingOrder {index:49;}">
                <Coords points="489,2561 1222,2561 1250,2551 1250,2506 489,2514"/>
                <Baseline points="494,2546 531,2544 569,2543 606,2543 644,2541 681,2541 719,2541 756,2540 794,2540 831,2540 869,2540 907,2540 944,2540 982,2541 1019,2541 1057,2541 1094,2541 1132,2541 1169,2541 1207,2543 1245,2543"/>
                <TextEquiv>
                    <Unicode>proportionali: in subdupla ad illam annihiletur, &amp;</Unicode>
                </TextEquiv>
            </TextLine>
            <TextLine id="r1l102" custom="readingOrder {index:50;}">
                <Coords points="489,2610 573,2592 1238,2604 1244,2555 489,2562"/>
                <Baseline points="494,2588 531,2588 568,2586 605,2586 643,2586 680,2586 717,2586 754,2585 792,2585 829,2585 866,2585 903,2585 941,2586 978,2586 1015,2586 1052,2586 1090,2586 1127,2586 1164,2586 1201,2586 1239,2586"/>
                <TextEquiv>
                    <Unicode>producatur e. in tertia parte annihiletur b. &amp; recreel</Unicode>
                </TextEquiv>
            </TextLine>
            <TextLine id="r1l104" custom="readingOrder {index:51;}">
                <Coords points="492,2641 994,2632 1167,2653 1249,2637 1249,2607 574,2592 492,2612"/>
                <Baseline points="497,2628 534,2630 571,2630 609,2630 646,2630 683,2630 721,2631 758,2631 795,2631 833,2631 870,2631 907,2631 945,2631 982,2631 1019,2631 1057,2631 1094,2631 1131,2631 1169,2631 1206,2631 1244,2631"/>
                <TextEquiv>
                    <Unicode>e. &amp; sic per omnes partes proportionales vnius horae: iam</Unicode>
                </TextEquiv>
            </TextLine>
            <TextLine id="r1l106" custom="readingOrder {index:52;}">
                <Coords points="489,2689 1195,2693 1244,2685 1244,2639 489,2643"/>
                <Baseline points="494,2673 531,2675 568,2675 605,2675 643,2675 680,2675 717,2675 754,2675 792,2675 829,2675 866,2675 903,2675 941,2675 978,2675 1015,2676 1052,2676 1090,2676 1127,2676 1164,2676 1201,2675 1239,2675"/>
                <TextEquiv>
                    <Unicode>immediate post a producitur b. &amp; immediate posi</Unicode>
                </TextEquiv>
            </TextLine>
            <TextLine id="r1l108" custom="readingOrder {index:53;}">
                <Coords points="492,2727 1249,2727 1240,2683 492,2685"/>
                <Baseline points="497,2718 534,2718 571,2718 609,2718 646,2718 683,2718 721,2718 758,2720 795,2720 833,2720 870,2720 907,2720 945,2720 982,2721 1019,2721 1057,2721 1094,2721 1131,2721 1169,2721 1206,2720 1244,2720"/>
                <TextEquiv>
                    <Unicode>b. producitur e, quod patet per exponentes de (ime-</Unicode>
                </TextEquiv>
            </TextLine>
            <TextLine id="r1l110" custom="readingOrder {index:54;}">
                <Coords points="495,2795 1256,2794 1257,2730 496,2730"/>
                <Baseline points="500,2762 537,2762 575,2762 612,2763 650,2763 687,2763 725,2763 762,2763 800,2765 837,2765 875,2765 913,2765 950,2765 988,2766 1025,2766 1063,2766 1100,2766 1138,2766 1175,2768 1213,2768 1251,2768"/>
                <TextEquiv>
                    <Unicode>diate). Respondetur concedendo illas propositiones</Unicode>
                </TextEquiv>
            </TextLine>
            <TextEquiv>
                <Unicode>instans in quo sumus: verum est dicere. b angelus
in aliquo instanti priore fuit: ergo conseruatur solum
cum conseruatio per hoc a productione separetur quod
praesupponit rem praefuisse. Insuper si des vnum instans
in quo producitur cum prius fuerit b angelus: debes
dicere quod ego nunc producor, cum non obstet me prae-
fuisse ad nuc produci. ⁋ Ad primum dico quod b.t in 
stantanee producitur syncategorematice, hoc est in
infinitum propinque d. instanti: &amp; in nullo instanti-
producitur de nouo: &amp; in quolibet instanti in quo
est conseruatur. sed dato quod in nullo instanti produ- 
catur, vt tu capis: habetur in sententia quod ante quod
libet instans futurum post productione a. angeli b
angelus erit: &amp; sic producitur immediate post hoc. &amp;
cum non habeat partes, non potest successiue produci:
licet anima intellectiua successiue possit materiam-
informare: &amp; angelus partibiliter pertransire hoc spa
tium, nec mirum: cum tam materia quam spatium habeant partes.
&amp; sic habemus propositum. Nec est luctandum in ter-
minis. nam quidam doctor putat illud euacuare diffi
cultatem: sed non satis considerat. Ex hoc patet solu-
tio ad secundum. ⁋ Secundo argumentor ad idem.
Producat deus b. angelum immediate post a. vel
potest producere e. angelum immediate post b. vel non
si dicas primum: vel e producitur immediate post a. &amp;
sic non producitur post b. contra casum. Si non potest:
Contra. potest producere secundum angelum immediate
post primum. sed existentia tertii angeli non impedit.
igitur. Insuper, post b. potest producere e. &amp; non est
dabile instans post b. quin inter illud instans &amp; b
possit producere e. igitur. ⁋ Respondetur, non est possi
bile quod producat e. immediate post b. stante produ
ctione b. immediate post a. vt argumentum tangit
Non enim potest producere tres angelos qualitercumque
post se inuicem vt opinor. Productio aut tertii an
geli non est causa: vt patet ex probatione secundae con
clusionis: sed quia nulla esset prioritas secundi ad
tertium immediate post b. Potest tamen producere e. an-
gelum. sed non est possibile quod a producatur in hoc in 
stanti vel illo: &amp; b. immediate post a. &amp; e. immediate
post b. vt possibile modificet illam totam. Sed contra
hoc dicis. ponatur quod hora futura diuidatur in partes
proportionales / minoribus terminatis ad d. istans
in quo simus: &amp; in prima parte proportionali produ- 
cat deus vnum angelum: in secunda alium: in tertia ter
tium: &amp; sic per omnes partes proportionales horae futurae:
iam deus post a. qui producitur in hoc instanti d. pro-
ducit duos post se. Et idem potest pont si b. &amp; c. ange
li sic se habeant quod b. producatur in maxima parte
proportionali: in subdupla ad illam annihiletur, &amp;
producatur e. in tertia parte annihiletur b. &amp; recreel
e. &amp; sic per omnes partes proportionales vnius horae: iam
immediate post a producitur b. &amp; immediate posi
b. producitur e, quod patet per exponentes de (ime-
diate). Respondetur concedendo illas propositiones</Unicode>
            </TextEquiv>
        </TextRegion>
        <TextRegion orientation="0.0" id="TextRegion_1592265021317_573" custom="readingOrder {index:1;}">
            <Coords points="1277,258 2096,258 2096,2778 1277,2778"/>
            <TextLine id="r1l2" custom="readingOrder {index:0;}">
                <Coords points="1303,385 2065,376 2065,337 2013,316 1966,337 1603,312 1303,334"/>
                <Baseline points="1308,366 1345,365 1383,365 1420,365 1458,365 1496,365 1533,363 1571,363 1608,363 1646,363 1684,363 1721,363 1759,363 1796,363 1834,363 1872,363 1909,363 1947,363 1984,363 2022,363 2060,363"/>
                <TextEquiv>
                    <Unicode>quinimo immediate post a. producit deus tres :-</Unicode>
                </TextEquiv>
            </TextLine>
            <TextLine id="r1l4" custom="readingOrder {index:1;}">
                <Coords points="1312,431 2062,420 2061,379 1970,370 1312,385"/>
                <Baseline points="1317,413 1354,411 1391,410 1428,410 1465,408 1502,408 1539,408 1576,407 1613,407 1650,407 1687,407 1724,407 1761,407 1798,407 1835,408 1872,408 1909,408 1946,408 1983,408 2020,407 2057,407"/>
                <TextEquiv>
                    <Unicode>quatuor / &amp; infinitos. Argumentum autem est sophisma</Unicode>
                </TextEquiv>
            </TextLine>
            <TextLine id="r1l6" custom="readingOrder {index:2;}">
                <Coords points="1312,475 1587,459 1779,483 1814,459 2012,455 2072,480 2071,428 2004,417 1311,431"/>
                <Baseline points="1316,456 1353,456 1391,455 1428,454 1466,453 1503,453 1541,453 1578,452 1616,452 1653,452 1691,452 1728,452 1766,452 1803,452 1841,452 1878,452 1916,452 1953,453 1991,453 2028,453 2066,453"/>
                <TextEquiv>
                    <Unicode>quia be non magis praecedit e, quam contra. cuius op</Unicode>
                </TextEquiv>
            </TextLine>
            <TextLine id="r1l8" custom="readingOrder {index:3;}">
                <Coords points="1308,519 1376,506 1511,515 1618,503 1643,512 1643,469 1575,473 1540,463 1530,472 1514,461 1490,472 1447,464 1393,475 1356,462 1344,474 1308,476"/>
                <Baseline points="1313,500 1338,500 1363,500 1388,500 1413,500 1438,499 1463,498 1488,498 1513,498 1538,497 1563,497 1588,497 1613,497 1638,498"/>
                <TextEquiv>
                    <Unicode>positum intendimus.</Unicode>
                </TextEquiv>
            </TextLine>
            <TextLine id="r1l11" custom="readingOrder {index:4;}">
                <Coords points="1305,583 1748,562 1994,592 2062,574 2062,513 1305,520"/>
                <Baseline points="1310,572 1347,568 1384,566 1422,563 1459,562 1496,561 1534,560 1571,560 1608,560 1646,560 1683,560 1720,560 1758,561 1795,561 1832,561 1870,561 1907,561 1944,560 1982,560 2019,558 2057,557"/>
                <TextEquiv>
                    <Unicode>⁋ Contra secundam conclusionem argu- </Unicode>
                </TextEquiv>
            </TextLine>
            <TextLine id="r1l13" custom="readingOrder {index:5;}">
                <Coords points="1303,631 2038,624 2069,621 2069,580 1303,587"/>
                <Baseline points="1308,614 1345,612 1383,612 1421,611 1459,611 1497,611 1534,611 1572,611 1610,611 1648,611 1686,611 1723,611 1761,611 1799,611 1837,611 1875,611 1912,611 1950,611 1988,611 2026,610 2064,609"/>
                <TextEquiv>
                    <Unicode>mentor. Producat deus c. angelum immediate ante</Unicode>
                </TextEquiv>
            </TextLine>
            <TextLine id="r1l15" custom="readingOrder {index:6;}">
                <Coords points="1296,665 2047,676 2056,618 1296,630"/>
                <Baseline points="1301,657 1338,657 1376,657 1413,656 1451,656 1488,656 1526,656 1563,656 1601,656 1638,656 1676,656 1713,656 1751,656 1788,656 1826,656 1863,656 1901,656 1938,656 1976,656 2013,656 2051,656"/>
                <TextEquiv>
                    <Unicode>a. probo quod hoc implicet. iam in d instanti verum est</Unicode>
                </TextEquiv>
            </TextLine>
            <TextLine id="r1l17" custom="readingOrder {index:7;}">
                <Coords points="1306,717 2059,710 2059,671 1978,663 1306,667"/>
                <Baseline points="1311,702 1348,701 1385,701 1422,701 1459,701 1496,701 1533,701 1571,701 1608,701 1645,701 1682,701 1719,701 1756,701 1793,701 1831,701 1868,701 1905,701 1942,699 1979,699 2016,698 2054,698"/>
                <TextEquiv>
                    <Unicode>dicere. c. angelus incipit esse, quia non fuit ab aeter-</Unicode>
                </TextEquiv>
            </TextLine>
            <TextLine id="r1l19" custom="readingOrder {index:8;}">
                <Coords points="1297,754 1990,760 2066,751 2066,711 1297,723"/>
                <Baseline points="1302,746 1341,744 1381,744 1421,744 1461,744 1501,744 1541,744 1581,744 1621,744 1661,744 1701,744 1741,744 1781,744 1821,744 1861,744 1901,744 1941,744 1981,744 2021,744 2061,744"/>
                <TextEquiv>
                    <Unicode>no. sed hoc non: quia nec per primum instans sui esse</Unicode>
                </TextEquiv>
            </TextLine>
            <TextLine id="r1l21" custom="readingOrder {index:9;}">
                <Coords points="1296,796 2047,806 2072,801 2072,752 1296,769"/>
                <Baseline points="1301,791 1339,791 1377,789 1415,789 1454,789 1492,789 1530,789 1569,789 1607,788 1645,788 1684,788 1722,789 1760,789 1798,789 1837,789 1875,789 1913,789 1952,789 1990,789 2028,789 2067,789"/>
                <TextEquiv>
                    <Unicode>cum fuerit ante de. instans: nec per vltimum instans non</Unicode>
                </TextEquiv>
            </TextLine>
            <TextLine id="r1l23" custom="readingOrder {index:10;}">
                <Coords points="1297,840 2062,846 2062,803 2028,799 1297,798"/>
                <Baseline points="1302,834 1339,834 1377,833 1415,833 1453,833 1490,833 1528,833 1566,833 1604,833 1641,833 1679,833 1717,833 1755,833 1792,833 1830,833 1868,833 1906,833 1943,833 1981,833 2019,833 2057,833"/>
                <TextEquiv>
                    <Unicode>esse: quia illud dari non potest. vt patet intelligenti,</Unicode>
                </TextEquiv>
            </TextLine>
            <TextLine id="r1l25" custom="readingOrder {index:11;}">
                <Coords points="1297,889 2066,889 2066,850 1979,840 1696,837 1571,862 1533,840 1297,844"/>
                <Baseline points="1302,879 1341,878 1381,878 1421,878 1461,878 1501,878 1541,878 1581,876 1621,876 1661,876 1701,876 1741,876 1781,876 1821,876 1861,876 1901,877 1941,878 1981,878 2021,878 2061,879"/>
                <TextEquiv>
                    <Unicode>Immo sequitur quod c. angelus fuit in aliquo tempore</Unicode>
                </TextEquiv>
            </TextLine>
            <TextLine id="r1l27" custom="readingOrder {index:12;}">
                <Coords points="1303,937 2075,938 2075,889 1303,892"/>
                <Baseline points="1308,924 1346,923 1384,923 1422,921 1460,921 1498,921 1536,921 1574,921 1612,921 1650,921 1689,921 1727,921 1765,921 1803,921 1841,921 1879,921 1917,921 1955,921 1993,921 2031,921 2070,921"/>
                <TextEquiv>
                    <Unicode>&amp; in nullo instati illius temporis, quod videtur mirabile</Unicode>
                </TextEquiv>
            </TextLine>
            <TextLine id="r1l29" custom="readingOrder {index:13;}">
                <Coords points="1302,976 2066,974 2066,937 1966,928 1302,937"/>
                <Baseline points="1307,968 1344,966 1382,966 1420,966 1457,966 1495,966 1533,966 1570,966 1608,966 1646,966 1684,966 1721,966 1759,966 1797,966 1834,966 1872,966 1910,966 1947,966 1985,966 2023,966 2061,966"/>
                <TextEquiv>
                    <Unicode>&amp; mirabilius videtur quod aliquid fuit, &amp; num quam erit in </Unicode>
                </TextEquiv>
            </TextLine>
            <TextLine id="r1l31" custom="readingOrder {index:14;}">
                <Coords points="1299,1024 2072,1019 2059,973 1298,983"/>
                <Baseline points="1304,1013 1342,1013 1380,1011 1418,1011 1456,1010 1494,1010 1532,1010 1571,1010 1609,1010 1647,1010 1685,1010 1723,1010 1761,1010 1799,1010 1838,1011 1876,1011 1914,1011 1952,1011 1990,1011 2028,1011 2067,1011"/>
                <TextEquiv>
                    <Unicode>aliquo instanti: nec fuit nec erit, quod patet si c. dest</Unicode>
                </TextEquiv>
            </TextLine>
            <TextLine id="r1l33" custom="readingOrder {index:15;}">
                <Coords points="1308,1066 2078,1061 2056,1017 1308,1024"/>
                <Baseline points="1313,1059 1351,1058 1389,1057 1427,1056 1465,1056 1503,1056 1541,1055 1579,1055 1617,1055 1655,1055 1693,1055 1731,1055 1769,1055 1807,1055 1845,1055 1883,1055 1921,1055 1959,1055 1997,1055 2035,1055 2073,1055"/>
                <TextEquiv>
                    <Unicode>nat per primum instans sui non esse in hoc de. instanti. &amp;</Unicode>
                </TextEquiv>
            </TextLine>
            <TextLine id="r1l35" custom="readingOrder {index:16;}">
                <Coords points="1311,1115 2023,1119 2072,1111 2072,1066 1311,1075"/>
                <Baseline points="1316,1101 1353,1101 1391,1100 1428,1100 1466,1100 1503,1100 1541,1100 1578,1098 1616,1098 1653,1098 1691,1098 1729,1098 1766,1098 1804,1098 1841,1098 1879,1098 1916,1098 1954,1098 1991,1098 2029,1100 2067,1100"/>
                <TextEquiv>
                    <Unicode>eodem modo b angelus potest esse / &amp; in nullo instanti</Unicode>
                </TextEquiv>
            </TextLine>
            <TextLine id="r1l37" custom="readingOrder {index:17;}">
                <Coords points="1309,1156 2078,1156 2078,1116 1921,1107 1309,1115"/>
                <Baseline points="1314,1146 1353,1146 1393,1145 1433,1145 1473,1145 1513,1143 1553,1143 1593,1143 1633,1143 1673,1143 1713,1143 1753,1143 1793,1143 1833,1143 1873,1143 1913,1143 1953,1143 1993,1143 2033,1143 2073,1143"/>
                <TextEquiv>
                    <Unicode>esse: &amp; tunc petitur quo modo praecessit co. &amp; ita ange</Unicode>
                </TextEquiv>
            </TextLine>
            <TextLine id="r1l39" custom="readingOrder {index:18;}">
                <Coords points="1299,1199 2078,1196 2068,1153 1351,1167 1299,1149"/>
                <Baseline points="1304,1188 1342,1188 1380,1187 1419,1187 1457,1187 1496,1187 1534,1187 1573,1187 1611,1187 1650,1187 1688,1187 1726,1187 1765,1187 1803,1187 1842,1187 1880,1187 1919,1188 1957,1188 1996,1188 2034,1188 2073,1188"/>
                <TextEquiv>
                    <Unicode>lus desinit: &amp; nec per vltimum instans esse, nec primum</Unicode>
                </TextEquiv>
            </TextLine>
            <TextLine id="r1l41" custom="readingOrder {index:19;}">
                <Coords points="1308,1247 2068,1244 2067,1198 2045,1195 1307,1199"/>
                <Baseline points="1313,1235 1350,1235 1388,1233 1425,1233 1463,1233 1500,1233 1538,1233 1575,1232 1613,1232 1650,1232 1688,1232 1725,1232 1763,1232 1800,1232 1838,1232 1875,1232 1913,1232 1950,1232 1988,1232 2025,1232 2063,1232"/>
                <TextEquiv>
                    <Unicode>non esse. vt liquet de c. &amp; b. ⁋ Respondetur conceden</Unicode>
                </TextEquiv>
            </TextLine>
            <TextLine id="r1l43" custom="readingOrder {index:20;}">
                <Coords points="1315,1291 2072,1285 2072,1250 2003,1239 1315,1244"/>
                <Baseline points="1320,1281 1357,1280 1394,1278 1432,1277 1469,1277 1506,1277 1544,1275 1581,1275 1618,1275 1656,1275 1693,1277 1730,1277 1768,1277 1805,1277 1842,1277 1880,1278 1917,1278 1954,1278 1992,1277 2029,1277 2067,1277"/>
                <TextEquiv>
                    <Unicode>do quod c. angelus incipit esse, sed per nullum instans:</Unicode>
                </TextEquiv>
            </TextLine>
            <TextLine id="r1l45" custom="readingOrder {index:21;}">
                <Coords points="1309,1335 2047,1336 2072,1330 2072,1294 1309,1299"/>
                <Baseline points="1314,1323 1351,1322 1389,1322 1426,1320 1464,1320 1502,1319 1539,1319 1577,1319 1615,1319 1652,1319 1690,1320 1728,1320 1765,1320 1803,1320 1841,1320 1878,1320 1916,1321 1954,1322 1991,1322 2029,1321 2067,1320"/>
                <TextEquiv>
                    <Unicode>nec illa diuisio instantium cuiuslibet rei possibilis</Unicode>
                </TextEquiv>
            </TextLine>
            <TextLine id="r1l47" custom="readingOrder {index:22;}">
                <Coords points="1305,1375 2063,1385 2063,1337 2036,1331 1305,1343"/>
                <Baseline points="1310,1367 1347,1365 1384,1365 1422,1365 1459,1365 1497,1365 1534,1364 1571,1364 1609,1364 1646,1364 1684,1364 1721,1364 1758,1364 1796,1364 1833,1365 1871,1365 1908,1365 1945,1365 1983,1365 2020,1366 2058,1367"/>
                <TextEquiv>
                    <Unicode>originem includit: quia non separatur adaequatum temps</Unicode>
                </TextEquiv>
            </TextLine>
            <TextLine id="r1l49" custom="readingOrder {index:23;}">
                <Coords points="1312,1419 2072,1427 2072,1382 2007,1374 1312,1375"/>
                <Baseline points="1317,1413 1354,1412 1392,1411 1429,1410 1467,1410 1504,1410 1542,1409 1579,1409 1617,1409 1654,1409 1692,1409 1729,1409 1767,1409 1804,1409 1842,1410 1879,1410 1917,1410 1954,1410 1992,1410 2029,1410 2067,1410"/>
                <TextEquiv>
                    <Unicode>non existentiae a fronte a tempore existentiae, nam in hora</Unicode>
                </TextEquiv>
            </TextLine>
            <TextLine id="r1l51" custom="readingOrder {index:24;}">
                <Coords points="1312,1476 2016,1475 2081,1467 2081,1423 1312,1432"/>
                <Baseline points="1317,1455 1356,1455 1396,1454 1436,1454 1476,1454 1516,1454 1556,1454 1596,1454 1636,1454 1676,1454 1716,1454 1756,1454 1796,1454 1836,1454 1876,1454 1916,1454 1956,1454 1996,1455 2036,1455 2076,1455"/>
                <TextEquiv>
                    <Unicode>praecedente c. angelus incepit esse: &amp; habuit vnam</Unicode>
                </TextEquiv>
            </TextLine>
            <TextLine id="r1l53" custom="readingOrder {index:25;}">
                <Coords points="1312,1515 2054,1520 2081,1514 2081,1467 1312,1476"/>
                <Baseline points="1317,1500 1356,1499 1396,1499 1436,1499 1476,1499 1516,1499 1556,1499 1596,1499 1636,1499 1676,1499 1716,1499 1756,1499 1796,1499 1836,1499 1876,1499 1916,1499 1956,1499 1996,1499 2036,1499 2076,1499"/>
                <TextEquiv>
                    <Unicode>de praesenti veram: vt diximus in. xvi. distinctione de</Unicode>
                </TextEquiv>
            </TextLine>
            <TextLine id="r1l55" custom="readingOrder {index:26;}">
                <Coords points="1312,1560 2051,1563 2078,1557 2078,1514 1312,1518"/>
                <Baseline points="1317,1545 1354,1545 1392,1544 1430,1543 1468,1542 1506,1542 1543,1542 1581,1542 1619,1542 1657,1542 1695,1542 1732,1542 1770,1542 1808,1542 1846,1544 1884,1544 1921,1544 1959,1544 1997,1542 2035,1542 2073,1542"/>
                <TextEquiv>
                    <Unicode>amissione gratiae. sed si maneat postea / d. instans</Unicode>
                </TextEquiv>
            </TextLine>
            <TextLine id="r1l57" custom="readingOrder {index:27;}">
                <Coords points="1309,1609 2044,1599 2072,1592 2072,1553 1309,1561"/>
                <Baseline points="1314,1590 1351,1590 1389,1589 1426,1587 1464,1587 1502,1587 1539,1586 1577,1586 1615,1586 1652,1586 1690,1586 1728,1586 1765,1586 1803,1586 1841,1586 1878,1586 1916,1586 1954,1586 1991,1586 2029,1586 2067,1586"/>
                <TextEquiv>
                    <Unicode>est primum eius esse instantaneum: sed non primum sim-a</Unicode>
                </TextEquiv>
            </TextLine>
            <TextLine id="r1l59" custom="readingOrder {index:28;}">
                <Coords points="1309,1653 2064,1643 2083,1597 1309,1610"/>
                <Baseline points="1314,1631 1352,1631 1390,1631 1428,1631 1466,1632 1505,1632 1543,1632 1581,1632 1619,1632 1657,1632 1696,1632 1734,1631 1772,1631 1810,1631 1848,1631 1887,1631 1925,1629 1963,1629 2001,1629 2039,1628 2078,1628"/>
                <TextEquiv>
                    <Unicode>pliciter. Et concedo hanc conclusionem. c. angelus fuit</Unicode>
                </TextEquiv>
            </TextLine>
            <TextLine id="r1l61" custom="readingOrder {index:29;}">
                <Coords points="1314,1683 2038,1687 2078,1684 2078,1638 1314,1650"/>
                <Baseline points="1319,1677 1356,1677 1394,1676 1432,1676 1469,1676 1507,1676 1545,1674 1582,1674 1620,1674 1658,1674 1696,1673 1733,1673 1771,1673 1809,1673 1846,1673 1884,1673 1922,1673 1959,1673 1997,1674 2035,1674 2073,1676"/>
                <TextEquiv>
                    <Unicode>in hac hora, &amp; in nullo instanti illius intrinseco vel</Unicode>
                </TextEquiv>
            </TextLine>
            <TextLine id="r1l63" custom="readingOrder {index:30;}">
                <Coords points="1317,1738 2072,1732 2065,1682 1316,1691"/>
                <Baseline points="1322,1721 1359,1721 1396,1721 1433,1721 1471,1721 1508,1721 1545,1721 1582,1719 1620,1719 1657,1719 1694,1719 1731,1718 1769,1718 1806,1718 1843,1718 1880,1718 1918,1718 1955,1718 1992,1718 2029,1719 2067,1719"/>
                <TextEquiv>
                    <Unicode>extrinseco. Nec desinit per vltimum instans esse: sed</Unicode>
                </TextEquiv>
            </TextLine>
            <TextLine id="r1l65" custom="readingOrder {index:31;}">
                <Coords points="1308,1792 1401,1772 2089,1780 2089,1738 1308,1745"/>
                <Baseline points="1313,1769 1351,1767 1390,1766 1428,1764 1467,1764 1505,1764 1544,1763 1582,1763 1621,1763 1659,1763 1698,1763 1737,1763 1775,1763 1814,1763 1852,1764 1891,1764 1929,1764 1968,1764 2006,1764 2045,1763 2084,1763"/>
                <TextEquiv>
                    <Unicode>per primum non esse. hoc enim non est magis inconue</Unicode>
                </TextEquiv>
            </TextLine>
            <TextLine id="r1l67" custom="readingOrder {index:32;}">
                <Coords points="1311,1824 1927,1831 2078,1816 2078,1773 1311,1785"/>
                <Baseline points="1316,1809 1353,1809 1391,1809 1429,1809 1467,1809 1505,1809 1543,1809 1580,1809 1618,1809 1656,1809 1694,1809 1732,1809 1770,1809 1808,1809 1845,1808 1883,1808 1921,1808 1959,1808 1997,1808 2035,1808 2073,1808"/>
                <TextEquiv>
                    <Unicode>niens quam de inceptione contingat in corruptione for</Unicode>
                </TextEquiv>
            </TextLine>
            <TextLine id="r1l69" custom="readingOrder {index:33;}">
                <Coords points="1312,1862 1968,1879 2089,1861 2089,1818 1312,1824"/>
                <Baseline points="1317,1857 1355,1856 1393,1856 1432,1854 1470,1854 1508,1853 1547,1853 1585,1853 1623,1853 1662,1853 1700,1853 1738,1853 1777,1853 1815,1853 1853,1853 1892,1853 1930,1853 1968,1853 2007,1853 2045,1853 2084,1853"/>
                <TextEquiv>
                    <Unicode>mae secundum vnum modum dicendi. vt si calor partibiliter</Unicode>
                </TextEquiv>
            </TextLine>
            <TextLine id="r1l71" custom="readingOrder {index:34;}">
                <Coords points="1321,1919 2077,1905 2054,1862 1321,1865"/>
                <Baseline points="1326,1899 1363,1898 1400,1898 1437,1896 1475,1896 1512,1896 1549,1896 1587,1895 1624,1895 1661,1895 1699,1895 1736,1895 1773,1895 1810,1896 1848,1896 1885,1896 1922,1896 1960,1896 1997,1896 2034,1896 2072,1898"/>
                <TextEquiv>
                    <Unicode>producatur per totam horam praeteritam, &amp; iam simus in</Unicode>
                </TextEquiv>
            </TextLine>
            <TextLine id="r1l73" custom="readingOrder {index:35;}">
                <Coords points="1321,1954 2036,1962 2086,1944 2086,1920 2016,1905 1321,1920"/>
                <Baseline points="1326,1944 1363,1943 1401,1943 1439,1941 1477,1941 1514,1941 1552,1941 1590,1940 1628,1940 1665,1940 1703,1940 1741,1940 1779,1940 1816,1940 1854,1940 1892,1940 1930,1940 1967,1940 2005,1941 2043,1941 2081,1940"/>
                <TextEquiv>
                    <Unicode>d. instanti, in quo frigus maioris actiuitatis quam ca-</Unicode>
                </TextEquiv>
            </TextLine>
            <TextLine id="r1l75" custom="readingOrder {index:36;}">
                <Coords points="1324,1998 2087,1997 2087,1960 2048,1955 1324,1952"/>
                <Baseline points="1329,1986 1366,1986 1404,1985 1441,1985 1479,1985 1517,1985 1554,1985 1592,1985 1630,1985 1667,1985 1705,1985 1743,1985 1780,1985 1818,1985 1856,1985 1893,1985 1931,1985 1969,1985 2006,1985 2044,1985 2082,1985"/>
                <TextEquiv>
                    <Unicode>lor sit resistentiae applicetur: d, non est vltimum instans</Unicode>
                </TextEquiv>
            </TextLine>
            <TextLine id="r1l77" custom="readingOrder {index:37;}">
                <Coords points="1325,2045 2085,2050 2084,2001 2048,1994 1324,1998"/>
                <Baseline points="1329,2031 1366,2030 1404,2030 1441,2030 1479,2028 1516,2028 1554,2028 1591,2028 1629,2028 1666,2027 1704,2027 1741,2027 1779,2027 1816,2027 1854,2028 1891,2028 1929,2028 1966,2028 2004,2030 2041,2030 2079,2031"/>
                <TextEquiv>
                    <Unicode>huius totalis caloris. &amp; sic hic calor non desinit per</Unicode>
                </TextEquiv>
            </TextLine>
            <TextLine id="r1l79" custom="readingOrder {index:38;}">
                <Coords points="1324,2089 2081,2082 2081,2052 2012,2037 1324,2046"/>
                <Baseline points="1329,2076 1366,2075 1403,2075 1441,2073 1478,2073 1515,2073 1553,2073 1590,2072 1627,2072 1665,2072 1702,2072 1739,2072 1777,2072 1814,2072 1851,2072 1889,2073 1926,2073 1963,2073 2001,2075 2038,2075 2076,2076"/>
                <TextEquiv>
                    <Unicode>vltimum instans esse: quia erit in tempore sequenti ter</Unicode>
                </TextEquiv>
            </TextLine>
            <TextLine id="r1l81" custom="readingOrder {index:39;}">
                <Coords points="1330,2130 2090,2137 2090,2084 1330,2091"/>
                <Baseline points="1335,2120 1372,2118 1410,2118 1447,2118 1485,2117 1522,2117 1560,2117 1597,2117 1635,2117 1672,2117 1710,2117 1747,2117 1785,2117 1822,2117 1860,2117 1897,2118 1935,2118 1972,2118 2010,2118 2047,2119 2085,2120"/>
                <TextEquiv>
                    <Unicode>minato ad hoc instans: sicut erat in productione,</Unicode>
                </TextEquiv>
            </TextLine>
            <TextLine id="r1l83" custom="readingOrder {index:40;}">
                <Coords points="1329,2177 2089,2172 2089,2137 2027,2126 1329,2130"/>
                <Baseline points="1334,2165 1371,2164 1409,2163 1446,2163 1484,2163 1521,2163 1559,2162 1596,2162 1634,2162 1671,2162 1709,2162 1746,2162 1784,2162 1821,2162 1859,2162 1896,2162 1934,2162 1971,2162 2009,2162 2046,2162 2084,2162"/>
                <TextEquiv>
                    <Unicode>secundum illam viam, nec datur primum instans non esse in </Unicode>
                </TextEquiv>
            </TextLine>
            <TextLine id="r1l85" custom="readingOrder {index:41;}">
                <Coords points="1326,2220 2086,2215 2086,2180 2051,2170 1326,2176"/>
                <Baseline points="1331,2208 1368,2208 1406,2208 1443,2207 1481,2207 1518,2207 1556,2207 1593,2207 1631,2207 1668,2207 1706,2207 1743,2207 1781,2207 1818,2207 1856,2207 1893,2207 1931,2208 1968,2208 2006,2208 2043,2208 2081,2207"/>
                <TextEquiv>
                    <Unicode>d. instanti. An possit deus sic facere cum b angelo:</Unicode>
                </TextEquiv>
            </TextLine>
            <TextLine id="r1l87" custom="readingOrder {index:42;}">
                <Coords points="1324,2268 2061,2265 2090,2260 2090,2214 1324,2222"/>
                <Baseline points="1329,2253 1366,2253 1404,2253 1442,2253 1480,2252 1518,2252 1555,2252 1593,2252 1631,2252 1669,2250 1707,2250 1744,2250 1782,2250 1820,2250 1858,2250 1896,2250 1933,2250 1971,2252 2009,2252 2047,2252 2085,2253"/>
                <TextEquiv>
                    <Unicode>incertum est, an scilicet possit corrumpere sicut c. &amp;</Unicode>
                </TextEquiv>
            </TextLine>
            <TextLine id="r1l89" custom="readingOrder {index:43;}">
                <Coords points="1327,2313 2076,2311 2093,2259 1327,2269"/>
                <Baseline points="1332,2298 1369,2298 1407,2298 1445,2298 1483,2298 1521,2297 1558,2297 1596,2297 1634,2297 1672,2297 1710,2297 1747,2297 1785,2297 1823,2297 1861,2297 1899,2297 1936,2297 1974,2297 2012,2297 2050,2297 2088,2297"/>
                <TextEquiv>
                    <Unicode>mihi interdum visum est quod necesse est conditionali-</Unicode>
                </TextEquiv>
            </TextLine>
            <TextLine id="r1l91" custom="readingOrder {index:44;}">
                <Coords points="1330,2355 1955,2362 2086,2350 2086,2308 1330,2315"/>
                <Baseline points="1335,2345 1372,2343 1409,2343 1446,2342 1484,2342 1521,2342 1558,2340 1596,2340 1633,2340 1670,2340 1708,2340 1745,2340 1782,2340 1819,2340 1857,2340 1894,2340 1931,2340 1969,2340 2006,2341 2043,2342 2081,2342"/>
                <TextEquiv>
                    <Unicode>ter, hoc est stante casu eu conseruare per tempus. sic le</Unicode>
                </TextEquiv>
            </TextLine>
            <TextLine id="r1l93" custom="readingOrder {index:45;}">
                <Coords points="1320,2404 2044,2400 2087,2393 2087,2350 1320,2364"/>
                <Baseline points="1325,2388 1362,2388 1400,2387 1438,2387 1476,2386 1514,2385 1552,2385 1589,2385 1627,2385 1665,2385 1703,2385 1741,2384 1779,2384 1817,2384 1854,2385 1892,2385 1930,2385 1968,2385 2006,2385 2044,2385 2082,2385"/>
                <TextEquiv>
                    <Unicode>gendo in artibus in vtroque cursu ratus sum. sed cum</Unicode>
                </TextEquiv>
            </TextLine>
            <TextLine id="r1l95" custom="readingOrder {index:46;}">
                <Coords points="1318,2444 2096,2438 2096,2407 2050,2396 1318,2404"/>
                <Baseline points="1323,2433 1361,2432 1399,2432 1438,2432 1476,2430 1515,2430 1553,2430 1591,2430 1630,2430 1668,2430 1707,2430 1745,2430 1783,2430 1822,2430 1860,2430 1899,2430 1937,2430 1975,2430 2014,2430 2052,2430 2091,2430"/>
                <TextEquiv>
                    <Unicode>sint duodecim horae diei: oppositum videtur ratio-</Unicode>
                </TextEquiv>
            </TextLine>
            <TextLine id="r1l97" custom="readingOrder {index:47;}">
                <Coords points="1321,2488 2099,2500 2099,2435 1321,2444"/>
                <Baseline points="1326,2478 1364,2478 1402,2477 1441,2477 1479,2475 1518,2475 1556,2475 1594,2475 1633,2475 1671,2475 1710,2475 1748,2475 1786,2475 1825,2475 1863,2475 1902,2477 1940,2477 1978,2477 2017,2477 2055,2477 2094,2478"/>
                <TextEquiv>
                    <Unicode>nabilius, si teneamus hoc quod dictum est de c. quod id </Unicode>
                </TextEquiv>
            </TextLine>
            <TextLine id="r1l99" custom="readingOrder {index:48;}">
                <Coords points="1314,2532 1469,2528 1500,2541 1519,2529 1780,2528 1779,2502 1740,2483 1389,2499 1313,2487"/>
                <Baseline points="1319,2522 1344,2522 1369,2522 1395,2520 1420,2520 1445,2520 1471,2520 1496,2520 1521,2520 1547,2520 1572,2519 1597,2519 1623,2519 1648,2519 1673,2519 1699,2519 1724,2519 1749,2520 1775,2520"/>
                <TextEquiv>
                    <Unicode>idem tenere debeamus in b</Unicode>
                </TextEquiv>
            </TextLine>
            <TextLine id="r1l101" custom="readingOrder {index:49;}">
                <Coords points="1326,2597 1451,2586 1491,2608 1543,2584 1633,2610 1669,2589 2089,2585 2088,2533 2060,2527 1325,2542"/>
                <Baseline points="1331,2583 1368,2583 1406,2582 1443,2581 1481,2580 1519,2580 1556,2579 1594,2579 1632,2579 1669,2579 1707,2577 1745,2577 1782,2577 1820,2577 1858,2577 1895,2577 1933,2577 1971,2577 2008,2577 2046,2577 2084,2576"/>
                <TextEquiv>
                    <Unicode>⁋ His pro argumenti solutione in-</Unicode>
                </TextEquiv>
            </TextLine>
            <TextLine id="r1l103" custom="readingOrder {index:50;}">
                <Coords points="1332,2645 1947,2629 2082,2649 2101,2587 1332,2595"/>
                <Baseline points="1337,2628 1376,2628 1416,2628 1456,2628 1496,2628 1536,2628 1576,2628 1616,2628 1656,2628 1696,2628 1736,2628 1776,2628 1816,2628 1856,2628 1896,2628 1936,2628 1976,2628 2016,2627 2056,2627 2096,2627"/>
                <TextEquiv>
                    <Unicode>sertis ad argumentu principale ab initio quaestionis</Unicode>
                </TextEquiv>
            </TextLine>
            <TextLine id="r1l105" custom="readingOrder {index:51;}">
                <Coords points="1335,2682 2098,2685 2098,2650 2058,2637 1335,2640"/>
                <Baseline points="1340,2675 1377,2675 1415,2675 1452,2673 1490,2673 1528,2673 1565,2673 1603,2673 1641,2673 1678,2673 1716,2673 1754,2673 1791,2673 1829,2673 1867,2673 1904,2673 1942,2673 1980,2673 2017,2673 2055,2672 2093,2672"/>
                <TextEquiv>
                    <Unicode>propositum: gratia cuius haec pauca pro analogia te-</Unicode>
                </TextEquiv>
            </TextLine>
            <TextLine id="r1l107" custom="readingOrder {index:52;}">
                <Coords points="1332,2730 2089,2728 2073,2681 1331,2693"/>
                <Baseline points="1337,2720 1374,2720 1411,2720 1449,2720 1486,2720 1523,2720 1561,2720 1598,2720 1635,2718 1673,2718 1710,2718 1747,2718 1785,2718 1822,2718 1859,2718 1897,2717 1934,2717 1971,2717 2009,2717 2046,2717 2084,2717"/>
                <TextEquiv>
                    <Unicode>tigimus: redeo. &amp; dico quod Sortes &amp; Plato decedunt</Unicode>
                </TextEquiv>
            </TextLine>
            <TextLine id="r1l109" custom="readingOrder {index:53;}">
                <Coords points="1330,2797 1717,2798 1796,2771 1858,2796 1892,2775 1917,2795 2096,2787 2096,2735 2033,2727 1330,2730"/>
                <Baseline points="1335,2766 1372,2766 1410,2765 1448,2765 1486,2763 1524,2763 1561,2763 1599,2763 1637,2763 1675,2763 1713,2763 1750,2763 1788,2763 1826,2763 1864,2763 1902,2763 1939,2763 1977,2763 2015,2763 2053,2763 2091,2763"/>
                <TextEquiv>
                    <Unicode>in meritis aequalibus: &amp; aequaliter praemiabuntur: quia</Unicode>
                </TextEquiv>
            </TextLine>
            <TextEquiv>
                <Unicode>quinimo immediate post a. producit deus tres :-
quatuor / &amp; infinitos. Argumentum autem est sophisma
quia be non magis praecedit e, quam contra. cuius op
positum intendimus.
⁋ Contra secundam conclusionem argu- 
mentor. Producat deus c. angelum immediate ante
a. probo quod hoc implicet. iam in d instanti verum est
dicere. c. angelus incipit esse, quia non fuit ab aeter-
no. sed hoc non: quia nec per primum instans sui esse
cum fuerit ante de. instans: nec per vltimum instans non
esse: quia illud dari non potest. vt patet intelligenti,
Immo sequitur quod c. angelus fuit in aliquo tempore
&amp; in nullo instati illius temporis, quod videtur mirabile
&amp; mirabilius videtur quod aliquid fuit, &amp; num quam erit in 
aliquo instanti: nec fuit nec erit, quod patet si c. dest
nat per primum instans sui non esse in hoc de. instanti. &amp;
eodem modo b angelus potest esse / &amp; in nullo instanti
esse: &amp; tunc petitur quo modo praecessit co. &amp; ita ange
lus desinit: &amp; nec per vltimum instans esse, nec primum
non esse. vt liquet de c. &amp; b. ⁋ Respondetur conceden
do quod c. angelus incipit esse, sed per nullum instans:
nec illa diuisio instantium cuiuslibet rei possibilis
originem includit: quia non separatur adaequatum temps
non existentiae a fronte a tempore existentiae, nam in hora
praecedente c. angelus incepit esse: &amp; habuit vnam
de praesenti veram: vt diximus in. xvi. distinctione de
amissione gratiae. sed si maneat postea / d. instans
est primum eius esse instantaneum: sed non primum sim-a
pliciter. Et concedo hanc conclusionem. c. angelus fuit
in hac hora, &amp; in nullo instanti illius intrinseco vel
extrinseco. Nec desinit per vltimum instans esse: sed
per primum non esse. hoc enim non est magis inconue
niens quam de inceptione contingat in corruptione for
mae secundum vnum modum dicendi. vt si calor partibiliter
producatur per totam horam praeteritam, &amp; iam simus in
d. instanti, in quo frigus maioris actiuitatis quam ca-
lor sit resistentiae applicetur: d, non est vltimum instans
huius totalis caloris. &amp; sic hic calor non desinit per
vltimum instans esse: quia erit in tempore sequenti ter
minato ad hoc instans: sicut erat in productione,
secundum illam viam, nec datur primum instans non esse in 
d. instanti. An possit deus sic facere cum b angelo:
incertum est, an scilicet possit corrumpere sicut c. &amp;
mihi interdum visum est quod necesse est conditionali-
ter, hoc est stante casu eu conseruare per tempus. sic le
gendo in artibus in vtroque cursu ratus sum. sed cum
sint duodecim horae diei: oppositum videtur ratio-
nabilius, si teneamus hoc quod dictum est de c. quod id 
idem tenere debeamus in b
⁋ His pro argumenti solutione in-
sertis ad argumentu principale ab initio quaestionis
propositum: gratia cuius haec pauca pro analogia te-
tigimus: redeo. &amp; dico quod Sortes &amp; Plato decedunt
in meritis aequalibus: &amp; aequaliter praemiabuntur: quia</Unicode>
            </TextEquiv>
        </TextRegion>
    </Page>
</PcGts>
