2309 3308
444 330 1216 403 pterea est infinite perfecta. Et sicut illa consequentia
453 388 1219 441 non tenet in rebus specie distinctis: ita hic est distin
459 433 1210 480 ctio accidentatia sufficiens in discrimen peccatorum
462 478 1220 524 Sic probabo per argumentum principale quod dabis mihi
453 523 1217 566 librum tuum in fine quatuor annorum cum vno scuto. na
450 565 1219 614 in fine primi anni diminues libram Parisiensem: in se
466 613 1220 656 cundo tantundem: & sic consequenter. & ita dabis li-
453 654 1219 705 brum gratis cum pecunia si proportionabiliter decrescat
453 699 1213 755 praecium. In aliis autem rebus comparabilibus eiusdem ratie
460 737 1214 790 nis consequentia est bona. vt bene sequitur in hoc cor
456 785 1228 841 pore est corpus pedale, bipedale, tripedale, & sic con
453 833 1222 889 sequenter sine fine ascendendo pro partes non communi-
465 875 1223 929 cantes: & a. est toto corpore maius: ergo a. est infi-
462 917 1225 978 nite magnum. Tnmden non nego quin deus possit inflige
456 961 1228 1009 re iuste infinitam poenam in gradu / pro quolibet peccatos
466 1006 1226 1065 sed ex sua misericordia & lege posita hoc non facit.
465 1072 1222 1160 ⁋ Secundo. Pro quolibet mortali pec-
457 1142 1238 1200 cato erit infinitus cruciatus. Hoc supposito arguitur
467 1189 1220 1237 sic. quaelibet pars huius mortalis est peior hoc ve
452 1240 1220 1296 niali dato. vel sic cuiussibet partis proportionalis po
463 1280 1229 1325 na huius mortalis est peior quam poena huius venia-
466 1322 1235 1373 lis. sed huius venialis poena est alicuius cruciatus.
454 1376 1227 1424 ergo poena totalis huius mortalis est infiniti cru-
472 1412 1234 1471 ciatus / siue in gradu / siue non, parum refert: quia ni-
456 1458 1228 1507 timur probare quod infinite crucietur. quod consequentia va
465 1500 1230 1559 leat patet in omni materia. nam si a. est alicuius quam
472 1547 1241 1597 titatis: & qualibet pars huius continui est maior a. iam
472 1591 1238 1634 continuum est infinite magnum. ⁋ Dico consequin
460 1631 1233 1693 tiam principalem nihil valere: quia in rebus diuersarum
462 1679 1235 1735 specierum hoc non tenet / sicut non sequitur. quaeli
469 1724 1238 1784 bet pars proportionalis huius albedinis hac nigre-
468 1768 1238 1821 dine / demonstrando nigredinem in pupilla oculi
475 1812 1229 1862 est perfectior: & haec nigredo est alicuius perfectionis
469 1858 1229 1909 ergo totalis albedo est infinite perfecta. Si dicas. tunt
459 1902 1233 1958 eneruo vnam rationem in materia de ebrietate: quae
472 1946 1232 1999 est quod in infinitum parum aliquis peccat: & hoc
474 1989 1225 2045 peccatum quolibet aliorum. est minus. Respondeo nor
474 2036 1232 2087 esse idem vt ex his quae illic diximus perpendere potes
475 2079 1237 2134 Secundo siue ratio illa sola concludat, siue non: omes
464 2131 1234 2181 illae rationes multo sufficientius conclusionem quam in-
472 2171 1226 2216 tendunt probant quam rationes ad oppositum, quod ad recti
471 2215 1240 2266 conclusionem ponendam sufficit. Dicis. tunc si in infini
471 2256 1240 2303 tum parua poena respondeat alicui parti huius mor
472 2299 1238 2346 talis: & quaelibet pars peccati mortalis secundum
481 2343 1231 2395 intensionem sit peccatum mortale: poena peccat
489 2389 1235 2444 venialis erit aequaliter intensa, quod inconuenit. Ne
486 2442 1234 2492 go hoc inconuenire: sicut stat dare nigredinem in
480 2478 1238 2532 vngue Aethiopis aequaliter intensam in gradu vi
484 2522 1247 2573 est albedo dentis eius: sed non aequaliter perfectam.
481 2567 1239 2628 ⁋ Animaduersione autem non indignum est quod non
484 2612 1247 2670 quaelibet pars poenae huius in purgatorio plus cruciat
490 2661 1235 2714 qui poena huius viatoris, puta colica passio, quod proba
483 2708 1241 2760 quia in infinitum parua est aliqua pars huius poe
475 2748 1238 2818 quiae purgatorii: & sufficit quod totalis poena purgato
1303 333 2084 400 rii istam colicam passionem in acerbitate exuperat.
1297 389 2075 437 Nec oportet etiam detotali: quia si sacerdos dice
1306 434 2083 487 ret pro centum simul quolibet die vnam missam, &
1297 474 2087 532 cuilibet sufficeret vna missa: poena totalis istorum
1308 524 2075 580 ante finem multum remitteretur. Ex quo sequitur quod
1302 568 2087 616 stat dare poenam debitam furto simplici esse aequa-
1304 609 2077 658 lem in gradu poenae alicuius odii dei: si scilicet sit
1303 656 2084 705 vna parua pars odii: & forte etiam in cruciatu & in
1299 698 2078 753 acerbitate. alioquin tota poena odii erit infinitae acei
1306 746 2087 791 bitatis. Sed dicis. differunt specie: & ideo non sunt
1303 784 2075 845 comparabiles. Respondetur. sicut stilus & acetun
1304 835 2078 887 comparantur in perfectione entitatiua: non tamen in acutie
1312 877 2087 927 sic poena furti & odii comparantur in ratione inten
1312 922 2078 973 sionis: sed non est necesse in ratione poenae. Quo fit
1320 973 2081 1022 vt aliquis decedens in mortali & veniali puniatur
1305 1014 2074 1068 aequaliter in gradu ac decedens in duobus mortalibus
1314 1079 2077 1164 ⁋ Tertio argumentor. Alicui pecca
1312 1154 2090 1205 to secundum legem statutam respondet infinita poe
1314 1200 2071 1250 na intensiue: sed illa non infligetur. igitur. assumptum
1313 1237 2079 1292 probo: odio habeat deum Sortes pro tempore quo tenei
1314 1283 2080 1332 eum diligere: & Plato omittat. tunc sic. peccato Pla
1308 1331 2074 1381 tonis respondet aliqua poena in infemo, & est alicu
1320 1372 2086 1420 ius malitiae: sed in infinitum peius est peccatum Sortis.
1311 1414 2084 1469 quod ostenditur. sit odium eius intensum vt qua
1312 1465 2087 1506 tuor. & ponantur infiniti ad imaginationem: quo-
1321 1511 2080 1562 rum quilibet odio habeat deum: Sortes vt quatu
1317 1554 2090 1605 or: Cicero vt duo: Petrus vt vnum: & sic in abys-
1317 1594 2086 1643 sum geometrice. tunc sic. quodlibet istorum odio
1312 1640 2083 1697 rum est peius omissione Platonis: & Sortes pec-
1311 1687 2081 1734 cat vno peccato omnia haec includente. igitur. Vel
1315 1729 2075 1776 non est opus ponere infinitatem hominum: sed sic
1315 1771 2081 1822 ducatur argumentum. quaelibet pars proportiona
1317 1816 2077 1865 lis huius odii est peior qui haec omissio: quia eam in
1320 1859 2084 1913 cludit & aliquid aliud: & omissio est alicuius oertae
1317 1903 2087 1952 malitiae: ergo hoc odium est infinitae malitiae. quod au-
1320 1947 2080 1995 tem sit aliqua pura omissio / alibi ostensum est.
1324 1993 2081 2047 ⁋ Ad hoc argumentum respondetur negando asti
1320 2033 2080 2082 sumptum, nego item quod quaelibet pars illius com
1315 2078 2087 2132 missionis sit peior hac omissione / segregando omis-
1317 2122 2087 2179 sionem imbibitam in commissione. sed quilibet il-
1311 2165 2078 2214 lorum committens, per odium dei grauius peccat
1322 2214 2077 2272 quam omittens. sed hoc non solum ortum habet a con
1320 2261 2078 2309 missione: cum quilibet odio habens omittat. Hio
1320 2310 2093 2360 potest esse obiectio. nam omissio naturaliter iuol-
1315 2350 2078 2404 uitur in commissione. ergo non imputatur. consequen
1320 2392 2078 2441 tia patet: quia non aliter dicimus continuationem
1317 2440 2086 2486 naturalem actus mali eliciti in instanti non esse im-
1323 2483 2086 2535 putabilem. Respondeo. si hoc probare niteris: argu
1317 2526 2075 2575 mentum principale attenuas: quia si omissio cul
1329 2575 2087 2625 pabilis non inuoluatur in quolibet actu odii: non
1323 2614 2077 2664 habebis quamlibet partem illius odii peiorem hac
1318 2656 1499 2715 omissione.
