<?xml version="1.0" encoding="UTF-8" standalone="yes"?>
<PcGts xmlns="http://schema.primaresearch.org/PAGE/gts/pagecontent/2013-07-15" xmlns:xsi="http://www.w3.org/2001/XMLSchema-instance" xsi:schemaLocation="http://schema.primaresearch.org/PAGE/gts/pagecontent/2013-07-15 http://schema.primaresearch.org/PAGE/gts/pagecontent/2013-07-15/pagecontent.xsd">
    <Metadata>
        <Creator>prov=University of Rostock/Institute of Mathematics/CITlab|PLANET AI GmbH/Gundram Leifert/gundram.leifert@planet-ai.de:name=cod-Bda113-model2(htr_id=24733)::::v=2.6.6
prov=University of Rostock/Institute of Mathematics/CITlab|PLANET AI GmbH/Tobias Gruening/tobias.gruening@planet-ai.de:name=de.uros.citlab.module.baseline2polygon.B2PSeamMultiOriented:v=2.6.6
prov=University of Rostock/Institute of Mathematics/CITlab|PLANET AI GmbH/Tobias Gruening/tobias.gruening@planet-ai.de:name=/net_tf/LA73_249_0mod360.pb:de.uros.citlab.segmentation.CITlab_LA_ML:v=2.6.6
Transkribus</Creator>
        <Created>2020-04-17T22:25:20.153+02:00</Created>
        <LastChange>2020-06-19T09:05:04.728+02:00</LastChange>
        <TranskribusMetadata docId="371227" pageId="14532977" pageNr="741" tsid="32173672" status="IN_PROGRESS" userId="25065" imgUrl="https://files.transkribus.eu/Get?id=JSISJBIRQDOEWUQICMQDMCCH&amp;fileType=view" xmlUrl="https://files.transkribus.eu/Get?id=UZVYTVKSFQBHUIXAFCFPJKHL" imageId="10489354"/>
    </Metadata>
    <Page imageFilename="0741.jpg" imageWidth="2294" imageHeight="3278">
        <ReadingOrder>
            <OrderedGroup id="ro_1592575850693" caption="Regions reading order">
                <RegionRefIndexed index="0" regionRef="TextRegion_1592265232701_672"/>
                <RegionRefIndexed index="1" regionRef="TextRegion_1592265232701_671"/>
            </OrderedGroup>
        </ReadingOrder>
        <TextRegion orientation="0.0" id="TextRegion_1592265232701_672" custom="readingOrder {index:0;}">
            <Coords points="239,260 1045,260 1045,2817 239,2817"/>
            <TextLine id="r1l3" custom="readingOrder {index:0;}">
                <Coords points="249,369 1008,372 1025,308 869,331 762,308 690,335 249,318"/>
                <Baseline points="254,357 292,357 330,357 368,357 407,357 445,357 483,357 522,357 560,356 598,356 637,356 675,356 713,356 751,356 790,356 828,356 866,356 905,357 943,357 981,357 1020,359"/>
                <TextEquiv>
                    <Unicode>adaequatum. Potest dari alia analogia quod non incon</Unicode>
                </TextEquiv>
            </TextLine>
            <TextLine id="r1l5" custom="readingOrder {index:1;}">
                <Coords points="250,413 1018,414 1019,375 251,370"/>
                <Baseline points="255,401 292,401 330,402 368,402 406,402 444,402 482,402 520,401 558,401 596,401 634,401 671,401 709,401 747,401 785,401 823,401 861,401 899,402 937,402 975,404 1013,405"/>
                <TextEquiv>
                    <Unicode>uenit aliquid semper praecedere aliud in motu i me</Unicode>
                </TextEquiv>
            </TextLine>
            <TextLine id="r1l7" custom="readingOrder {index:2;}">
                <Coords points="250,456 967,464 1022,456 1022,413 250,414"/>
                <Baseline points="255,447 293,446 331,446 369,446 407,446 445,446 483,446 521,446 559,446 597,446 636,446 674,446 712,446 750,446 788,446 826,446 864,446 902,446 940,446 978,447 1017,447"/>
                <TextEquiv>
                    <Unicode>rito / vel similibus, &amp; aequaliter esse in fine, de parti</Unicode>
                </TextEquiv>
            </TextLine>
            <TextLine id="r1l9" custom="readingOrder {index:3;}">
                <Coords points="255,498 1000,503 1012,452 255,457"/>
                <Baseline points="260,492 297,491 334,491 372,491 409,489 446,489 484,489 521,489 558,489 596,488 633,488 670,488 708,488 745,488 782,488 820,489 857,489 894,489 932,490 969,491 1007,492"/>
                <TextEquiv>
                    <Unicode>bus aequinoctialis &amp; zxodiaci in materia de ortu si-</Unicode>
                </TextEquiv>
            </TextLine>
            <TextLine id="r1l11" custom="readingOrder {index:4;}">
                <Coords points="255,558 300,539 1024,540 1024,514 949,498 255,498"/>
                <Baseline points="260,534 299,534 339,534 379,534 419,534 459,534 499,534 539,534 579,534 619,534 659,534 699,534 739,534 779,534 819,534 859,534 899,534 939,535 979,536 1019,537"/>
                <TextEquiv>
                    <Unicode>gnorum / vel de duabus vmbris. nam sint duae vm-</Unicode>
                </TextEquiv>
            </TextLine>
            <TextLine id="r1l13" custom="readingOrder {index:5;}">
                <Coords points="255,592 1003,597 1021,552 255,558"/>
                <Baseline points="260,579 297,579 335,579 373,579 411,579 449,579 486,578 524,578 562,578 600,578 638,578 675,578 713,578 751,578 789,578 827,579 864,579 902,579 940,579 978,579 1016,579"/>
                <TextEquiv>
                    <Unicode>brae a. &amp; b. causatae a duobus corporibus opacis: &amp;</Unicode>
                </TextEquiv>
            </TextLine>
            <TextLine id="r1l15" custom="readingOrder {index:6;}">
                <Coords points="247,639 1025,636 1025,595 943,585 247,595"/>
                <Baseline points="252,626 290,626 328,625 367,624 405,624 444,623 482,623 520,623 559,623 597,623 636,623 674,623 712,623 751,623 789,624 828,624 866,624 904,624 943,624 981,624 1020,624"/>
                <TextEquiv>
                    <Unicode>corpora lucida quae has vmbras causant ascendant.</Unicode>
                </TextEquiv>
            </TextLine>
            <TextLine id="r1l17" custom="readingOrder {index:7;}">
                <Coords points="262,675 1025,681 1025,637 262,646"/>
                <Baseline points="267,668 304,666 342,666 379,666 417,666 455,666 492,666 530,666 568,666 605,666 643,666 681,666 718,668 756,668 794,668 831,668 869,668 907,668 944,668 982,668 1020,668"/>
                <TextEquiv>
                    <Unicode>vniformiter ad axenith corporum opacorum: sit vna</Unicode>
                </TextEquiv>
            </TextLine>
            <TextLine id="r1l19" custom="readingOrder {index:8;}">
                <Coords points="250,720 1006,725 1023,689 251,676"/>
                <Baseline points="255,714 293,714 331,713 369,711 407,711 445,711 483,711 521,710 559,710 597,710 636,711 674,711 712,711 750,711 788,711 826,711 864,713 902,713 940,713 978,713 1017,713"/>
                <TextEquiv>
                    <Unicode>hora verbi causa, in instanti terminante horam vtrun-</Unicode>
                </TextEquiv>
            </TextLine>
            <TextLine id="r1l21" custom="readingOrder {index:9;}">
                <Coords points="249,775 1004,770 1018,720 249,725"/>
                <Baseline points="254,759 293,759 333,758 373,757 413,756 453,756 493,756 533,755 573,755 613,755 653,755 693,755 733,755 773,756 813,756 853,756 893,756 933,758 973,758 1013,758"/>
                <TextEquiv>
                    <Unicode>quod corpus lucidum erit in aenith corporis opaci. &amp;</Unicode>
                </TextEquiv>
            </TextLine>
            <TextLine id="r1l23" custom="readingOrder {index:10;}">
                <Coords points="246,811 1019,820 1019,769 965,761 246,776"/>
                <Baseline points="251,801 289,801 327,801 365,801 403,801 441,801 479,801 518,801 556,801 594,801 632,800 670,800 708,800 746,800 785,800 823,800 861,801 899,801 937,801 975,801 1014,801"/>
                <TextEquiv>
                    <Unicode>cum hoc ponatur quod vnum corpus opacum diminua</Unicode>
                </TextEquiv>
            </TextLine>
            <TextLine id="r1l25" custom="readingOrder {index:11;}">
                <Coords points="250,858 1019,854 1019,824 940,807 250,818"/>
                <Baseline points="255,846 294,846 334,846 374,846 414,846 454,846 494,846 534,846 574,846 614,846 654,846 694,846 734,846 774,846 814,846 854,846 894,846 934,846 974,846 1014,846"/>
                <TextEquiv>
                    <Unicode>tur continuo ad paruam quantitatem, scilicet c. d. ma- </Unicode>
                </TextEquiv>
            </TextLine>
            <TextLine id="r1l27" custom="readingOrder {index:12;}">
                <Coords points="256,899 1013,898 1013,862 909,851 256,861"/>
                <Baseline points="261,891 298,891 335,891 373,891 410,890 447,890 485,890 522,890 559,890 597,890 634,890 671,890 709,890 746,890 783,890 821,890 858,890 895,890 933,890 970,890 1008,890"/>
                <TextEquiv>
                    <Unicode>nente vnifomiter: iam a. vmbra in paruitate con-</Unicode>
                </TextEquiv>
            </TextLine>
            <TextLine id="r1l28" custom="readingOrder {index:13;}">
                <Coords points="243,948 990,948 1009,900 243,901"/>
                <Baseline points="248,933 285,933 323,933 361,933 399,933 437,933 474,932 512,932 550,932 588,932 626,932 663,932 701,932 739,933 777,933 815,933 852,933 890,933 928,935 966,935 1004,935"/>
                <TextEquiv>
                    <Unicode>tinuo exuperabit b. vmbram: &amp; tamen in eodem instan</Unicode>
                </TextEquiv>
            </TextLine>
            <TextLine id="r1l31" custom="readingOrder {index:14;}">
                <Coords points="249,986 1018,989 1005,941 249,944"/>
                <Baseline points="254,978 293,978 333,978 373,978 413,978 453,978 493,978 533,978 573,978 613,978 653,978 693,978 733,978 773,978 813,978 853,978 893,979 933,980 973,980 1013,981"/>
                <TextEquiv>
                    <Unicode>ti vtraque vmbra erit aeque cito extincta. &amp; pone si</Unicode>
                </TextEquiv>
            </TextLine>
            <TextLine id="r1l33" custom="readingOrder {index:15;}">
                <Coords points="247,1034 1019,1026 1019,990 247,986"/>
                <Baseline points="252,1023 290,1023 328,1022 366,1022 404,1022 442,1022 480,1022 518,1022 556,1023 594,1023 633,1023 671,1023 709,1023 747,1023 785,1023 823,1023 861,1022 899,1022 937,1022 975,1022 1014,1022"/>
                <TextEquiv>
                    <Unicode>libet Sortem &amp; Platonem continuo aequaliter mo-</Unicode>
                </TextEquiv>
            </TextLine>
            <TextLine id="r1l35" custom="readingOrder {index:16;}">
                <Coords points="240,1078 1010,1074 993,1032 240,1029"/>
                <Baseline points="245,1067 283,1065 321,1065 359,1065 397,1065 435,1065 473,1065 511,1065 549,1065 587,1065 625,1067 663,1067 701,1067 739,1067 777,1068 815,1068 853,1068 891,1068 929,1068 967,1068 1005,1067"/>
                <TextEquiv>
                    <Unicode>tos in vmbris secundum quod decrescunt, &amp; propor</Unicode>
                </TextEquiv>
            </TextLine>
            <TextLine id="r1l37" custom="readingOrder {index:17;}">
                <Coords points="240,1120 1007,1126 1007,1073 240,1079"/>
                <Baseline points="245,1110 282,1110 320,1110 358,1110 396,1110 434,1110 472,1110 509,1110 547,1110 585,1110 623,1110 661,1110 699,1110 737,1112 774,1112 812,1112 850,1112 888,1112 926,1112 964,1113 1002,1113"/>
                <TextEquiv>
                    <Unicode>tionabiliter merentes. At dicis. ascensus corporum</Unicode>
                </TextEquiv>
            </TextLine>
            <TextLine id="r1l39" custom="readingOrder {index:18;}">
                <Coords points="244,1165 1012,1172 1012,1124 244,1122"/>
                <Baseline points="249,1154 286,1154 324,1155 362,1155 400,1155 438,1155 476,1155 514,1155 552,1154 590,1154 628,1154 665,1154 703,1154 741,1154 779,1155 817,1155 855,1155 893,1155 931,1157 969,1157 1007,1158"/>
                <TextEquiv>
                    <Unicode>lucidorum ad xenith corporum opacorum aeque</Unicode>
                </TextEquiv>
            </TextLine>
            <TextLine id="r1l41" custom="readingOrder {index:19;}">
                <Coords points="256,1208 1007,1214 992,1163 256,1170"/>
                <Baseline points="261,1199 298,1199 335,1199 372,1199 409,1199 446,1199 483,1199 520,1199 557,1199 594,1199 631,1200 668,1200 705,1200 742,1200 779,1200 816,1200 853,1200 890,1200 927,1200 964,1202 1002,1202"/>
                <TextEquiv>
                    <Unicode>vmbras diminuit quantum est ex parte illorum,</Unicode>
                </TextEquiv>
            </TextLine>
            <TextLine id="r1l43" custom="readingOrder {index:20;}">
                <Coords points="246,1253 952,1259 1015,1250 1016,1221 247,1210"/>
                <Baseline points="251,1244 290,1244 330,1242 370,1242 410,1241 450,1241 490,1241 530,1242 570,1242 610,1242 650,1242 690,1242 730,1244 770,1244 810,1244 850,1245 890,1245 930,1245 970,1245 1010,1244"/>
                <TextEquiv>
                    <Unicode>&amp; sunt agentia naturalia: &amp; cum hic diminutio cor-</Unicode>
                </TextEquiv>
            </TextLine>
            <TextLine id="r1l45" custom="readingOrder {index:21;}">
                <Coords points="249,1305 997,1301 997,1252 249,1251"/>
                <Baseline points="254,1289 290,1288 327,1287 364,1287 401,1286 438,1286 475,1286 512,1286 549,1286 586,1287 623,1287 659,1287 696,1287 733,1289 770,1289 807,1289 844,1289 881,1290 918,1290 955,1290 992,1289"/>
                <TextEquiv>
                    <Unicode>poris opaci diminuat vmbram: vna vmbra citius</Unicode>
                </TextEquiv>
            </TextLine>
            <TextLine id="r1l47" custom="readingOrder {index:22;}">
                <Coords points="249,1343 1009,1345 1009,1305 923,1294 249,1306"/>
                <Baseline points="254,1332 291,1332 329,1331 366,1331 404,1331 441,1331 479,1331 516,1331 554,1331 591,1331 629,1331 666,1332 704,1332 741,1332 779,1332 816,1332 854,1334 891,1334 929,1334 966,1335 1004,1335"/>
                <TextEquiv>
                    <Unicode>euanescit quam alia. alioquin non semper aucta seu ma</Unicode>
                </TextEquiv>
            </TextLine>
            <TextLine id="r1l49" custom="readingOrder {index:23;}">
                <Coords points="243,1386 977,1391 998,1339 244,1340"/>
                <Baseline points="248,1376 285,1376 322,1376 359,1376 396,1376 434,1376 471,1376 508,1376 545,1376 582,1376 620,1376 657,1376 694,1376 731,1376 768,1376 806,1377 843,1377 880,1377 917,1378 954,1379 992,1380"/>
                <TextEquiv>
                    <Unicode>iorata causa / augebitur seu maiorabitur effectus. Net</Unicode>
                </TextEquiv>
            </TextLine>
            <TextLine id="r1l51" custom="readingOrder {index:24;}">
                <Coords points="250,1431 1009,1439 1010,1389 250,1389"/>
                <Baseline points="255,1421 292,1421 330,1421 367,1419 405,1419 442,1419 480,1419 517,1419 555,1419 592,1419 630,1421 667,1421 705,1421 742,1421 780,1421 817,1422 855,1422 892,1422 930,1422 967,1422 1005,1422"/>
                <TextEquiv>
                    <Unicode>luuat dicere quod ascensus corporis opaci prope aenith</Unicode>
                </TextEquiv>
            </TextLine>
            <TextLine id="r1l53" custom="readingOrder {index:25;}">
                <Coords points="247,1472 1013,1479 992,1430 247,1434"/>
                <Baseline points="252,1466 289,1466 327,1464 365,1464 403,1464 441,1463 478,1463 516,1463 554,1463 592,1464 630,1464 667,1464 705,1464 743,1464 781,1466 819,1466 856,1466 894,1466 932,1466 970,1466 1008,1466"/>
                <TextEquiv>
                    <Unicode>non tantum diminuet quantum vbi multum di-</Unicode>
                </TextEquiv>
            </TextLine>
            <TextLine id="r1l55" custom="readingOrder {index:26;}">
                <Coords points="253,1517 1004,1528 989,1475 253,1475"/>
                <Baseline points="258,1508 295,1508 332,1509 369,1509 406,1509 443,1509 480,1509 517,1509 554,1508 591,1508 628,1508 665,1508 702,1508 739,1508 776,1508 813,1509 850,1509 887,1509 924,1509 961,1511 999,1511"/>
                <TextEquiv>
                    <Unicode>stat. quia idem est ex parte ascensus corporum lu</Unicode>
                </TextEquiv>
            </TextLine>
            <TextLine id="r1l57" custom="readingOrder {index:27;}">
                <Coords points="240,1568 1006,1574 1006,1525 974,1516 240,1520"/>
                <Baseline points="245,1554 282,1554 320,1553 358,1553 396,1553 434,1553 471,1553 509,1553 547,1554 585,1554 623,1554 660,1554 698,1554 736,1556 774,1556 812,1556 849,1556 887,1556 925,1556 963,1556 1001,1557"/>
                <TextEquiv>
                    <Unicode>cidorum. Dicitur ad hoc in secunda distinctione pri</Unicode>
                </TextEquiv>
            </TextLine>
            <TextLine id="r1l59" custom="readingOrder {index:28;}">
                <Coords points="247,1606 326,1615 428,1605 479,1618 511,1605 534,1614 584,1607 584,1571 481,1558 450,1572 384,1561 342,1573 303,1564 247,1574"/>
                <Baseline points="252,1599 277,1599 302,1599 327,1599 352,1599 377,1599 402,1599 428,1599 453,1599 478,1599 503,1599 528,1599 553,1599 579,1599"/>
                <TextEquiv>
                    <Unicode>mi. quaestione prima.</Unicode>
                </TextEquiv>
            </TextLine>
            <TextLine id="r1l61" custom="readingOrder {index:29;}">
                <Coords points="253,1694 477,1668 604,1692 631,1665 697,1665 774,1694 1006,1697 1007,1612 253,1615"/>
                <Baseline points="258,1659 295,1659 332,1659 369,1659 406,1659 444,1659 481,1659 518,1658 555,1658 592,1658 630,1658 667,1658 704,1658 741,1658 778,1658 816,1658 853,1659 890,1661 927,1662 964,1663 1002,1665"/>
                <TextEquiv>
                    <Unicode>⁋ Distinctionis Quadragesimaesextae</Unicode>
                </TextEquiv>
            </TextLine>
            <TextLine id="r1l63" custom="readingOrder {index:30;}">
                <Coords points="414,1743 461,1747 475,1735 503,1747 599,1729 642,1749 693,1732 779,1743 805,1738 805,1698 751,1686 704,1698 641,1674 600,1692 552,1673 497,1695 413,1675"/>
                <Baseline points="419,1730 444,1728 469,1727 495,1726 520,1724 546,1724 571,1723 596,1722 622,1722 647,1722 673,1724 698,1724 723,1724 749,1725 774,1726 800,1727"/>
                <TextEquiv>
                    <Unicode>Quaestio Quinta.</Unicode>
                </TextEquiv>
            </TextLine>
            <TextLine id="r1l66" custom="readingOrder {index:31;}">
                <Coords points="582,1821 668,1816 763,1824 777,1837 833,1816 1003,1824 1003,1781 989,1777 911,1782 877,1768 854,1781 825,1757 769,1781 672,1761 656,1775 582,1745"/>
                <Baseline points="587,1809 612,1809 638,1809 664,1809 689,1809 715,1809 741,1809 766,1809 792,1809 818,1809 843,1809 869,1809 895,1809 920,1809 946,1809 972,1809 998,1809"/>
                <TextEquiv>
                    <Unicode>Biicitur quinto con</Unicode>
                </TextEquiv>
            </TextLine>
            <TextLine id="r1l68" custom="readingOrder {index:32;}">
                <Coords points="583,1867 627,1880 647,1866 667,1879 759,1866 1007,1868 1006,1831 982,1821 962,1831 870,1816 833,1831 795,1822 776,1836 763,1824 690,1836 663,1821 643,1834 582,1827"/>
                <Baseline points="588,1859 613,1860 639,1860 665,1860 691,1860 717,1860 743,1859 769,1859 795,1858 820,1857 846,1857 872,1857 898,1857 924,1857 950,1857 976,1857 1002,1857"/>
                <TextEquiv>
                    <Unicode>ra principale sic. dabile est ali-</Unicode>
                </TextEquiv>
            </TextLine>
            <TextLine id="r1l70" custom="readingOrder {index:33;}">
                <Coords points="579,1923 650,1911 697,1922 718,1909 817,1911 838,1924 919,1908 952,1919 1006,1912 1006,1869 857,1882 579,1871"/>
                <Baseline points="584,1905 610,1904 636,1902 662,1902 688,1902 714,1902 740,1902 766,1902 792,1903 818,1904 844,1904 870,1904 896,1904 922,1904 948,1904 974,1902 1001,1901"/>
                <TextEquiv>
                    <Unicode>quod peccatum pro quo deus</Unicode>
                </TextEquiv>
            </TextLine>
            <TextLine id="r1l72" custom="readingOrder {index:34;}">
                <Coords points="579,1959 987,1964 1003,1962 1004,1912 888,1925 802,1909 705,1925 580,1923"/>
                <Baseline points="585,1946 610,1946 636,1946 662,1946 688,1946 714,1947 740,1947 766,1947 792,1947 817,1947 843,1947 869,1947 895,1947 921,1947 947,1947 973,1949 999,1949"/>
                <TextEquiv>
                    <Unicode>non potest infligere poenan-</Unicode>
                </TextEquiv>
            </TextLine>
            <TextLine id="r1l74" custom="readingOrder {index:35;}">
                <Coords points="573,2009 832,1997 858,2010 888,1997 1007,2008 998,1961 573,1960"/>
                <Baseline points="578,1995 604,1994 631,1992 657,1992 684,1992 710,1991 737,1991 763,1991 790,1991 816,1992 843,1992 869,1992 896,1992 922,1992 949,1992 975,1994 1002,1994"/>
                <TextEquiv>
                    <Unicode>quod probatur. nam est aliqua poena</Unicode>
                </TextEquiv>
            </TextLine>
            <TextLine id="r1l76" custom="readingOrder {index:36;}">
                <Coords points="570,2048 1006,2049 1006,2008 989,2004 570,2009"/>
                <Baseline points="575,2036 600,2036 625,2036 650,2036 675,2036 700,2036 725,2036 750,2036 775,2036 800,2036 825,2036 850,2036 875,2036 900,2036 925,2036 950,2036 975,2036 1001,2036"/>
                <TextEquiv>
                    <Unicode>adeo parua vt non possit immu</Unicode>
                </TextEquiv>
            </TextLine>
            <TextLine id="r1l80" custom="readingOrder {index:37;}">
                <Coords points="564,2092 977,2096 1006,2091 1006,2050 964,2061 946,2048 842,2043 827,2055 687,2044 663,2058 564,2056"/>
                <Baseline points="569,2079 594,2079 619,2079 645,2079 670,2081 696,2081 721,2081 746,2081 772,2081 797,2081 823,2081 848,2081 873,2081 899,2081 924,2081 950,2081 975,2082 1001,2082"/>
                <TextEquiv>
                    <Unicode>tare voluntatem sine ope al-</Unicode>
                </TextEquiv>
            </TextLine>
            <TextLine id="r1l83" custom="readingOrder {index:38;}">
                <Coords points="240,2142 985,2140 1010,2134 1010,2090 240,2096"/>
                <Baseline points="245,2127 283,2127 321,2127 359,2127 397,2127 435,2127 473,2126 511,2126 549,2126 587,2126 625,2126 663,2126 701,2126 739,2126 777,2126 815,2126 853,2126 891,2126 929,2126 967,2127 1005,2127"/>
                <TextEquiv>
                    <Unicode>terius poenae. ostenditur hoc per minimum naturale</Unicode>
                </TextEquiv>
            </TextLine>
            <TextLine id="r1l85" custom="readingOrder {index:39;}">
                <Coords points="234,2185 1006,2184 1005,2142 963,2133 233,2135"/>
                <Baseline points="239,2174 277,2173 315,2172 353,2172 391,2172 429,2171 467,2171 505,2171 543,2171 581,2169 620,2169 658,2169 696,2169 734,2169 772,2169 810,2169 848,2169 886,2169 924,2169 962,2171 1001,2171"/>
                <TextEquiv>
                    <Unicode>secundum extensionem, non enim visus est vnquam elephas</Unicode>
                </TextEquiv>
            </TextLine>
            <TextLine id="r1l87" custom="readingOrder {index:40;}">
                <Coords points="247,2233 1010,2230 1010,2184 247,2189"/>
                <Baseline points="252,2216 289,2217 327,2217 364,2217 402,2216 440,2216 477,2216 515,2216 553,2214 590,2214 628,2214 666,2214 703,2213 741,2213 779,2213 816,2213 854,2213 892,2214 929,2214 967,2216 1005,2217"/>
                <TextEquiv>
                    <Unicode>vel equus ita paruus vt culex: vel formica: &amp; hoc</Unicode>
                </TextEquiv>
            </TextLine>
            <TextLine id="r1l89" custom="readingOrder {index:41;}">
                <Coords points="234,2272 1007,2271 1007,2229 898,2221 448,2239 234,2221"/>
                <Baseline points="239,2261 277,2261 315,2261 353,2261 391,2261 429,2261 467,2261 506,2261 544,2261 582,2259 620,2259 658,2259 696,2259 734,2259 773,2258 811,2258 849,2258 887,2258 925,2258 963,2259 1002,2259"/>
                <TextEquiv>
                    <Unicode>non nisi quia repugnat formae elephantis informa-</Unicode>
                </TextEquiv>
            </TextLine>
            <TextLine id="r1l91" custom="readingOrder {index:42;}">
                <Coords points="234,2314 994,2316 1004,2269 234,2272"/>
                <Baseline points="239,2306 277,2307 315,2307 353,2307 391,2306 429,2306 467,2306 505,2304 543,2304 581,2304 619,2303 657,2303 695,2303 733,2301 771,2301 809,2301 847,2301 885,2302 923,2303 961,2303 999,2304"/>
                <TextEquiv>
                    <Unicode>re tam paruam materiam seorsum vt est formica.</Unicode>
                </TextEquiv>
            </TextLine>
            <TextLine id="r1l93" custom="readingOrder {index:43;}">
                <Coords points="241,2366 1010,2365 1010,2322 931,2310 241,2316"/>
                <Baseline points="246,2351 285,2351 325,2349 365,2349 405,2349 445,2349 485,2348 525,2348 565,2348 605,2348 645,2346 685,2346 725,2346 765,2346 805,2346 845,2347 885,2348 925,2348 965,2349 1005,2349"/>
                <TextEquiv>
                    <Unicode>igitur. Forte dicis. datur minimum secundum ex</Unicode>
                </TextEquiv>
            </TextLine>
            <TextLine id="r1l95" custom="readingOrder {index:44;}">
                <Coords points="240,2406 1012,2402 1012,2367 847,2353 240,2366"/>
                <Baseline points="245,2394 283,2394 321,2394 359,2394 397,2394 435,2393 473,2393 511,2393 549,2393 587,2391 626,2391 664,2391 702,2391 740,2391 778,2391 816,2391 854,2391 892,2391 930,2393 968,2393 1007,2394"/>
                <TextEquiv>
                    <Unicode>tensionem &amp; non secundum intensionem. Contra hoc ar</Unicode>
                </TextEquiv>
            </TextLine>
            <TextLine id="r1l97" custom="readingOrder {index:45;}">
                <Coords points="241,2461 972,2450 1004,2445 1004,2403 240,2411"/>
                <Baseline points="245,2441 282,2441 320,2439 358,2439 395,2439 433,2439 471,2438 508,2438 546,2438 584,2436 622,2436 659,2436 697,2436 735,2436 772,2436 810,2435 848,2435 885,2435 923,2435 961,2435 999,2436"/>
                <TextEquiv>
                    <Unicode>guo. per te datur minimus calor secundum extensionem</Unicode>
                </TextEquiv>
            </TextLine>
            <TextLine id="r1l99" custom="readingOrder {index:46;}">
                <Coords points="241,2496 982,2496 1007,2494 1007,2453 241,2461"/>
                <Baseline points="246,2483 283,2483 321,2483 359,2483 397,2483 435,2481 472,2481 510,2481 548,2481 586,2481 624,2481 661,2481 699,2481 737,2480 775,2480 813,2480 850,2481 888,2481 926,2481 964,2481 1002,2481"/>
                <TextEquiv>
                    <Unicode>qui subito producitur. signetur ille &amp; sit a. per te a. subi</Unicode>
                </TextEquiv>
            </TextLine>
            <TextLine id="r1l101" custom="readingOrder {index:47;}">
                <Coords points="234,2536 1013,2536 997,2491 320,2491 278,2510 234,2491"/>
                <Baseline points="239,2528 277,2528 315,2527 354,2526 392,2526 431,2526 469,2526 508,2526 546,2525 585,2525 623,2525 661,2525 700,2525 738,2525 777,2525 815,2525 854,2525 892,2525 931,2525 969,2525 1008,2525"/>
                <TextEquiv>
                    <Unicode>to producitur: sit in hoc instanti. vel calor est alicuius</Unicode>
                </TextEquiv>
            </TextLine>
            <TextLine id="r1l103" custom="readingOrder {index:48;}">
                <Coords points="240,2587 1000,2583 1000,2544 973,2533 240,2536"/>
                <Baseline points="245,2571 282,2571 320,2571 357,2571 395,2571 432,2571 470,2570 507,2570 545,2570 582,2570 620,2570 657,2570 695,2570 732,2570 770,2570 807,2570 845,2570 882,2570 920,2570 957,2570 995,2570"/>
                <TextEquiv>
                    <Unicode>intensionis certae vt vnum, vel duo. ergo datur mini</Unicode>
                </TextEquiv>
            </TextLine>
            <TextLine id="r1l105" custom="readingOrder {index:49;}">
                <Coords points="247,2632 1007,2628 1007,2583 247,2592"/>
                <Baseline points="252,2615 289,2615 327,2616 364,2616 402,2616 439,2616 477,2616 514,2615 552,2615 589,2615 627,2614 664,2613 702,2613 739,2613 777,2613 814,2612 852,2613 889,2613 927,2613 964,2615 1002,2615"/>
                <TextEquiv>
                    <Unicode>mum secundum intensionem: si detur secundum</Unicode>
                </TextEquiv>
            </TextLine>
            <TextLine id="r1l107" custom="readingOrder {index:50;}">
                <Coords points="250,2668 917,2678 1004,2667 1004,2631 250,2636"/>
                <Baseline points="255,2660 292,2660 329,2661 366,2661 403,2661 441,2661 478,2661 515,2660 552,2660 589,2660 627,2660 664,2658 701,2658 738,2658 775,2658 813,2658 850,2658 887,2658 924,2658 961,2658 999,2660"/>
                <TextEquiv>
                    <Unicode>extensionem. quia si non detur minimum secun-</Unicode>
                </TextEquiv>
            </TextLine>
            <TextLine id="r1l109" custom="readingOrder {index:51;}">
                <Coords points="249,2713 1000,2722 994,2670 249,2668"/>
                <Baseline points="254,2705 291,2705 328,2705 365,2703 402,2703 439,2703 476,2703 513,2703 550,2703 587,2703 624,2703 661,2703 698,2703 735,2703 772,2703 809,2703 846,2703 883,2703 920,2703 957,2702 995,2702"/>
                <TextEquiv>
                    <Unicode>dum intensionem, quare producitur gradus vnus</Unicode>
                </TextEquiv>
            </TextLine>
            <TextLine id="r1l111" custom="readingOrder {index:52;}">
                <Coords points="246,2767 1001,2763 986,2718 246,2713"/>
                <Baseline points="251,2750 288,2750 325,2751 362,2751 400,2751 437,2751 474,2750 511,2750 549,2750 586,2750 623,2750 660,2750 698,2749 735,2748 772,2748 809,2748 847,2748 884,2750 921,2750 958,2750 996,2750"/>
                <TextEquiv>
                    <Unicode>cum dimidietas illius gradus sufficiat: si duo gra-</Unicode>
                </TextEquiv>
            </TextLine>
            <TextEquiv>
                <Unicode>adaequatum. Potest dari alia analogia quod non incon
uenit aliquid semper praecedere aliud in motu i me
rito / vel similibus, &amp; aequaliter esse in fine, de parti
bus aequinoctialis &amp; zxodiaci in materia de ortu si-
gnorum / vel de duabus vmbris. nam sint duae vm-
brae a. &amp; b. causatae a duobus corporibus opacis: &amp;
corpora lucida quae has vmbras causant ascendant.
vniformiter ad axenith corporum opacorum: sit vna
hora verbi causa, in instanti terminante horam vtrun-
quod corpus lucidum erit in aenith corporis opaci. &amp;
cum hoc ponatur quod vnum corpus opacum diminua
tur continuo ad paruam quantitatem, scilicet c. d. ma- 
nente vnifomiter: iam a. vmbra in paruitate con-
tinuo exuperabit b. vmbram: &amp; tamen in eodem instan
ti vtraque vmbra erit aeque cito extincta. &amp; pone si
libet Sortem &amp; Platonem continuo aequaliter mo-
tos in vmbris secundum quod decrescunt, &amp; propor
tionabiliter merentes. At dicis. ascensus corporum
lucidorum ad xenith corporum opacorum aeque
vmbras diminuit quantum est ex parte illorum,
&amp; sunt agentia naturalia: &amp; cum hic diminutio cor-
poris opaci diminuat vmbram: vna vmbra citius
euanescit quam alia. alioquin non semper aucta seu ma
iorata causa / augebitur seu maiorabitur effectus. Net
luuat dicere quod ascensus corporis opaci prope aenith
non tantum diminuet quantum vbi multum di-
stat. quia idem est ex parte ascensus corporum lu
cidorum. Dicitur ad hoc in secunda distinctione pri
mi. quaestione prima.
⁋ Distinctionis Quadragesimaesextae
Quaestio Quinta.
Biicitur quinto con
ra principale sic. dabile est ali-
quod peccatum pro quo deus
non potest infligere poenan-
quod probatur. nam est aliqua poena
adeo parua vt non possit immu
tare voluntatem sine ope al-
terius poenae. ostenditur hoc per minimum naturale
secundum extensionem, non enim visus est vnquam elephas
vel equus ita paruus vt culex: vel formica: &amp; hoc
non nisi quia repugnat formae elephantis informa-
re tam paruam materiam seorsum vt est formica.
igitur. Forte dicis. datur minimum secundum ex
tensionem &amp; non secundum intensionem. Contra hoc ar
guo. per te datur minimus calor secundum extensionem
qui subito producitur. signetur ille &amp; sit a. per te a. subi
to producitur: sit in hoc instanti. vel calor est alicuius
intensionis certae vt vnum, vel duo. ergo datur mini
mum secundum intensionem: si detur secundum
extensionem. quia si non detur minimum secun-
dum intensionem, quare producitur gradus vnus
cum dimidietas illius gradus sufficiat: si duo gra-</Unicode>
            </TextEquiv>
        </TextRegion>
        <TextRegion orientation="0.0" id="TextRegion_1592265232701_671" custom="readingOrder {index:1;}">
            <Coords points="1045,260 1863,260 1863,2817 1045,2817"/>
            <TextLine id="r1l2" custom="readingOrder {index:0;}">
                <Coords points="1098,364 1865,369 1866,303 1537,329 1098,310"/>
                <Baseline points="1103,354 1140,354 1178,356 1216,356 1254,356 1292,356 1330,356 1367,356 1405,356 1443,356 1481,356 1519,356 1557,356 1595,356 1632,356 1670,356 1708,356 1746,356 1784,356 1822,357 1860,357"/>
                <TextEquiv>
                    <Unicode>dus producantur subito / quare non solum vnus</Unicode>
                </TextEquiv>
            </TextLine>
            <TextLine id="r1l4" custom="readingOrder {index:1;}">
                <Coords points="1108,421 1867,411 1867,369 1108,372"/>
                <Baseline points="1113,401 1150,401 1187,401 1225,401 1262,401 1300,401 1337,401 1375,401 1412,401 1450,401 1487,401 1524,401 1562,401 1599,401 1637,401 1674,401 1712,401 1749,401 1787,401 1824,401 1862,402"/>
                <TextEquiv>
                    <Unicode>gradus producitur in instanti, cum non detur mi-</Unicode>
                </TextEquiv>
            </TextLine>
            <TextLine id="r1l6" custom="readingOrder {index:2;}">
                <Coords points="1108,453 1699,467 1865,455 1865,412 1108,419"/>
                <Baseline points="1113,441 1150,443 1187,444 1225,444 1262,446 1299,446 1337,446 1374,446 1411,446 1449,446 1486,446 1523,446 1561,446 1598,446 1635,446 1673,446 1710,446 1747,446 1785,447 1822,447 1860,447"/>
                <TextEquiv>
                    <Unicode>nimum naturale caloris vel alterius qualitatis se</Unicode>
                </TextEquiv>
            </TextLine>
            <TextLine id="r1l8" custom="readingOrder {index:3;}">
                <Coords points="1099,501 1865,498 1853,455 1099,451"/>
                <Baseline points="1104,488 1141,488 1179,489 1217,489 1255,489 1293,489 1330,489 1368,489 1406,489 1444,489 1482,489 1519,489 1557,488 1595,488 1633,488 1671,488 1708,488 1746,489 1784,489 1822,489 1860,491"/>
                <TextEquiv>
                    <Unicode>cundum intensionem per te: &amp; quare non producitur</Unicode>
                </TextEquiv>
            </TextLine>
            <TextLine id="r1l10" custom="readingOrder {index:4;}">
                <Coords points="1108,548 1865,543 1865,507 1809,495 1108,501"/>
                <Baseline points="1113,533 1150,533 1187,534 1225,534 1262,534 1299,534 1337,534 1374,534 1411,533 1449,533 1486,533 1523,533 1561,533 1598,533 1635,533 1673,534 1710,534 1747,534 1785,534 1822,536 1860,536"/>
                <TextEquiv>
                    <Unicode>vnus gradus in quolibet instanti sequente sicut</Unicode>
                </TextEquiv>
            </TextLine>
            <TextLine id="r1l12" custom="readingOrder {index:5;}">
                <Coords points="1111,595 1858,590 1858,544 1111,547"/>
                <Baseline points="1116,578 1152,578 1189,578 1226,578 1263,578 1300,578 1337,579 1373,579 1410,579 1447,579 1484,579 1521,579 1558,579 1595,578 1631,578 1668,578 1705,578 1742,578 1779,578 1816,579 1853,579"/>
                <TextEquiv>
                    <Unicode>vnus gradus supra partem gradus sufficientis ad</Unicode>
                </TextEquiv>
            </TextLine>
            <TextLine id="r1l14" custom="readingOrder {index:6;}">
                <Coords points="1105,632 1859,633 1859,591 1105,595"/>
                <Baseline points="1110,620 1147,620 1184,621 1221,621 1258,621 1296,621 1333,621 1370,621 1407,621 1444,621 1482,621 1519,623 1556,623 1593,623 1630,623 1668,623 1705,623 1742,623 1779,623 1816,623 1854,623"/>
                <TextEquiv>
                    <Unicode>extensionem minimi naturalis? ⁋ Hic dicit Gra</Unicode>
                </TextEquiv>
            </TextLine>
            <TextLine id="r1l16" custom="readingOrder {index:7;}">
                <Coords points="1098,692 1138,670 1823,683 1864,675 1864,632 1098,635"/>
                <Baseline points="1103,666 1140,666 1178,666 1216,666 1254,666 1292,666 1329,666 1367,666 1405,666 1443,666 1481,666 1518,666 1556,666 1594,666 1632,666 1670,666 1707,666 1745,666 1783,666 1821,668 1859,668"/>
                <TextEquiv>
                    <Unicode>go. in. xvii. distinctione primi quod non datur remis</Unicode>
                </TextEquiv>
            </TextLine>
            <TextLine id="r1l18" custom="readingOrder {index:8;}">
                <Coords points="1099,721 1846,725 1868,721 1868,676 1099,680"/>
                <Baseline points="1104,710 1143,710 1183,711 1223,711 1263,711 1303,711 1343,711 1383,711 1423,710 1463,710 1503,710 1543,710 1583,710 1623,710 1663,710 1703,711 1743,711 1783,711 1823,711 1863,713"/>
                <TextEquiv>
                    <Unicode>sissima forma: bene tamen minimum naturale se</Unicode>
                </TextEquiv>
            </TextLine>
            <TextLine id="r1l20" custom="readingOrder {index:9;}">
                <Coords points="1096,764 1868,766 1868,721 1096,721"/>
                <Baseline points="1101,752 1139,753 1177,755 1215,755 1253,756 1291,756 1329,756 1367,756 1405,756 1443,756 1482,756 1520,756 1558,756 1596,755 1634,755 1672,755 1710,755 1748,756 1786,756 1824,757 1863,758"/>
                <TextEquiv>
                    <Unicode>cundum extensionem, vel maximum quod non, quod</Unicode>
                </TextEquiv>
            </TextLine>
            <TextLine id="r1l22" custom="readingOrder {index:10;}">
                <Coords points="1105,806 1862,808 1834,757 1699,778 1105,767"/>
                <Baseline points="1110,797 1147,798 1184,798 1222,800 1259,800 1296,800 1334,800 1371,800 1408,800 1446,800 1483,800 1520,800 1558,800 1595,800 1632,800 1670,800 1707,800 1744,800 1782,800 1819,801 1857,801"/>
                <TextEquiv>
                    <Unicode>potius dicit. Primum probat per lumen quod produ </Unicode>
                </TextEquiv>
            </TextLine>
            <TextLine id="r1l24" custom="readingOrder {index:11;}">
                <Coords points="1099,850 1844,857 1859,808 1099,818"/>
                <Baseline points="1104,842 1141,842 1179,843 1216,843 1254,843 1291,843 1329,845 1366,845 1404,845 1441,845 1479,845 1516,843 1554,843 1591,843 1629,843 1666,843 1704,843 1741,843 1779,843 1816,843 1854,845"/>
                <TextEquiv>
                    <Unicode>citur a corpore luminoso. quia non datur remissis</Unicode>
                </TextEquiv>
            </TextLine>
            <TextLine id="r1l26" custom="readingOrder {index:12;}">
                <Coords points="1096,899 1868,895 1868,860 1732,846 1278,867 1096,848"/>
                <Baseline points="1101,887 1139,887 1177,888 1215,888 1253,888 1291,888 1329,888 1367,888 1405,888 1443,888 1482,888 1520,888 1558,888 1596,888 1634,888 1672,888 1710,888 1748,888 1786,889 1824,890 1863,890"/>
                <TextEquiv>
                    <Unicode>simum lumen illius corporis: immo in infinitum</Unicode>
                </TextEquiv>
            </TextLine>
            <TextLine id="r1l29" custom="readingOrder {index:13;}">
                <Coords points="1092,944 1850,942 1850,897 1831,895 1092,897"/>
                <Baseline points="1097,930 1134,931 1171,932 1209,932 1246,932 1284,933 1321,933 1358,933 1396,933 1433,933 1471,932 1508,932 1545,932 1583,932 1620,932 1658,932 1695,932 1732,932 1770,933 1807,933 1845,933"/>
                <TextEquiv>
                    <Unicode>remissum est lumen illius corporis. Contra hoc obi</Unicode>
                </TextEquiv>
            </TextLine>
            <TextLine id="r1l30" custom="readingOrder {index:14;}">
                <Coords points="1099,982 1784,999 1865,985 1866,944 1100,951"/>
                <Baseline points="1104,974 1141,975 1179,975 1217,977 1255,977 1293,977 1330,978 1368,978 1406,977 1444,977 1482,977 1519,977 1557,977 1595,977 1633,977 1671,977 1708,977 1746,977 1784,977 1822,978 1860,980"/>
                <TextEquiv>
                    <Unicode>cio. illud lumen non est extra suum totum: ergo ni</Unicode>
                </TextEquiv>
            </TextLine>
            <TextLine id="r1l32" custom="readingOrder {index:15;}">
                <Coords points="1095,1029 1726,1042 1862,1034 1863,986 1096,982"/>
                <Baseline points="1100,1019 1137,1019 1175,1020 1213,1021 1251,1022 1289,1022 1327,1022 1364,1022 1402,1022 1440,1022 1478,1022 1516,1022 1554,1022 1592,1022 1629,1022 1667,1022 1705,1022 1743,1022 1781,1022 1819,1022 1857,1022"/>
                <TextEquiv>
                    <Unicode>hil est illud. Dicis. licet continuetur aliis partibus</Unicode>
                </TextEquiv>
            </TextLine>
            <TextLine id="r1l34" custom="readingOrder {index:16;}">
                <Coords points="1099,1077 1732,1088 1858,1077 1858,1031 1099,1034"/>
                <Baseline points="1104,1062 1141,1064 1178,1064 1216,1065 1253,1065 1291,1065 1328,1065 1366,1065 1403,1065 1441,1065 1478,1065 1515,1065 1553,1065 1590,1065 1628,1065 1665,1065 1703,1065 1740,1065 1778,1067 1815,1067 1853,1068"/>
                <TextEquiv>
                    <Unicode>prioribus: non tamen est inisubiecto adaequato cum</Unicode>
                </TextEquiv>
            </TextLine>
            <TextLine id="r1l36" custom="readingOrder {index:17;}">
                <Coords points="1096,1115 1861,1119 1861,1083 1773,1077 1096,1080"/>
                <Baseline points="1101,1107 1138,1107 1176,1109 1214,1109 1252,1110 1289,1110 1327,1110 1365,1110 1403,1110 1440,1110 1478,1110 1516,1110 1554,1110 1591,1110 1629,1110 1667,1110 1705,1110 1742,1111 1780,1112 1818,1112 1856,1113"/>
                <TextEquiv>
                    <Unicode>aliis. Insto. propterea non debes concludere propo</Unicode>
                </TextEquiv>
            </TextLine>
            <TextLine id="r1l38" custom="readingOrder {index:18;}">
                <Coords points="1089,1163 1852,1166 1852,1131 1799,1117 1529,1136 1089,1119"/>
                <Baseline points="1094,1152 1131,1152 1169,1154 1206,1154 1244,1154 1282,1154 1319,1155 1357,1155 1395,1155 1432,1155 1470,1155 1508,1155 1545,1155 1583,1154 1621,1154 1658,1154 1696,1154 1734,1154 1771,1154 1809,1155 1847,1155"/>
                <TextEquiv>
                    <Unicode>situm. sed istud prouenit quia corpus luminosum</Unicode>
                </TextEquiv>
            </TextLine>
            <TextLine id="r1l40" custom="readingOrder {index:19;}">
                <Coords points="1089,1203 1858,1210 1858,1167 1824,1162 1090,1162"/>
                <Baseline points="1094,1196 1133,1196 1173,1196 1213,1196 1253,1196 1293,1196 1333,1197 1373,1197 1413,1197 1453,1197 1493,1197 1533,1197 1573,1199 1613,1199 1653,1199 1693,1199 1733,1199 1773,1199 1813,1199 1853,1200"/>
                <TextEquiv>
                    <Unicode>distans producit remissius lumen quam propinquum:</Unicode>
                </TextEquiv>
            </TextLine>
            <TextLine id="r1l42" custom="readingOrder {index:20;}">
                <Coords points="1090,1251 1849,1263 1849,1210 1817,1205 1452,1226 1392,1205 1090,1207"/>
                <Baseline points="1095,1241 1132,1242 1169,1242 1207,1242 1244,1242 1282,1242 1319,1242 1357,1241 1394,1241 1432,1241 1469,1241 1506,1241 1544,1241 1581,1241 1619,1242 1656,1242 1694,1242 1731,1243 1769,1244 1806,1244 1844,1245"/>
                <TextEquiv>
                    <Unicode>&amp; si maneret in illo situ corpus luminosum / nunquam</Unicode>
                </TextEquiv>
            </TextLine>
            <TextLine id="r1l44" custom="readingOrder {index:21;}">
                <Coords points="1087,1294 1850,1294 1850,1262 1815,1253 1087,1253"/>
                <Baseline points="1092,1281 1129,1283 1167,1284 1204,1286 1242,1286 1280,1286 1317,1287 1355,1287 1393,1287 1430,1286 1468,1286 1506,1286 1543,1286 1581,1286 1619,1286 1656,1286 1694,1287 1732,1287 1769,1289 1807,1290 1845,1292"/>
                <TextEquiv>
                    <Unicode>amplius produceret. quare illud conuenit. sed secus</Unicode>
                </TextEquiv>
            </TextLine>
            <TextLine id="r1l46" custom="readingOrder {index:22;}">
                <Coords points="1081,1335 1856,1345 1839,1296 1081,1304"/>
                <Baseline points="1086,1329 1124,1330 1162,1331 1200,1331 1239,1331 1277,1332 1315,1332 1353,1332 1392,1332 1430,1332 1468,1332 1506,1331 1545,1331 1583,1332 1621,1332 1659,1332 1698,1332 1736,1333 1774,1334 1812,1335 1851,1335"/>
                <TextEquiv>
                    <Unicode>est de calore producto prope corpus calefactiuum.</Unicode>
                </TextEquiv>
            </TextLine>
            <TextLine id="r1l48" custom="readingOrder {index:23;}">
                <Coords points="1087,1388 1861,1391 1861,1345 1831,1340 1087,1344"/>
                <Baseline points="1092,1373 1130,1374 1168,1374 1206,1374 1244,1374 1283,1376 1321,1376 1359,1376 1397,1374 1435,1374 1474,1374 1512,1374 1550,1374 1588,1374 1626,1376 1665,1376 1703,1376 1741,1377 1779,1377 1817,1379 1856,1380"/>
                <TextEquiv>
                    <Unicode>cum enim successiue producat / quare produxit du</Unicode>
                </TextEquiv>
            </TextLine>
            <TextLine id="r1l50" custom="readingOrder {index:24;}">
                <Coords points="1095,1430 1856,1443 1856,1396 1825,1385 1095,1392"/>
                <Baseline points="1100,1419 1137,1419 1175,1419 1212,1419 1250,1419 1287,1419 1325,1419 1362,1419 1400,1418 1437,1418 1475,1418 1513,1418 1550,1418 1588,1418 1625,1418 1663,1419 1700,1419 1738,1421 1775,1421 1813,1422 1851,1424"/>
                <TextEquiv>
                    <Unicode>os gradus secundum intensionem vel vnum pro</Unicode>
                </TextEquiv>
            </TextLine>
            <TextLine id="r1l52" custom="readingOrder {index:25;}">
                <Coords points="1079,1480 1858,1477 1865,1444 1080,1432"/>
                <Baseline points="1085,1464 1123,1464 1162,1464 1201,1464 1240,1464 1278,1464 1317,1463 1356,1463 1395,1463 1433,1463 1472,1463 1511,1463 1550,1463 1588,1464 1627,1464 1666,1464 1705,1464 1743,1466 1782,1466 1821,1467 1860,1467"/>
                <TextEquiv>
                    <Unicode>pe agens si non detur minimum secundum inten</Unicode>
                </TextEquiv>
            </TextLine>
            <TextLine id="r1l54" custom="readingOrder {index:26;}">
                <Coords points="1086,1522 1842,1525 1849,1475 1086,1478"/>
                <Baseline points="1091,1506 1128,1506 1166,1506 1203,1506 1241,1508 1279,1508 1316,1508 1354,1508 1392,1508 1429,1508 1467,1508 1505,1508 1542,1508 1580,1508 1618,1508 1655,1508 1693,1509 1731,1509 1768,1509 1806,1509 1844,1511"/>
                <TextEquiv>
                    <Unicode>sionem: Vnum quidem est rationabile quod tenet</Unicode>
                </TextEquiv>
            </TextLine>
            <TextLine id="r1l56" custom="readingOrder {index:27;}">
                <Coords points="1081,1564 1812,1576 1852,1565 1852,1522 1081,1524"/>
                <Baseline points="1086,1551 1124,1551 1162,1551 1200,1551 1238,1551 1276,1553 1314,1553 1352,1553 1390,1551 1428,1551 1466,1551 1504,1551 1542,1553 1580,1553 1618,1553 1656,1553 1694,1553 1732,1554 1770,1554 1808,1556 1847,1557"/>
                <TextEquiv>
                    <Unicode>commentator. viii. physicorum commento. lxii. &amp; pri</Unicode>
                </TextEquiv>
            </TextLine>
            <TextLine id="r1l58" custom="readingOrder {index:28;}">
                <Coords points="1078,1604 1846,1606 1846,1573 1798,1562 1078,1567"/>
                <Baseline points="1083,1595 1120,1596 1158,1597 1196,1598 1234,1598 1272,1599 1310,1599 1348,1599 1386,1599 1424,1598 1462,1598 1499,1598 1537,1598 1575,1598 1613,1596 1651,1596 1689,1596 1727,1596 1765,1598 1803,1598 1841,1599"/>
                <TextEquiv>
                    <Unicode>mo Caeli, commento. ii. quod scilicet detur minimum na</Unicode>
                </TextEquiv>
            </TextLine>
            <TextLine id="r1l60" custom="readingOrder {index:29;}">
                <Coords points="1080,1646 1856,1656 1840,1606 1080,1605"/>
                <Baseline points="1085,1641 1123,1641 1161,1640 1199,1640 1238,1640 1276,1640 1314,1640 1353,1641 1391,1641 1429,1641 1468,1641 1506,1641 1544,1641 1582,1643 1621,1643 1659,1643 1697,1643 1736,1643 1774,1643 1812,1643 1851,1643"/>
                <TextEquiv>
                    <Unicode>turale secundum extensionem. &amp; apparet quod eodem</Unicode>
                </TextEquiv>
            </TextLine>
            <TextLine id="r1l62" custom="readingOrder {index:30;}">
                <Coords points="1093,1696 1862,1700 1862,1654 1093,1648"/>
                <Baseline points="1098,1685 1137,1685 1177,1686 1217,1686 1257,1686 1297,1686 1337,1686 1377,1686 1417,1686 1457,1686 1497,1686 1537,1686 1577,1686 1617,1686 1657,1686 1697,1686 1737,1686 1777,1686 1817,1686 1857,1686"/>
                <TextEquiv>
                    <Unicode>modo debet dici secundum intensionem. Rursus</Unicode>
                </TextEquiv>
            </TextLine>
            <TextLine id="r1l64" custom="readingOrder {index:31;}">
                <Coords points="1077,1738 1858,1744 1858,1699 1828,1696 1077,1698"/>
                <Baseline points="1082,1730 1120,1730 1159,1730 1197,1730 1236,1730 1274,1731 1313,1731 1351,1731 1390,1731 1428,1731 1467,1731 1506,1731 1544,1731 1583,1730 1621,1730 1660,1730 1698,1730 1737,1730 1775,1730 1814,1731 1853,1731"/>
                <TextEquiv>
                    <Unicode>non valet quid dicit: quod rationabilius est dare maxi-</Unicode>
                </TextEquiv>
            </TextLine>
            <TextLine id="r1l65" custom="readingOrder {index:32;}">
                <Coords points="1081,1780 1849,1788 1849,1752 1801,1739 1081,1743"/>
                <Baseline points="1086,1772 1123,1773 1161,1774 1199,1775 1237,1776 1275,1776 1313,1776 1351,1776 1389,1776 1427,1776 1465,1776 1502,1776 1540,1775 1578,1775 1616,1775 1654,1775 1692,1776 1730,1776 1768,1776 1806,1778 1844,1779"/>
                <TextEquiv>
                    <Unicode>mum quod non potest per se existere: quia illud non po</Unicode>
                </TextEquiv>
            </TextLine>
            <TextLine id="r1l67" custom="readingOrder {index:33;}">
                <Coords points="1081,1827 1811,1840 1846,1832 1847,1795 1082,1780"/>
                <Baseline points="1086,1817 1123,1817 1161,1818 1199,1818 1237,1818 1274,1818 1312,1818 1350,1818 1388,1818 1425,1818 1463,1818 1501,1818 1539,1818 1576,1818 1614,1818 1652,1818 1690,1818 1727,1818 1765,1820 1803,1820 1841,1821"/>
                <TextEquiv>
                    <Unicode>test per se existere vt constat intelligenti terminos:</Unicode>
                </TextEquiv>
            </TextLine>
            <TextLine id="r1l69" custom="readingOrder {index:34;}">
                <Coords points="1087,1876 1843,1873 1832,1830 1087,1826"/>
                <Baseline points="1092,1862 1129,1862 1166,1863 1203,1863 1241,1863 1278,1863 1315,1863 1353,1863 1390,1863 1427,1863 1465,1863 1502,1863 1539,1863 1576,1863 1614,1863 1651,1863 1688,1863 1726,1865 1763,1865 1800,1865 1838,1866"/>
                <TextEquiv>
                    <Unicode>&amp; sit maximum quod non / ignis gratia exempli: pe</Unicode>
                </TextEquiv>
            </TextLine>
            <TextLine id="r1l71" custom="readingOrder {index:35;}">
                <Coords points="1084,1922 1850,1923 1850,1885 1788,1875 1084,1878"/>
                <Baseline points="1089,1907 1126,1907 1164,1907 1202,1907 1240,1907 1278,1907 1315,1907 1353,1907 1391,1907 1429,1907 1467,1907 1504,1907 1542,1907 1580,1908 1618,1908 1656,1908 1693,1908 1731,1908 1769,1908 1807,1910 1845,1910"/>
                <TextEquiv>
                    <Unicode>dale illud non producitur subito sine addito: &amp; na</Unicode>
                </TextEquiv>
            </TextLine>
            <TextLine id="r1l73" custom="readingOrder {index:36;}">
                <Coords points="1090,1961 1847,1970 1847,1926 1762,1913 1624,1933 1090,1925"/>
                <Baseline points="1095,1949 1132,1950 1169,1950 1207,1952 1244,1952 1281,1952 1319,1952 1356,1953 1393,1953 1431,1953 1468,1953 1505,1953 1543,1952 1580,1952 1617,1953 1655,1953 1692,1953 1729,1953 1767,1953 1804,1955 1842,1955"/>
                <TextEquiv>
                    <Unicode>turaliter non potest esse seorsum. quare comprodu</Unicode>
                </TextEquiv>
            </TextLine>
            <TextLine id="r1l75" custom="readingOrder {index:37;}">
                <Coords points="1074,2008 1847,2007 1847,1970 1805,1960 1074,1961"/>
                <Baseline points="1079,1995 1117,1995 1155,1995 1193,1997 1231,1997 1269,1997 1307,1997 1346,1997 1384,1997 1422,1997 1460,1997 1498,1997 1536,1997 1574,1997 1613,1997 1651,1997 1689,1997 1727,1997 1765,1998 1803,1998 1842,1998"/>
                <TextEquiv>
                    <Unicode>citur octaua pars pedis vltra / vel septima vel alia</Unicode>
                </TextEquiv>
            </TextLine>
            <TextLine id="r1l77" custom="readingOrder {index:38;}">
                <Coords points="1080,2060 1439,2045 1749,2065 1846,2053 1846,2007 1080,2013"/>
                <Baseline points="1085,2040 1122,2040 1160,2040 1198,2040 1236,2040 1274,2040 1311,2040 1349,2042 1387,2042 1425,2042 1463,2042 1500,2042 1538,2042 1576,2043 1614,2043 1652,2043 1689,2043 1727,2043 1765,2043 1803,2043 1841,2043"/>
                <TextEquiv>
                    <Unicode>pars in instanti. si vna octau a pars pedis producitur</Unicode>
                </TextEquiv>
            </TextLine>
            <TextLine id="r1l82" custom="readingOrder {index:39;}">
                <Coords points="1089,2093 1844,2098 1844,2058 1822,2053 1090,2053"/>
                <Baseline points="1094,2085 1131,2085 1168,2084 1205,2084 1243,2084 1280,2084 1317,2084 1354,2085 1392,2085 1429,2085 1466,2085 1503,2085 1541,2087 1578,2087 1615,2087 1652,2087 1690,2087 1727,2088 1764,2088 1801,2088 1839,2087"/>
                <TextEquiv>
                    <Unicode>cum illa pedalitate in instanti: quare producitur vna sexta</Unicode>
                </TextEquiv>
            </TextLine>
            <TextLine id="r1l84" custom="readingOrder {index:40;}">
                <Coords points="1078,2136 1856,2140 1856,2094 1078,2098"/>
                <Baseline points="1083,2127 1121,2127 1159,2129 1198,2129 1236,2129 1275,2129 1313,2130 1351,2130 1390,2130 1428,2130 1467,2130 1505,2129 1543,2129 1582,2129 1620,2129 1659,2129 1697,2130 1735,2130 1774,2130 1812,2130 1851,2132"/>
                <TextEquiv>
                    <Unicode>decima pars pedis puta dimidietas illius excessus in</Unicode>
                </TextEquiv>
            </TextLine>
            <TextLine id="r1l86" custom="readingOrder {index:41;}">
                <Coords points="1074,2181 1331,2180 1359,2200 1406,2181 1846,2184 1838,2138 1074,2140"/>
                <Baseline points="1079,2174 1117,2174 1155,2172 1193,2174 1231,2174 1269,2174 1307,2174 1345,2174 1383,2174 1421,2174 1460,2174 1498,2174 1536,2175 1574,2175 1612,2175 1650,2175 1688,2175 1726,2175 1764,2175 1802,2174 1841,2174"/>
                <TextEquiv>
                    <Unicode>illo instanti citius quam alia tanta pars in instanti sequen</Unicode>
                </TextEquiv>
            </TextLine>
            <TextLine id="r1l88" custom="readingOrder {index:42;}">
                <Coords points="1081,2235 1850,2238 1850,2183 1081,2189"/>
                <Baseline points="1086,2216 1125,2216 1165,2217 1205,2217 1245,2217 1285,2217 1325,2217 1365,2219 1405,2219 1445,2219 1485,2219 1525,2219 1565,2219 1605,2219 1645,2219 1685,2219 1725,2219 1765,2219 1805,2219 1845,2219"/>
                <TextEquiv>
                    <Unicode>ti? propter ea non est satius dare maximum quod </Unicode>
                </TextEquiv>
            </TextLine>
            <TextLine id="r1l90" custom="readingOrder {index:43;}">
                <Coords points="1075,2271 1838,2273 1819,2226 1075,2237"/>
                <Baseline points="1080,2261 1117,2261 1155,2262 1192,2262 1230,2262 1268,2262 1305,2262 1343,2262 1381,2264 1418,2264 1456,2264 1494,2264 1531,2264 1569,2264 1607,2264 1644,2264 1682,2264 1720,2264 1757,2264 1795,2264 1833,2262"/>
                <TextEquiv>
                    <Unicode>non: sicut putat. &amp; id sine proteruia defendi nequit.</Unicode>
                </TextEquiv>
            </TextLine>
            <TextLine id="r1l92" custom="readingOrder {index:44;}">
                <Coords points="1074,2317 1850,2319 1850,2278 1827,2271 1074,2272"/>
                <Baseline points="1079,2306 1117,2306 1155,2307 1193,2307 1232,2307 1270,2307 1308,2307 1347,2307 1385,2307 1423,2307 1462,2307 1500,2307 1538,2307 1576,2307 1615,2307 1653,2307 1691,2307 1730,2307 1768,2307 1806,2308 1845,2309"/>
                <TextEquiv>
                    <Unicode>sed cum commentatore dicendum est: vel negan</Unicode>
                </TextEquiv>
            </TextLine>
            <TextLine id="r1l94" custom="readingOrder {index:45;}">
                <Coords points="1075,2361 1853,2365 1840,2318 1075,2324"/>
                <Baseline points="1080,2349 1118,2351 1156,2351 1195,2352 1233,2352 1272,2352 1310,2352 1348,2352 1387,2352 1425,2352 1464,2352 1502,2352 1540,2352 1579,2352 1617,2352 1656,2352 1694,2352 1732,2352 1771,2352 1809,2353 1848,2354"/>
                <TextEquiv>
                    <Unicode>dum minimum naturale. ⁋ lstis suppositis argui</Unicode>
                </TextEquiv>
            </TextLine>
            <TextLine id="r1l96" custom="readingOrder {index:46;}">
                <Coords points="1078,2402 1840,2408 1840,2365 1731,2359 1078,2367"/>
                <Baseline points="1083,2393 1120,2394 1158,2394 1195,2395 1233,2396 1271,2396 1308,2396 1346,2396 1383,2396 1421,2396 1459,2396 1496,2396 1534,2396 1571,2394 1609,2394 1647,2394 1684,2395 1722,2396 1759,2396 1797,2396 1835,2397"/>
                <TextEquiv>
                    <Unicode>tur sic. datur remississimum formae corporalis: ergo</Unicode>
                </TextEquiv>
            </TextLine>
            <TextLine id="r1l98" custom="readingOrder {index:47;}">
                <Coords points="1074,2453 1803,2455 1840,2447 1840,2409 1074,2412"/>
                <Baseline points="1079,2439 1116,2439 1154,2439 1192,2439 1230,2439 1268,2439 1305,2439 1343,2439 1381,2439 1419,2438 1457,2438 1494,2438 1532,2438 1570,2439 1608,2439 1646,2439 1683,2439 1721,2439 1759,2441 1797,2441 1835,2442"/>
                <TextEquiv>
                    <Unicode>non debet negari in formis spiritualibus. Insuper</Unicode>
                </TextEquiv>
            </TextLine>
            <TextLine id="r1l100" custom="readingOrder {index:48;}">
                <Coords points="1083,2494 1853,2488 1853,2456 1811,2448 1083,2446"/>
                <Baseline points="1088,2483 1126,2483 1164,2484 1202,2484 1240,2484 1278,2484 1316,2484 1354,2484 1392,2483 1430,2483 1468,2483 1506,2483 1544,2483 1582,2483 1620,2483 1658,2483 1696,2484 1734,2484 1772,2484 1810,2484 1848,2484"/>
                <TextEquiv>
                    <Unicode>datur intensissimus actus quem anima potest ha-</Unicode>
                </TextEquiv>
            </TextLine>
            <TextLine id="r1l102" custom="readingOrder {index:49;}">
                <Coords points="1080,2537 1855,2532 1855,2504 1798,2492 1080,2493"/>
                <Baseline points="1085,2529 1123,2529 1161,2529 1199,2528 1238,2528 1276,2528 1314,2528 1352,2528 1391,2528 1429,2528 1467,2528 1505,2528 1544,2528 1582,2528 1620,2528 1658,2528 1697,2529 1735,2529 1773,2529 1811,2529 1850,2528"/>
                <TextEquiv>
                    <Unicode>bere: ergo &amp; remississimus. Probatur consequentia:</Unicode>
                </TextEquiv>
            </TextLine>
            <TextLine id="r1l104" custom="readingOrder {index:50;}">
                <Coords points="1092,2593 1771,2589 1844,2583 1844,2539 1092,2549"/>
                <Baseline points="1097,2574 1134,2573 1171,2573 1208,2573 1245,2572 1282,2571 1319,2571 1356,2571 1393,2571 1430,2571 1468,2571 1505,2571 1542,2571 1579,2571 1616,2571 1653,2571 1690,2571 1727,2571 1764,2571 1801,2573 1839,2573"/>
                <TextEquiv>
                    <Unicode>quia si vnum contrariorum sit in rerum natura &amp;</Unicode>
                </TextEquiv>
            </TextLine>
            <TextLine id="r1l106" custom="readingOrder {index:51;}">
                <Coords points="1081,2623 1844,2638 1844,2596 1719,2578 1081,2591"/>
                <Baseline points="1086,2615 1123,2616 1161,2616 1198,2616 1236,2616 1274,2616 1311,2616 1349,2618 1387,2618 1424,2618 1462,2618 1500,2618 1537,2618 1575,2618 1613,2618 1650,2618 1688,2619 1726,2619 1763,2619 1801,2620 1839,2621"/>
                <TextEquiv>
                    <Unicode>reliquum. lstae rationes non concludunt. Ad primam dicitur quod</Unicode>
                </TextEquiv>
            </TextLine>
            <TextLine id="r1l108" custom="readingOrder {index:52;}">
                <Coords points="1086,2667 1841,2673 1841,2637 1744,2626 1086,2624"/>
                <Baseline points="1091,2658 1128,2660 1165,2660 1202,2660 1240,2661 1277,2661 1314,2661 1351,2661 1389,2661 1426,2661 1463,2660 1500,2660 1538,2660 1575,2660 1612,2660 1649,2660 1687,2661 1724,2661 1761,2662 1798,2663 1836,2664"/>
                <TextEquiv>
                    <Unicode>formae spirituales in paucis sunt legibus formarum corpora</Unicode>
                </TextEquiv>
            </TextLine>
            <TextLine id="r1l110" custom="readingOrder {index:53;}">
                <Coords points="1081,2715 1847,2716 1847,2671 1081,2668"/>
                <Baseline points="1086,2705 1123,2705 1161,2706 1199,2706 1237,2706 1275,2706 1312,2706 1350,2706 1388,2706 1426,2706 1464,2706 1501,2706 1539,2706 1577,2706 1615,2706 1653,2706 1690,2706 1728,2706 1766,2706 1804,2706 1842,2706"/>
                <TextEquiv>
                    <Unicode>lium subiectae. nam multiplex potest dari inter eas discri</Unicode>
                </TextEquiv>
            </TextLine>
            <TextLine id="r1l112" custom="readingOrder {index:54;}">
                <Coords points="1075,2769 1544,2779 1665,2756 1853,2787 1846,2716 1075,2724"/>
                <Baseline points="1080,2748 1118,2750 1156,2751 1195,2752 1233,2753 1272,2753 1310,2753 1348,2753 1387,2753 1425,2753 1464,2753 1502,2751 1540,2751 1579,2751 1617,2751 1656,2751 1694,2752 1732,2753 1771,2754 1809,2756 1848,2757"/>
                <TextEquiv>
                    <Unicode>men. Ad secundam respondetur quod cosequntia est nulla, nec pro</Unicode>
                </TextEquiv>
            </TextLine>
            <TextEquiv>
                <Unicode>dus producantur subito / quare non solum vnus
gradus producitur in instanti, cum non detur mi-
nimum naturale caloris vel alterius qualitatis se
cundum intensionem per te: &amp; quare non producitur
vnus gradus in quolibet instanti sequente sicut
vnus gradus supra partem gradus sufficientis ad
extensionem minimi naturalis? ⁋ Hic dicit Gra
go. in. xvii. distinctione primi quod non datur remis
sissima forma: bene tamen minimum naturale se
cundum extensionem, vel maximum quod non, quod
potius dicit. Primum probat per lumen quod produ 
citur a corpore luminoso. quia non datur remissis
simum lumen illius corporis: immo in infinitum
remissum est lumen illius corporis. Contra hoc obi
cio. illud lumen non est extra suum totum: ergo ni
hil est illud. Dicis. licet continuetur aliis partibus
prioribus: non tamen est inisubiecto adaequato cum
aliis. Insto. propterea non debes concludere propo
situm. sed istud prouenit quia corpus luminosum
distans producit remissius lumen quam propinquum:
&amp; si maneret in illo situ corpus luminosum / nunquam
amplius produceret. quare illud conuenit. sed secus
est de calore producto prope corpus calefactiuum.
cum enim successiue producat / quare produxit du
os gradus secundum intensionem vel vnum pro
pe agens si non detur minimum secundum inten
sionem: Vnum quidem est rationabile quod tenet
commentator. viii. physicorum commento. lxii. &amp; pri
mo Caeli, commento. ii. quod scilicet detur minimum na
turale secundum extensionem. &amp; apparet quod eodem
modo debet dici secundum intensionem. Rursus
non valet quid dicit: quod rationabilius est dare maxi-
mum quod non potest per se existere: quia illud non po
test per se existere vt constat intelligenti terminos:
&amp; sit maximum quod non / ignis gratia exempli: pe
dale illud non producitur subito sine addito: &amp; na
turaliter non potest esse seorsum. quare comprodu
citur octaua pars pedis vltra / vel septima vel alia
pars in instanti. si vna octau a pars pedis producitur
cum illa pedalitate in instanti: quare producitur vna sexta
decima pars pedis puta dimidietas illius excessus in
illo instanti citius quam alia tanta pars in instanti sequen
ti? propter ea non est satius dare maximum quod 
non: sicut putat. &amp; id sine proteruia defendi nequit.
sed cum commentatore dicendum est: vel negan
dum minimum naturale. ⁋ lstis suppositis argui
tur sic. datur remississimum formae corporalis: ergo
non debet negari in formis spiritualibus. Insuper
datur intensissimus actus quem anima potest ha-
bere: ergo &amp; remississimus. Probatur consequentia:
quia si vnum contrariorum sit in rerum natura &amp;
reliquum. lstae rationes non concludunt. Ad primam dicitur quod
formae spirituales in paucis sunt legibus formarum corpora
lium subiectae. nam multiplex potest dari inter eas discri
men. Ad secundam respondetur quod cosequntia est nulla, nec pro</Unicode>
            </TextEquiv>
        </TextRegion>
    </Page>
</PcGts>
