2339 3310
490 349 1247 417 caeteris pietatem cole. Insuper multi principes non
486 404 1253 450 solum gentiles, sed Christiani interdum ad hoc
486 453 1262 506 tendunt caeca affectione ducti: se habere terrarum ti-
486 493 1259 552 tulos gloriantes: in quibus solum ius mathematicum
484 537 1250 586 habent. Multi quoque ecclesiae praelati eodem morbo/
498 579 1243 631 vt superius diximus, laborant, sub vmbra honesta
489 629 1247 685 tis se protegentes: ne sedem deteriorem relinquant quam acqui
495 670 1250 728 siuerint, sed illam augeant. ⁋ Secunda pars osten-
486 715 1255 759 ditur sic. augere dominia cotra rationem est pecca-
486 759 1253 813 tum: ergo in eis non consistit felicitas. Sed dicis. debeo
480 808 1246 865 procedere in lumine naturali in quo peccatum est igno
493 851 1240 897 tum. falsum est, notum est enim aliquod esse malum
486 890 1246 938 & praeter rationem in lumine naturali: quod etiam philo-
486 936 1250 991 sophi peccatum vocant. Rursus in eo non est ponen-
487 982 1247 1028 da felicitas in quo mens humana continuo perturbatur
487 1026 1247 1077 & inquietatur. sed sic est in potentia & in augedo im-
486 1071 1249 1126 perio. nunc homo laetus / si sui vincant: nunc tristis si
493 1116 1249 1164 vincantur. nam euentus belli est fortuitus: & nunc hunc
484 1157 1240 1211 nunc illum / consumit gladius. Praeterea in statu ca-
480 1204 1249 1247 duco & maxime instabili non est ponenda felicitas
471 1249 1253 1303 sed tale est magnum dominium. igitur. minor ostenditur
486 1294 1238 1348 exemplis. Nam Alexander Macedo / eius vxor, & proles
484 1337 1241 1392 pauca lamentabilem habuerunt exitum: quem si prae-
484 1383 1241 1438 cognouisset non attentasset rapere aliena. lulius Cae
484 1426 1241 1469 sar tanquam tyrannus tribus & viginti vulneribus meri
471 1469 1247 1517 to confossus est in senatu. Pompeius post tot ma-
484 1513 1253 1561 ris & terrae victorias & triumphos praesente vxore &
477 1557 1253 1606 liberis / capite truncatus. Croesus a Cyro captus &
477 1601 1250 1653 palo affixus. & ipsius Cyti caput in vtre sangui-
483 1649 1243 1700 ne pleno a Thomyre impositu. Ditissimi Crassi
475 1697 1239 1744 caput auro refertum. lugurtha re militari clarissimus
478 1737 1247 1780 ante currum Marii nudus cum liberis ad spectaculum
487 1777 1238 1824 ductus. Syphax Numidiae rex potentissimus ad
490 1824 1242 1877 Scipionis pedes supplex ductus. Valerianus Au
477 1868 1237 1925 gustus eloquentia & doctrina clarus, in manus re-
485 1913 1241 1969 gis Persarum incidens, ignominiosa seruitute apud
478 1956 1247 2006 eum consenuit: vt ipse senex humi depressus / regen
483 2008 1237 2054 equum ascensurum semper dorso attolleret. Pazaitem
477 2046 1234 2093 denique Turcam potentissimum Tamberlanus parthus
484 2088 1241 2148 currui suo iunctum vinxit catena aurea. quae haec
474 2132 1250 2190 felicitas oro? Adde quod principes sunt in timore fo-
477 2180 1238 2227 ris: multo magis interdum domi inter suos. Me-
486 2224 1237 2273 moratissimum est illud exemplum de Dionysio Sy-
471 2271 1244 2322 racusano & Damocle. cum Damocles Dionysium
478 2313 1250 2365 propter opes / famulos & caetera id genus diceret bea
487 2357 1238 2413 tum: & ex consensu vtriusque Damocles poneretur in
478 2397 1239 2456 regio solio: in aureo lecto: tot honestis famulis con
484 2442 1245 2510 sistentibus, videbatur ferme beatus. at vbi super ca
489 2490 1247 2542 put Damoclis poni iussit Dionysius ensem acu-
477 2539 1250 2587 tissimum seta equina e lacunari pendentem: locum libens
484 2578 1245 2632 reliquit Damocles. cui Dionysius. Talis est, inquit,
481 2626 1241 2684 vita mea. sic semper nobis mortem imminentem vide-
481 2665 1244 2715 mus. Et licet tyrannus non timeat mortem coram obie-
480 2706 1236 2772 ctam: toxicum formidat, ac opus est cibum praegusta-
481 2750 1248 2827 te antequam comedatur. Vides dominium esse rem plenam la
1332 362 2099 412 boribus / sollicitudinibus / & tristitiis. Quare scite in de-
1326 409 2101 471 finitione inopinabilis Arist. in Topicis exemplum po-
1329 454 2095 510 nens dicebat, quemadmodum est dicere: reges esse infe
1329 496 2098 550 lices secundum vulgares. ac si diceret. Apud sapientes
1323 546 2086 593 nulli in toto regno sunt minus felices multis regibus
1326 589 2088 665 ⁋ Quinta conclusio. Beatitudo nec
1331 657 2086 710 est in corporis eleganti forma: nec in corporis ro
1323 699 2092 743 bore: nec in claro parentum stemmate. probatur sic.
1338 738 2090 801 Forma est fluxa & caduca & parum stabilis: quam so
1331 784 2101 848 la aetas tollit. Praeterea crebro est causa propinqua
1333 829 2084 889 luxus & vitii. De corporis robore patet: quia plus
1323 868 2090 938 roboris est in brutis. In super robustissimi corpore
1336 923 2095 976 minus valent mente / & robur aufert aetas. Tertium
1333 969 2084 1011 autem est omnino accidentarium. ⁋ Ecce quomodo
1323 1001 2091 1065 beatitudinis essentiam inter se secundum iudicia &
1330 1054 2100 1125 affectiones homines variant, nec probabilitatis aliquid
1327 1091 1795 1165 hi omnes de beatitudine ponunt.
1324 1165 2092 1267 ⁋ Distinctio. Quadragesimaenonae
1474 1245 1872 1324 Quaestio Secunda.
1659 1337 2081 1408 Ecundo loco inqui-
1665 1387 2096 1458 rendum est in quo consistat
1659 1441 2087 1494 vera beatitudo. Pro solutio
1665 1484 2093 1544 ne quaestionis scitas me inten-
1665 1530 2089 1596 dere / naturaliter adhuc loqui
1653 1569 2096 1636 pro vna parte quaestionis: & se-
1659 1626 2089 1679 cundum veritatem fidei in
1329 1659 2081 1720 alia. ⁋ Duae sunt opiniones aduersae inter philoso
1325 1708 2096 1762 phos in tenebris gentilitatis incedentes de beati-
1313 1751 2092 1799 tudine. quarum vna est Stoicorum & multorum beati-
1318 1794 2093 1846 tudinem in virtute locantium. Alia est philosophorum
1330 1835 2087 1903 principis primo & decimo Ethicorum / felicitatem in
1323 1884 2093 1936 operationibus virtutum ponentis. Vtraque autem
1329 1925 2081 1989 istarum viarum in lumine naturali est probabilis. prio-
1318 1968 2081 2024 res haberent absurdum quod felicitas amitti possit vel
1318 2019 2096 2070 intermitti in somno. sed Peripatetici dicerent illud
1324 2061 2083 2130 non inconvenire pro tempore / dummodo reassumatur pro
1323 2102 2082 2171 loco & tempore. & pro se contra Stoicos hoc habet quod
1323 2146 2087 2206 actus est virtute praestantior. modo actus habi-
1327 2194 2084 2252 tui praestat: & felicitas est quid optimum. Altisiodorus
1318 2239 2075 2302 tamen tenet habitum actui perstare. quare secundum ei
1330 2292 2081 2344 naec ratio non esset pro Aristotele. sed hoc est contra in
1323 2327 2082 2386 tentionem Aristotelis. i. Ethico. & veritatem. Aliter
1317 2380 2086 2428 autem responderem pro Stoicis concedendo actum habi-
1324 2414 2092 2485 tui praestare. sed cum actum virtus proptissime gignat
1317 2456 2084 2514 in radice actum continet: & est permanentior: nec vllo
1318 2500 2079 2563 modo potest tolli nisi per contrarium. rationabilius est ei
1328 2553 2084 2606 go iuxta eos in habitu ponere beatitudinem, nec re
1318 2598 2086 2649 quiritur quod felicitas sit quid optimum simpliciter &
1313 2639 2091 2698 in se: sed sufficit in sua proxima causa. Actus tamen est
1318 2682 2094 2739 egregius virtutis effectus. Etiam non omnes sunt aeque
1311 2720 2090 2785 felices / siue ponantur in actu / siue habitu: sed vnus est
1317 2768 2095 2846 felicior altero. ergo non quaelibet felicitas est quid
