2286 3315
210 324 965 380 cipientium / proficientium / & perfectorum: vel ingre-
201 380 959 429 dientium / pugnantium / & in tabernaculo ministran-
199 420 956 468 tium: & totus populus egrediebatur Aegyptum
211 468 959 512 & intrauit terram promissionis in se vel posterita
204 510 970 559 te: sic quilibet baptizatus Aegyptum deserit: & in
207 556 958 600 familiam Christi ingreditur in confirmatione: &
205 600 965 655 fit miles Christi ad confitendum nomen Christi:
211 644 964 691 sicut fortiores in populo dei pugnabant pro aliis:
205 687 968 740 & leuitae intrabant tabernaculum: & habebant
198 733 961 783 specialem cultum dei: ad quem erant deputati. qui-
204 779 961 824 bus sacerdotes succedunt. Quia robur detur viro
204 820 962 874 in confirmatione, patet. datur gratia confirmatio
208 867 959 913 nis quae iuuat ad resistendum vitiis: & ad exeun-
204 912 964 970 dum in actus bonos: in signum cuius: quando quis
208 956 953 1008 confirmatur, sustinetur in brachiis alterius: ad si-
204 1000 965 1054 gnificandum eum esse imbecillem antequam arma
208 1046 962 1103 acquirat. Si dicas. incassum quis armatur antequam
202 1087 965 1140 in bellum prodeat: vt est de paruulo. Dicitur hoc
204 1131 955 1183 esse verum in bello corporali: in spirituali autem non
198 1175 968 1222 oportet. etiam si talis animam post confirmationem ef
201 1220 973 1270 flauerit: magis beatificabitur: proportionabiliter
199 1265 968 1312 ad gratiam confirmationis. Gratia autem confirma-
208 1311 972 1361 tionis & baptismi sunt eiusdem speciei: & se inten-
195 1363 958 1405 dunt: & reddunt habentem / gratiorem intensiue: & dato
211 1400 964 1458 (quod non credo) quod vt volunt alii, hae gratiae distinguan
208 1447 977 1500 tur: talis maiorem beatitatem habebit propter ma-
199 1484 599 1549 iorem gratiam extensiue.
198 1534 973 1622 ⁋ Istis notatis ponuntur duae conclu
195 1614 973 1666 siones. Prima est. Confirmatio est sacramentum no-
205 1663 967 1724 uae legis a caeteris sacramentis distinctum. Quia sit sa
209 1707 956 1757 crametum patet auctoritate Melchiadis papae. de
201 1751 970 1799 consecratione. distin. v. De his. Scirote (inquit Hi
201 1795 971 1845 spaniarum episcopis) vtrumque (baptismum & confirma-
204 1840 968 1890 tionem) magnum esse sacramentum. Illud probatur ra
202 1886 955 1932 tione: quia est signum sensibile gratiam dei &c. ergo
195 1932 959 1986 est sacramentum. a definitione ad definitum. Quia con
204 1973 973 2022 ferat gratiam: patet superius ex auctoritatibus de
199 2019 956 2069 sacramentis in communi: & inferius tangetur. Quia
195 2067 965 2116 distinguatur ab aliis loquendo de distinctione ar-
208 2106 968 2161 guitiua, patet. quia habet aliam materiam: vel est
195 2153 968 2204 alia materia: quod in idem redit. saltem est alia for-
198 2192 955 2252 ma & materia copulatim. hoc ponitur propter ex
205 2241 965 2287 tremam vnctionem quae oleo vtitur. Sed signatio cru
201 2283 962 2339 cis in fronte non abs re ponitur: homo enim relinquit
204 2330 964 2378 fidem propter timorem & verecundiam: quae in fronte a
204 2374 956 2424 posteriore maxime relucent. Cum enim verecundia
199 2421 958 2475 sit timor ingloriationis: natura pellit sanguinem ad
195 2460 968 2510 exteriora, oblata materia verecundiae, ne omnino ta
204 2508 973 2557 bescat. sicut tempore timoris calor faciem & partes su
198 2553 968 2608 perficiales deserit pro conseruanda natura. propter
201 2602 957 2653 ea dicitur quod palliditas in aliquibus est signum ti-
205 2644 957 2687 moris: vt quando calor petit ventrem & partes in-
204 2681 959 2729 feriores. quod ita sit patet: quia interdum dissoluitur
202 2729 968 2785 venter ad emissionem vsque superflui secundae dige-
1039 317 1811 385 stionis, & nonnunquam primae, vt videre licet in meticu
1042 376 1805 436 losis iuuenibus caesis. Sed dum calor cor & partes
1034 425 1799 482 superiores petit: homo efficitur animosior: accendi-
1038 472 1798 526 tur ira: & datur alimentum fortitudini. Vtcumque autem
1054 511 1810 573 it: magna est mutatio in fronte & in facie tempore
1044 563 1801 608 verecundiae & timoris: propterea facies alteratur. hinc
1051 600 1807 653 est signatio in fronte. Confirmatio igitur ad alium
1041 645 1801 694 finem immediatum ordinatur quam extrema vnctio: &
1045 688 1801 739 habet aliam formam: loquendo de forma impro
1048 736 1798 787 prie dicta. ⁋ Secunda conclusio. Confirmatio
1038 779 1798 827 non est iterabilis. Probatur a posteriori. imprimit
1048 820 1805 866 characterem ex quaestione praecedente. ergo non est ite-
1042 861 1796 917 rabilis. haec probatio sufficit theologo. illud idem pa-
1045 911 1811 957 tet auctoritate concilii Tarraconensis. de consecra-
1048 955 1691 1002 tione. distin. v. Dictum. & capitulo sequenti.
1038 995 1801 1080 ⁋ Contra primam conclusionem argui
1038 1062 1796 1117 tur. Omne sacramentum est a Christo institutum: con-
1047 1106 1796 1166 firmatio non est a Christo instituta. igitur non est sa-
1042 1147 1811 1200 cramentum. consequentia tenet in baroco. & maior pro-
1044 1196 1801 1243 batur, quia ille solus debet instituere sacramentum qui
1050 1241 1804 1293 potest dare effectum signatum sacramenti. scilicet gratiam. is
1044 1288 1811 1345 est solus deus. igitur. Minor patet, quia non legitur vbi
1047 1330 1802 1381 Christus instituerit. ⁋ Respondetur negando minorem:
1044 1374 1805 1420 esto non legatur locus punctalis in quo instituitur hoc
1044 1419 1801 1478 sacramentum. Cuius causa est: quia historiae canonicae
1041 1462 1795 1520 non sunt productae ad mortem apostolorum vsque: sed abso-
1042 1504 1801 1564 lutae erant trigesimo anno a passione Christi: & ve-
1039 1548 1799 1609 risimile est post Hierosolymam euersam. xlii. anno
1045 1593 1802 1653 post passionem Christi superfuisse nonnullos aposto-
1036 1638 1802 1696 los: & diu post. loannes enim qui erat ex iunioribus
1041 1679 1802 1736 in passione, vixit. xcix. annos. Petrus & Paulus an
1034 1727 1808 1785 no. xxx. post passionem Christi occisi sunt. Et sic
1039 1772 1796 1823 non legitur locus scripturae vbi instituebatur confirma
1044 1823 1810 1876 tio: sed apostoli non instituissent illam nisi habuissent
1042 1860 1805 1926 a Christo: quia dei solius est sacramenta instituere.
1045 1907 1796 1964 Ratio. quia solius dei est dare sacramentis efficaciam:
1039 1950 1808 2012 hoc est gratiam: & sacramenta sunt potissima in lege
1036 1994 1811 2052 modo inter sacramenta semper connumeratur confirma-
1039 2042 1808 2098 tio. Nihil est quod aliqui doctores dicunt: quod in con-
1038 2094 1795 2145 cilio Meldensi hoc sacramentum institutu est. Nec
1047 2130 1802 2186 valet aliorum dictum quod ab apostolis sacramentum con
1036 2179 1805 2230 firmationis est institutum. Apostoli tamen confirma-
1039 2214 1796 2277 tionem promulgarunt: sicut eis a Christo praeceptum
1038 2260 1798 2330 erat: qui huius sacramenti sicut caeterorum omnium
1047 2307 1352 2378 verus erat institutor
1043 2348 1804 2423 ⁋ Secundo arguitur contra eandem
1041 2416 1807 2462 conclusionem. Omne sacramentum habet debitum
1046 2454 1795 2514 ministrum: confirmatio non habet debitum ministrum:
1038 2503 1802 2554 ergo confirmatio non est sacramentum. consequentia
1042 2545 1802 2593 tenet in baroco. Minor probatur. quia ille erit so-
1036 2587 1796 2644 lus episcopus sicut magister in litera tenet: sed hoc
1045 2636 1795 2693 non: quia simplex sacerdos potest confirmare: quod
1044 2680 1798 2726 patet. xcv. distin. capi. Peruenit. vbi beatus Gre-
1026 2723 1804 2789 gorius hoc Ianuario episcopo scripsit, quod sacerdo
