2336 3332
263 317 1031 389 tiam cui inest, ad hoc vt eliciat suam beatitudinem
274 378 1031 436 quam elicere non potest sine lumine gloriae. Dico quod in-
277 424 1030 472 primis ponitur ob dispositionem subiecti. nam secundum
264 466 1022 517 legem visio dei est ita perfecta qualitas vt non possii
258 511 1025 560 inhaerere subiecto beatifico saltem humano sine
261 548 1015 605 dispositione praeuia. sicut forma substantialis non po
268 601 1033 652 test informare naturaliter materiam primam si ne dis
267 651 1021 699 positione qualitatiua praeuia. Nec erit processus in in
264 690 1031 744 finitum in dispo sitione animae. nam qualitas perfectis-
270 733 1028 781 sima supponit vnam aliam minus perfectam ad hoc vt
267 776 1021 827 subiectu informet: & alia minus perfecta nullam
270 824 1031 879 qualitatem praesupponit. sicut forma ignis praesuppo-
264 868 1033 913 nit siccitatem & caliditatem ad hoc vt subiectum infor
271 914 1030 966 met. Et forte ita est respectu cuiuslibet angeli. si-
264 957 1025 1010 cut quaelibet materia requirit dispositionem qualitatiuam
263 998 1028 1050 etiam licet materiae essent differentes specie, quid est
271 1044 1028 1096 deo possibile. hoc enim prouenit ob perfectionem for
258 1088 1018 1147 mae. Sic dicetur de beatitudine quod lumen gloriae praesupe
264 1139 1031 1190 ponit in quocumque subiecto cui inhaeret ad hoc vt
268 1185 1025 1227 subiectum informet: & hoc secundum legem dei ordina-
271 1228 1016 1278 tam. Sed quo ad actiuitatem non est necesse ponere qui
267 1267 1027 1320 aliquam actiuitatem habeat respectu visionis. ratio
273 1308 1033 1366 est: quia hoc maxime esset propterea vt potentia non
276 1363 1033 1412 potes elicere cum influentia dei generali visionem dei /
270 1404 1028 1451 adiuta posset illam visionem elicere. sed hoc non vide
276 1442 1027 1491 tur: quia vtrobique potentia in optima dispositione
268 1488 1036 1538 sua, quemadmodum est anima seperata, vel in corpore bea
274 1534 1039 1581 to, si non possit ex se sine quilitate superaddita exire
267 1578 1037 1629 in actum alicuius obiecti: nec cum auxilio potest. vt si
261 1621 1030 1673 visus sine auxilio non possit exire in sonum, nec cum
268 1667 1037 1711 auxilio. & ita inductiue in aliis potentiis & obiectis.
273 1710 1030 1764 Et admisso quod dicis: lumen gloriae eleuare potentiam
279 1753 1025 1808 vt possit exire in cognitionem alicuius obiecti, in cuis
282 1803 1028 1858 cognitionem exire non potest sine lumine gloriae: tamen es
271 1848 1036 1900 ficientiam illius luminis supplere potest deus: per argu-
276 1895 1030 1938 mentum assumptum, quicquid deus potest facere cum cau-
267 1932 1021 1982 sa secunda, potest facere se solo &c. Dices cum aliquibus
274 1975 1037 2033 istorum, esse sophisma figure dictionis. mutatur si
277 2021 1039 2074 quidem quid in quale seu ad aliquid. visio enim dei crea
271 2068 1040 2111 ta non significat rem absolute: sed significat actum in
282 2110 1028 2160 ordine ad agens creatum. & est simile ac si argueretur,
268 2152 1033 2200 Deus producit actum meritorium mediante voluntate &
282 2199 1031 2246 charitate Petri: ergo potest producere illum sine eis.
274 2243 1028 2300 Contra hoc arguo. efficaciter ex illo concluditur quod
277 2293 1035 2341 actum meritorium deus potest producere se solo: & visio
274 2335 1043 2393 nem potest producere se solo: licet deus non possit produ-
276 2378 1034 2427 cere actum meritorium se solo. & tamen dico quod potest produ
264 2421 1039 2469 cere visionem dei in hominem se solo. sed hoc est prae-
270 2464 1027 2512 ter legem. Secundo dico. potest facere quod intellectus
264 2503 1030 2556 humanus recipiat beatitudinem de potentia absolu
265 2555 1040 2607 ta sine lumine gloriae, quod probo: quia visio infor
261 2596 1045 2650 mabit intellectum creatu cum lumine gloriae disposi-
276 2647 1045 2695 tum: & lumen gloriae non est subiectum visionis. potest
264 2694 1046 2744 ergo deus subtrahere lumen gloriae, relinquendo
264 2736 1046 2801 visionem in eodem subiecto. Confirmatur haec ratio.
1104 320 1862 385 Aliquis potest habere visionem dei in raptu, adhuc
1101 380 1849 433 manendo in via: vt doctor sanctus concedit in secun
1104 422 1855 477 da Secundae. qui. clxxx. & sine lumine gloriae: ergo
1114 464 1852 515 permanenter de potentia dei, consequentia est certa.
1116 507 1859 563 Et patet hoc aliunde. Nam deus potest subtrahere
1110 562 1856 612 qualitatiuas dispositiones, vt niccitatem & calidita
1107 600 1865 651 tem ab igne, cum hoc quod forma ignis materiam in
1110 639 1864 691 formet de potentia absoluta. ergo potest facere
1108 691 1867 740 visionem dei inhaerere intellectui creato sine lumi-
1098 736 1867 779 ne creato. Vlterius dico propter aliquos quod lumen
1107 778 1861 831 gloriae potest inhaerere intellectui separato: & tamen
1111 824 1867 870 intellectus ipse non habebit visionem dei: quia deus
1100 872 1859 926 potest non cocurrere ad illam visionem. ⁋ Epilogando
1101 912 1865 964 paucis complectar quae dicere volo de lumine glo-
1111 956 1868 1003 riae. Dico quod lumen gloriae requiritur ad beatitudi-
1110 998 1858 1055 nem hominis secundum lege: quod intellectum humanum
1114 1042 1867 1089 disponat ad hoc vt ipse suscipiat beatitudinem:
1111 1087 1865 1142 Probabilius autem est dicere quod nullam efficientiam ha
1110 1131 1855 1185 beat respectu visionis beatificae. Nec verba pon
1107 1174 1857 1237 tificis in Clementina praefata sunt pro eis quod anima
1112 1222 1859 1277 eleuetur. hoc enim intelligitur, quod anima disponitur: hoc
1108 1266 1868 1317 est passiue disponitur, sicut aer a lumine ad hoc
1115 1314 1871 1368 vt suscipiat species visibiles. & si lumen gloriae
1107 1353 1862 1403 efficientiam vllam habeat respectu visionis: deus
1114 1399 1862 1449 potest illam efficientiam supplere: & per consequens
1110 1447 1865 1493 iam anima erit beata sine vlla efficientia luminis
1116 1489 1865 1539 gloriae. Praeterea potest lumen gloriae intellectui via
1113 1531 1871 1577 toris assistere mille annis absque hoc quod deus vide
1114 1577 1864 1623 atur. prius enim potest esse sine posteriore, si lumen
1113 1618 1864 1674 gloriae eleuet potentiam actiue: hoc est conefficiat cum
1104 1661 1865 1714 intellectu humano vt videat deum, cuius visionem
1107 1716 1868 1756 elicere non potest partialiter nisi iuuetur a lumine
1105 1754 1877 1808 gloriae. Nec caret scrupulo: an aliquis angelus vel
1110 1798 1868 1846 creatura creabilis possit habere potentiam cuius ex-
1110 1838 1874 1903 cessus super intellectum humanum tatum faciat ad produ
1110 1887 1865 1935 ctionem visionis beatificae quantum lumen gloriae cum
1104 1931 1861 1983 intellectu humano. hoc est dicere. angelus ille po
1104 1980 1873 2034 test a quocumque obiecto actum elicere a quo intelle-
1114 2017 1873 2078 ctus humanus lumine gloriae adiutus potest actum
1105 2064 1873 2112 elicere. & per consequens ex determinatione pontifi
1105 2109 1867 2157 cis non concluditur quod in angelis omnibus vel aliquibus
1114 2153 1874 2201 lumen gloriae requiratur ad eleuandam potentiam
1113 2194 1376 2251 vt deum videat.
1109 2284 1867 2367 ⁋ Distinctionis Quadragesimae nonae
1289 2338 1676 2426 Quaestio Quinta.
1443 2449 1865 2525 Vinto quaeritur: An
1437 2504 1871 2568 beatitudo principalius con
1443 2555 1859 2605 sistat in actu intellectus: an
1447 2599 1859 2648 voluntatis. licet autem inuento
1449 2647 1868 2704 vno istorum actuum quis pos-
1447 2688 1873 2750 sit contendere quod alter non sit
1429 2733 1864 2800 beatitudo: tamen in illis tribus
