2329 3309
467 285 1228 349 dicit actum elicitum in re animata. Sed dicis, non est
480 351 1235 404 dem in te animata. Secundo arguitur specialiter con-
474 385 1228 446 tra hoc. nam opposito dato sequitur quod qualitates
472 427 1228 484 contrariae essent in eodem. consequens est impossibile
468 482 1231 540 naturaliter. Et probo consequentiam: quia appetitus
474 515 1241 577 naturalis hominis iusti refugit mortem. sic enim erat
474 562 1234 620 in Christo. appetitus autem liber mortem in casu non
477 603 1235 663 recusat sed vult. quae recusatio si sit actus elicitus
484 663 1228 710 mortis refugitiuus in voluntate respectu mortiss:
475 695 1232 758 cum sit volitio respectu mortis in eadem potentia:
479 741 1238 806 qualitates contrariae dabuntur in eodem subiecto. Di-
477 787 1231 843 cis hoc non concludere. nam iudicium sensus quod sol est
474 826 1241 885 minor terra: & iudicium intellectus quod sol est maior
478 883 1241 933 terra, non contrariantur. Similiter nec actus sensatio
482 920 1228 977 nis obiectum appetentis: & rationis obiectum respuen
478 965 1238 1020 tis. Etiam quamuis sint ad idem obiectum in eadem potentia:
478 1005 1232 1063 secundum multos non contrariantur: quia actui libero so
475 1053 1238 1108 lus actus liber contrariatur: & naturali actui actus
486 1089 1242 1151 naturalis contrariatur. Contra hoc arguo. siquis eli-
474 1136 1237 1203 ciat dilectionem Sortis in instanti, & continuet per tem
497 1185 1234 1239 us naturaliter: actus in illa continuatione natura
477 1227 1233 1282 liter repugnat dilectioni eius, ac si esset liber. Obii-
480 1275 1234 1328 cies. quis ille actus continuetur de necessitate per
480 1316 1238 1374 tempus: tamen est mere liber. ergo nihil dicis. Sed
483 1359 1246 1425 quia de subiecto sensationis & iudicio sensus est
475 1414 1231 1458 alterius negocii difficultas: an sit idem subiectum nu
480 1449 1237 1504 mero, an alia: transeo illam rationem relinquens. nam
484 1502 1243 1548 brutum modo productum appetit cibum & potum si diu
474 1535 1231 1596 abstinuit: & ille appetitus scilicet fames vel sitis
486 1577 1249 1639 nullum actum elicitum ponit, quod patet: quia non habetur
476 1632 1234 1682 aliqua cognitio praeuia. nam pono quod num quam cibum ap
490 1676 1241 1728 prehendit. Dicis. in vtero matemo apphendit.
490 1725 1246 1780 Volo quod nunc primum producatur extra vterum a deo
486 1755 1249 1815 vel a natura: vt de rana & de aliquibus brutis con
486 1808 1241 1858 tingit. lam sic. omnis actus appetitus productus
490 1858 1247 1901 praesupponit notitiam praeuiam. sed ille appetitus na-
487 1891 1241 1952 turalis non praesupponit notitiam vel cognitionem praeuiam
483 1940 1236 1997 ergo non est actus productus ab ipso appetitu. Prae
486 1981 1253 2044 terea reduco primam rationem in parte. cum res inani-
483 2023 1249 2081 mata habeat suam inclinationem naturalem sine actu
491 2072 1255 2124 elicito, & res animata non sit deterioris conditionis
485 2111 1255 2167 quae inanimata: videtur quod tantum appetat suam perfe
498 2156 1255 2221 ctionem sine actu elicito, quantum lapis: & non est po-
484 2202 1252 2264 nenda pluralitas sine necessitate: ergo modus com
485 2247 1252 2305 munis est rectus quod appetitus naturalis nullum
485 2291 1249 2353 actum distinctum ponit ab ipsomet appetitu. Hoc
490 2337 1246 2398 supposito arguitur sic. omnis res appetit suapte
481 2379 1245 2436 natura suam perfectionem. beatitudo est maxima per
499 2433 1259 2485 fectio possibilis creaturae rationali: ergo illam omnes.
491 2463 1252 2530 appetunt, nec nos eiusmodi nexibus impedias:
493 2519 1261 2568 nulla beatitudo est maxima perfectio possibilis.
489 2560 1258 2614 sed intellige quid praetendam. ⁋ Secunda conclusio. Omnes.
492 2609 1252 2658 ad beatitudinem apti summe beatitudinem appe-
499 2655 1259 2701 tunt. probatur: quia eam naturaliter appetunt: ergo
492 2694 1261 2763 summe. tenet consequentia: quia agens naturale
1309 280 2081 344 secundum extremum suae potentiae tendit in suam
1302 345 2075 392 salutem: vt graue ad centrum. ergo cum appetitus
1317 383 2080 434 naturalis creaturae rationalis beatitudinem appe
1308 414 2077 480 tat: secundum extremum suae potentiae appetit, & sum-
1317 472 1504 528 mo conatu.
1310 547 2078 616 ⁋ Contra insta sic arguitur. appeti-
1309 605 2081 653 tus & inclinatio naturalis distinguitur a re cuius
1309 655 2084 700 est inclinatio, quod probo. nam graue in suo loco na-
1301 691 2077 742 turali non inclinatur ad descensum: sed illic quiescit.
1317 733 2081 794 quando autem est extra locum naturalem vt super traben-
1307 778 2081 832 inclinatur ad descensum: & tamen semper manet illa
1314 832 2083 884 grauitas: ergo non oportet dare aliquid aliud ab
1313 869 2102 924 illa grauitate per quod inclinetur ad descensum. Si-
1308 910 2088 960 militer habitus naturaliter vigilantem & non dor-
1308 954 2086 1013 mientem inclinat: ergo non oportet dare inclinatio-
1309 1006 2087 1059 nem naturalem distinctam ab appetitu naturali. ⁋ Prae-
1317 1049 2080 1097 terea appetitus rei non distinguitur a re cuius est ap-
1308 1089 2081 1148 petitus: ergo appetitus daemonis ad beatitudinem
1314 1132 2088 1184 est maior qui appetitus hominis. patet consequentia:
1326 1178 2075 1238 quia daemon est homine perfectior entitatiue. & cum
1308 1228 2087 1273 inclinatio naturalis non dicat actum distinctum: opor
1314 1267 2072 1315 tet dicere, quantum sit de entitate tantum esse de inclina
1311 1310 2087 1361 tione. ⁋ Respondetur. Ocleam in tertio Quodlibe
1317 1353 2086 1418 to ponit inclinationem habitus & formae distinctam
1308 1407 2074 1458 ab ipsa forma: non autem appetitum materiae: & ideo
1318 1448 2081 1498 aequiuocat vt consequenter dicat. Hoc nihil valet:
1314 1488 2083 1547 & eius aequiuocatio est inutilis, nec rationes: quams
1323 1529 2096 1585 facit, aliquid valent, quod probo. nam inclinatio habi
1317 1586 2080 1635 tus non est actus: cum inclinatio actum praecedat & po
1317 1623 2086 1680 nat aliquid aliud, nec habitus ipse: nec passio: quia
1307 1666 2096 1725 illa identificatur cum actu, vel actum naturaliter sequi
1317 1713 2086 1760 tur: nec est in potentia nisi durante actu. modo vt
1321 1758 2087 1808 dicitur. ii. Ethicorum. Omne quod est in anima, est actus / ha-
1319 1801 2086 1847 bitus / vel passio. nullum autem illorum est illa inclinatio
1326 1843 2081 1896 nisi dicas esse habitum, contra opinantem. Fadem etiam
1314 1893 2095 1948 facilitate ponere poterat appetitum materiae a mate
1321 1933 2086 1990 ria distinctum. ⁋ Dico igitur quod appetitus formae est
1323 1979 2090 2023 forma. & breuiter: nullius rei appetitus distingui
1329 2032 2099 2078 tur a re cuius est appetitus. Ad rationes eius, qua-
1333 2068 2090 2128 rum prima est de graui detento super trabem: dico
1324 2104 2101 2161 quado est extra suum locum naturalem, inclinationem
1332 2155 2090 2207 habet & aptitudinem ad suum locum naturalem:
1335 2201 2091 2257 sed cum est in suo loco naturali stat sub quiete
1325 2248 2089 2299 in illo loco. & per eandem virtutem cum est extra suum
1338 2295 2090 2337 locum, ad suum locum tendit, & in illo permanet:
1335 2344 2096 2390 nec alium quaerit quo tendat. sicut elementum est gra
1338 2384 2102 2434 ue vel leue in sua sphaera: sed grauitatem illam in sua
1333 2419 2102 2474 sphaera non exercet. quando autem graue est super tra-
1335 2464 2105 2522 bem habet resistentiam quam vincere non potest,
1342 2512 2099 2570 quousque trabs auferatur: & tunc grauitas pellit gra-
1332 2556 2083 2611 ue deorsum per nihil quod acquirit de nouo: sed per
1341 2604 2099 2657 grauitatem quae prius in loco innaturali impe-
1345 2636 2098 2694 diebatur. ⁋ Ad aliud / nego quod habitus / inclinet
1347 2701 2107 2762 vigilantem vel dormientem. Nam proprie in-
