2353 3279
301 304 1073 366 elicito volunt conformiter beatitudiuem: licet non
301 356 1064 406 sit necessum eam velle: quia possunt ipsam non velle
306 405 1069 461 non tamen propterea quod subiectu determinatur ad opposi
300 447 1060 497 tum. ⁋ Secundo arguitur. Omnes homines natura scire deside
309 493 1060 540 rant. vt dicitur primo metaphysicae. sed non minus na
303 536 1057 594 turaliter desiderant btintudinem. igitur. & roboratur per glosi
303 585 1060 639 super illo versu psal. Beata ges, quae dicit quod animus est na
304 623 1061 680 turaliter capax beatitudinis. ⁋ Ad primum dicitur quod
296 669 1066 718 illa propoteo intelligitur de desiderio naturali, & actu elici
310 711 1064 761 to ei conformi / qui ad aliquem sensum potest dici natu-
306 758 1061 811 ralis: pro quanto scilicet elicitur conformiter ad inclinationem
307 800 1061 855 naturalem. & sic volitio comedendi tempore famis
310 845 1067 896 diceretur naturalis. sed magis proprie actus dicitur liber.
300 894 1063 935 de nominibus autem non est vis. Ad dictu glossae, concedo
300 938 1060 994 quod animus naturaliter est capax beatitudinis / quia est
301 986 1066 1041 eius perfectio. sed debet arguens probare quod illam beati
300 1022 1061 1077 tudinem naturaliter efficiat. ⁋ Praeterea sic argumen
307 1066 1069 1116 tor. posito quod intellectus assentiatur antecedenti hu
300 1113 1067 1163 ius consequentiae. omne dulce est gustandum: sed mel est dul
300 1157 1061 1209 ce: voluntas necessitatur gustare. vii. Ethicorum. sed
304 1203 1061 1252 tantum finis allicit voluntatem ad volendum ipsum quamtum iu
304 1249 1073 1301 dicium vniversale & particulare. ⁋ Respondetur negando quod volun
297 1293 1061 1349 tas necessitatur velle gustare: immo potest nolle gusta-
295 1330 1060 1390 re stante iudicio vniversali & particulari circa operationem
300 1382 1075 1432 Aristoteles autem intelligit vt commentator exponit
290 1422 1004 1474 commento. xi, quando vita concordat cum ratione.
300 1471 1057 1563 ⁋ Contra secundam conclusionem
303 1553 1057 1608 arguitur. Omne illud potest esse nolitum a voluntate
304 1598 1058 1654 quod intellectus dictat esse nolendum. sed intellectus
291 1652 1063 1698 potest dictare beatitudinem esse a Petro nolendam
291 1692 1058 1735 ergo Petrus potest nolle beatitudinem. Praeterea
297 1733 1057 1788 Petrus potest nolle beatitudinem in vniuersali appus
288 1779 1054 1824 hensam Paulo inesse: ergo sibiipsi. tenet consequen
297 1813 1060 1865 tia, quia quicquid voluntas pot nolle indiuiduo alicu
293 1864 1061 1913 ius speciei, potest sibi nolle. ⁋ Ad priorem harum
298 1907 1051 1962 rationum negatur maior: nisi vere dictetur, vel saltem
300 1951 1064 2008 nisi cum apparentia dictetur. Ad secundum concedo
303 2000 1057 2049 anteceden / ex inuidia scilicet vel passione vel ex libertate vo
289 2043 1052 2096 luntatis. sed nego consequentiam: quia amor erga nos
289 2089 1052 2133 est naturalior qui erga alios. hic amicabilia ad alios
286 2128 1061 2178 referuntur ad amicabilia quae sunt ad nos. ix. Ethico-
292 2177 1067 2235 rum. Nemo enim est sibi secundus. ⁋ In super argui
288 2223 1054 2268 tur sic. damnatus potest conformare voluntatem suam
291 2265 1060 2319 voluntati diuinae. sed deus nult damnatum hare
289 2306 1061 2358 beatitudinem: ergo damnatus potest nolle beatitu-
294 2354 1054 2403 dinem. Et eodem modo in via si deus reuelet alicu i prae-
285 2395 1055 2442 scito & existenti in gratia: quod ipse num quam habiturus
288 2441 1064 2493 sit beatitudinem: is potest nollebeatitudinem, quod probo
291 2491 1051 2539 quia potest conformare voluntatem suam voluntati diui-
288 2533 1060 2584 nae in particulari cognitae. Respondetur. istae rationes proba
291 2573 1064 2628 biliter suadent oppositum conclusionis: quapro
294 2622 1060 2669 pter eam tenuimus problematicam. Secundo loquor
288 2666 1054 2719 de viatoribus secundum legem communem. Tertio
288 2709 1066 2779 dico quod iam esset ratio mali & nolendi in beatitudine
1138 305 1900 365 cum non posset velle sic apprehensa. & ita nihil contra con
1141 360 1904 417 clusionem. ⁋ Praeterea arguitur. Aliquis viator de
1147 407 1895 466 coni lege potest velle miseriam: & tamen btus Augustinus. xiii.
1148 447 1897 509 de Trinitate: & in litera huius distinctionis compa
1141 497 1897 552 rat miseriam quo ad velle, cum beatitudine quo ad
1146 538 1891 599 nolle. Assumptum patet: quia miseriam culpae volun
1136 583 1899 645 tas potest velle: & miseria poenae voluntas potest vel
1141 623 1885 685 le: & totum aggregatum: & nulla est alia miseria: ergo
1150 674 1897 720 propositum. Quia miseriam culpae voluntas possit vel
1147 720 1904 768 e, probatur sic. hunc actum voluntas potest velle: hic actus
1147 763 1892 806 est miseria culpae. igitur. De cruciatu & poena eo
1147 804 1897 847 dem modo ostenditur. nam bene sequitur: sortes peccat: er-
1134 856 1903 906 go sortes punitur vel punietur: theologice loquendo
1135 896 1897 943 de lege. & anteceden est volitum: & voluntas potest velle
1137 939 1895 991 consequentiam bonam: ergo potest velle conse-
1146 984 1896 1038 quens. ⁋ Respondetur concedendo quod voluntas potest
1137 1026 1897 1074 miseriam culpae & poenae velle / & aggregatum, de
1135 1073 1894 1115 aliqua poena. sed dari potest poena tam atrox (vt arbi-
1140 1112 1904 1160 tror) vt si eam voluntas esset exparta, ipsam non posset
1137 1159 1900 1210 velle ex tota libertate sua: quicquod homines ore dicant
1147 1198 1904 1251 de inimicis se velle eos posse occidere: & ea lege
1140 1247 1892 1298 velle damnati in orco cum Plutone. Beatus Augustinu
1141 1294 1891 1340 autem per miseriam intelligit aliquid in quo nullum est
1135 1337 1892 1393 specimen boni. hoc est accipiendo opposito modo
1134 1382 1897 1432 ad bonum verum, vel bonum apparens. ⁋ Adhuc argu
1138 1426 1891 1474 itur. demonstratis a. maiore bono & b. minore bo
1128 1473 1900 1522 non incompossibilibus: & taliter apprehensis in intel
1128 1511 1889 1564 lectu qualiter illa bona se habent in re: voluntas
1143 1560 1898 1616 otest velle b. sed in b. nulla est ratio boni, quod probo
1134 1603 1904 1652 quia minus bonum maiori bono comparatum non ha-
1141 1649 1898 1700 bet rationem boni. ⁋ Respondetur. hoc argumentum non mo-
1125 1694 1889 1743 uet. vtrumque enim illorum est bonum. loannes Buri. in
1128 1734 1886 1787 iii. Ethicorum dicit quod voluntas non potest acceptare mi
1128 1788 1900 1829 nus bonum / maiore relicto. quod falsum iudico. nam ma-
1137 1823 1895 1873 ius bonum non necessitat voluntatem ad ipsum volen-
1138 1871 1898 1914 dum: immo potest voluntas ipsum recusare / qua recu
1138 1912 1895 1963 satione facta voluntas potest velle minus bonum. ⁋ Vl
1129 1961 1889 2018 timo arguitur ad idem. praesentetur b. voluntati per intelle
1129 2004 1901 2049 ctum sine a. iam voluntas potest velle be, quod probatur, quia
1138 2050 1894 2094 b. est bonum ex hypothesi: & per consequens obiectum
1144 2094 1905 2142 voluntatis in volendo. stante volitione circab. bo
1141 2141 1894 2192 num, superueniat a. bonum melius: adhuc voluntas po
1131 2182 1901 2235 test continuare velle circa b. quia non necessitatur vel-
1137 2220 1903 2277 le a. ergo eodem modo elicere poterat velle respe
1131 2269 1682 2319 ctu b. in praesentia a. obiecti ab initio.
1147 2333 1890 2406 ⁋ Tertia conclusio impugnatur sic
1147 2401 1895 2456 intellectus iudicat / deum non esse, esse impossibile. ergo
1144 2443 1887 2497 voluntas non potest velle deum non esse, vel nolle deum
1137 2488 1900 2536 esse. Respondetur. hoc argumentum dependet ex duabus opi
1137 2531 1898 2582 nionibus recitatis in distinct. vi. Secundi. iuxta vnam
1137 2579 1900 2625 solutionem consequentia est nulla. iuxta aliam quis potest
1143 2623 1895 2673 habere nolle conditionale quod ad peccatum sufficir scilicet
1138 2666 1898 2718 si esset possibile, nollem deum esse, vel vellem deum
1140 2708 1537 2778 non esse si esset possibile.
