2354 3313
475 360 1249 420 iecto specie distinguantur. similiter notitia intuiti-
481 407 1252 468 na & abstractiua de eodem obiecto specie distin-
480 464 1252 515 guuntur. Habitus enim comprincipiat notitiam
478 502 1252 552 abstractiuam, qui non concurrit ad productionem
481 542 1241 590 notitiae intuitiuae: sed sola potentia cum obiecto in
477 586 1246 636 ter causas secundas. & hoc in notitiis simplicibus
487 631 1247 687 intellectus probabile est quod scientia habitum sequens:
484 676 1259 732 & ipsum praecedens / & generans non distinguuntur
483 723 1240 769 specie. similiter in virtutibus ipsius voluntatis actui
486 766 1253 811 habitum praecedens: & ipsum sequens identifican
480 807 1249 861 tur in specie. ⁋ Quamuis autemita sit secundum legen
480 856 1249 911 communem: deus tamen potest facere quod anima
486 897 1252 950 Lini habeat notitiam eiusdem specieicum notitia
486 949 1250 995 angeli, vel perfectiorem. Probatur haec propositio
487 987 1256 1041 aliquibus suppositis. Primum est. omne accidens
479 1027 1258 1084 spirituale susceptibile in angelo / suscipi non repu-
494 1075 1267 1134 gnat in animo: & econuerso. sicut si deus crearet
492 1120 1261 1166 materiam alterius speciei: illa esset susceptiua albe
495 1163 1255 1208 dinis & accidentium quae materia ista suscipit, quod
492 1210 1267 1261 sic declaro. a multis putatur quod albedo & acciden-
496 1254 1261 1307 tia corporalia toti composito inhaereant primo / &
486 1294 1267 1341 non ratione materiae: ita vt non solum totum com
495 1338 1258 1395 positum sit subiectum denominationis: sed etiam
498 1384 1267 1443 inhaesionis: & tamen est eadem albedo specie in asi
495 1428 1265 1477 non & equo. Secunda propositio. anima concurrit
495 1470 1264 1528 vel concurrere potest ad omnen actum quem sus
508 1516 1261 1570 cipere potest. Tertia propositio. quicquid deus
508 1559 1261 1607 potest causare cum causa secunda / potest causare
495 1607 1262 1660 se solo. Tunc sic. Anima est susceptiua actus an-
495 1648 1267 1710 gelici per primam propositionem: & non repugnat.
501 1697 1263 1746 animae ad eum concurrere per secundam: & deus
498 1745 1256 1795 potest supplere concursum angeli per tertiam. igi
493 1780 1267 1839 tur. Licet autem angelus sit magis perceptiuus
499 1830 1265 1881 cum eodem actu quam animus: deus tamen potest supr
507 1871 1270 1928 plere impotentiam animi. Contra totum illud ar-
510 1917 1267 1972 guitur. sequitur quod beatitudo siue intellectus siue
505 1968 1274 2014 voluntatis non sit optimus actus possibilis. pro-
504 2004 1264 2060 batur. nam deus potest creare perfectiorem & perfe-
510 2054 1277 2105 ctiorem beatitudinem. quia si dentur duo actus in
504 2100 1273 2150 eadem potentia, vtpote intuitiones vel amores
497 2135 1267 2189 circa idem obiectum: possunt infiniti similes dari-
510 2182 1270 2234 Concedo illud, quod nulla sit beatitudo creata opti-
500 2225 1273 2274 ma possibilis. quod patet: quia non est status in sub
513 2265 1270 2319 lectis beatificabilibus. sed quolibet angelo dato de
504 2324 1261 2368 us potest infinitos inter illum & deum producere
513 2364 1264 2411 & non erunt duo eiusdem speciei, non tamen qua
504 2409 1267 2453 si putem deum non posse producere duos ange-
498 2444 1268 2496 los eiusdem speciei. ergo illa via non dabitur opti
516 2499 1276 2546 mus actus possibilis / nec visio dei / nec dilectio. sem
522 2532 1267 2590 per loquor de creata. sed loquimur secundum le-
513 2578 1276 2637 gem quando admittimus beatitudinem esse opti
516 2635 1267 2678 mum actum possibilem. ⁋ Tertio principaliter
511 2675 1277 2725 argumentor. quilibet beatus habet infinitum gau
507 2717 1279 2763 dium. modo nullum infinitum est alio maius pro
507 2754 1271 2830 prie: ergo nullus proprie loquendo est alio beati-
1321 356 2098 412 or. assumptum probatur supponendo vnam pro
1330 413 2099 468 positionem Anselmi prosologi. xv. quod quilibet
1327 460 2108 504 tantum gaudebit de gaudio alterius quantum de
1332 499 2115 557 proprio. Tunc sic. signo duos beatos Sortem &
1332 543 2093 591 Platonem nunc sibi obuiantes: nunc Sortes vi-
1329 586 2095 645 det gaudium Platonis. dicatur illud a. gaudet de
1328 627 2098 680 a. gaudio ac si ipse Sortes hoc haberet: & habet
1320 681 2098 734 nouum gaudium super a. dicatur illud gaudiuns
1326 718 2108 767 b. quod Sortes habet de nouo. b. gaudium in Pla
1329 764 2109 817 tone generat nouum gaudium. dicatur c. & rursus
1335 808 2092 866 Sortes de c. gaudio habet d. gaudium. & sic sini
1335 853 2098 905 statu. ⁋ Respondetur multifariam. primo illud
1323 896 2101 954 gaudium nihil facit ad beatitudinem. cum enim
1330 938 2108 988 sit deriuatum a creatura immediate / est alterius ratio
1329 986 2111 1034 nis a gaudio causato a fruitione dei. Secundo di-
1332 1033 2098 1090 co quod illa gaudia sunt alterius & alterius speciei: &
1338 1075 2104 1132 sic non se intendunt. quemadmodum est in notitiis
1326 1124 2099 1173 reflexis: vt notitia Sortis: & notitia illius notitiae.
1335 1161 2093 1218 Tertio dico quod intellectus est finitae capacitatis acti-
1338 1213 2110 1262 uae: & stat in aliquo gaudio: sicut est certus nume-
1329 1248 2099 1301 rus notitiarum reflexarum quem anima potest ha
1326 1297 2098 1348 bere. Quarto dico quod anima non fertur distincte
1332 1343 2098 1392 in ista gaudia. Quinto, non oportet vnum bea-
1338 1388 2111 1437 tum cognoscere gaudium particulare alterius. Se
1341 1431 2104 1485 xto dico quod Sortes plus gaudet de suo gaudio &
1341 1472 2105 1520 beatitudine quam de beatitudine Platonis. nam ordo
1339 1515 2111 1572 charitatis quo ad hoc non mutatur in patria. Ad
1338 1568 2095 1618 propositionem autem beati Anselmi sufficit quod
1336 1610 2116 1663 in patria pallidus cum profundis oculis & coilus /
1338 1647 2120 1701 non inuideat Homero: nec poeta poetae: nec reli-
1342 1695 2117 1757 giosus religioso: nec licentiandi baccalaures in theo
1338 1741 2111 1788 logia sibi inuicem: sicut in hac valle miseriae. nul-
1333 1780 2116 1840 lus enim in patria dolebit suum concurrentem si
1342 1830 2117 1876 bi praelatum. illic tamen ordo licentiandorum ex
1341 1880 2114 1929 parte charitatis infusae & morum capit palmam:
1338 1916 2111 1967 hic autem ex parte scientiae & gratiae gratis datae:
1344 1962 2105 2014 & rationabiliter. Per hoc facile respondere potes
1344 2005 2110 2057 ad eiusmodufformas: est gaudium esse in beatitu-
1339 2051 2111 2097 dine vno die: duplum gaudium habere beatitu-
1347 2095 2108 2141 dinem duobus diebus: triplum tribus diebus: &
1349 2136 2098 2185 infinitum gaudium beatificari perpetuo. quia non
1348 2182 2105 2236 est reflexio super singulos dies in particulari: sed
1347 2227 2114 2275 vna confusa super totum tempus. Vides etiam
1350 2270 2101 2326 quod anhelans ad beneficia non tantum gaudet ade
1356 2318 2101 2370 pto secundo aequalis valoris quantum primo: nec in
1353 2366 2104 2413 tertio vt in secundo. cum in primo sit ei iam pro-
1345 2410 2102 2461 uisum de vita, & ponitur iudicio suo in honorem.
1345 2448 2084 2518 sic est in proposito. applica tu ipse solutionem.
1419 2576 2107 2661 ⁋ Distinctionis Quadragesimae
1491 2645 2104 2725 nonae Quaestio Duodecima-
