<?xml version="1.0" encoding="UTF-8" standalone="yes"?>
<PcGts xmlns="http://schema.primaresearch.org/PAGE/gts/pagecontent/2013-07-15" xmlns:xsi="http://www.w3.org/2001/XMLSchema-instance" xsi:schemaLocation="http://schema.primaresearch.org/PAGE/gts/pagecontent/2013-07-15 http://schema.primaresearch.org/PAGE/gts/pagecontent/2013-07-15/pagecontent.xsd">
    <Metadata>
        <Creator>prov=University of Rostock/Institute of Mathematics/CITlab|PLANET AI GmbH/Gundram Leifert/gundram.leifert@planet-ai.de:name=cod-Bda113-model2(htr_id=24733)::::v=2.6.6
prov=University of Rostock/Institute of Mathematics/CITlab|PLANET AI GmbH/Tobias Gruening/tobias.gruening@planet-ai.de:name=de.uros.citlab.module.baseline2polygon.B2PSeamMultiOriented:v=2.6.6
prov=University of Rostock/Institute of Mathematics/CITlab|PLANET AI GmbH/Tobias Gruening/tobias.gruening@planet-ai.de:name=/net_tf/LA73_249_0mod360.pb:de.uros.citlab.segmentation.CITlab_LA_ML:v=2.6.6
Transkribus</Creator>
        <Created>2020-04-17T22:25:32.477+02:00</Created>
        <LastChange>2020-06-19T09:29:02.596+02:00</LastChange>
        <TranskribusMetadata docId="371227" pageId="14533017" pageNr="781" tsid="32174948" status="IN_PROGRESS" userId="25065" imgUrl="https://files.transkribus.eu/Get?id=KZFBDQIUHBLRVUHVNYMNGUAD&amp;fileType=view" xmlUrl="https://files.transkribus.eu/Get?id=MLJLNEPEAZHYCLLGYQGECAZH" imageId="10489394"/>
    </Metadata>
    <Page imageFilename="0781.jpg" imageWidth="2335" imageHeight="3309">
        <ReadingOrder>
            <OrderedGroup id="ro_1592575856107" caption="Regions reading order">
                <RegionRefIndexed index="0" regionRef="r1"/>
                <RegionRefIndexed index="1" regionRef="r2"/>
            </OrderedGroup>
        </ReadingOrder>
        <TextRegion orientation="0.0" id="r1" custom="readingOrder {index:0;}">
            <Coords points="248,294 248,2803 1032,2803 1032,294"/>
            <TextLine id="r1l2" custom="readingOrder {index:0;}">
                <Coords points="258,407 1031,412 1031,373 989,351 920,376 816,348 757,373 258,364"/>
                <Baseline points="263,396 301,396 339,396 377,396 415,396 453,396 491,396 530,396 568,396 606,396 644,396 682,396 720,396 758,398 797,398 835,398 873,399 911,399 949,401 987,402 1026,404"/>
                <TextEquiv>
                    <Unicode>actualem omnia repraesentantem: ergo quilibet</Unicode>
                </TextEquiv>
            </TextLine>
            <TextLine id="r1l3" custom="readingOrder {index:1;}">
                <Coords points="270,450 1022,455 1022,419 956,409 270,405"/>
                <Baseline points="275,441 312,441 349,441 386,441 423,441 460,441 497,440 534,440 571,440 608,440 646,440 683,440 720,441 757,441 794,441 831,442 868,443 905,443 942,444 979,444 1017,446"/>
                <TextEquiv>
                    <Unicode>beatus cognoscit omnia, nego consequentiam</Unicode>
                </TextEquiv>
            </TextLine>
            <TextLine id="r1l4" custom="readingOrder {index:2;}">
                <Coords points="271,504 1037,503 1037,457 981,452 272,451"/>
                <Baseline points="276,483 313,485 351,485 389,485 427,485 465,485 502,485 540,485 578,485 616,485 654,485 691,485 729,485 767,485 805,485 843,486 880,486 918,488 956,489 994,489 1032,491"/>
                <TextEquiv>
                    <Unicode>Vnde dico possibile esse quod ego habeam notitiam</Unicode>
                </TextEquiv>
            </TextLine>
            <TextLine id="r1l5" custom="readingOrder {index:3;}">
                <Coords points="277,542 983,558 1028,546 1029,502 278,500"/>
                <Baseline points="282,530 319,530 356,530 393,530 430,530 467,530 504,530 541,530 578,530 615,530 652,530 689,530 726,530 763,530 800,530 837,531 874,531 911,533 948,533 985,534 1023,536"/>
                <TextEquiv>
                    <Unicode>actualem a. albedinis: &amp; non cognoscam vel appre</Unicode>
                </TextEquiv>
            </TextLine>
            <TextLine id="r1l6" custom="readingOrder {index:4;}">
                <Coords points="271,587 981,595 1033,591 1034,550 272,542"/>
                <Baseline points="276,575 313,575 351,575 388,575 426,575 464,575 501,575 539,575 576,575 614,575 652,575 689,575 727,575 764,575 802,576 840,576 877,577 915,578 952,579 990,580 1028,582"/>
                <TextEquiv>
                    <Unicode>hendam a. albedinem: siue notitia illa producatur</Unicode>
                </TextEquiv>
            </TextLine>
            <TextLine id="r1l7" custom="readingOrder {index:5;}">
                <Coords points="271,628 1027,633 1010,590 271,586"/>
                <Baseline points="276,617 313,618 350,618 387,618 425,618 462,620 499,620 537,620 574,620 611,620 649,620 686,620 723,620 760,620 798,620 835,620 872,621 910,621 947,623 984,623 1022,624"/>
                <TextEquiv>
                    <Unicode>effectiue ab intellectu meo, siue totaliter a deo. nam</Unicode>
                </TextEquiv>
            </TextLine>
            <TextLine id="r1l8" custom="readingOrder {index:6;}">
                <Coords points="274,671 1028,678 1028,645 1000,633 274,639"/>
                <Baseline points="279,662 316,662 353,663 390,663 427,663 465,663 502,663 539,663 576,665 613,665 651,665 688,665 725,665 762,665 799,665 837,666 874,666 911,666 948,667 985,668 1023,668"/>
                <TextEquiv>
                    <Unicode>potentia mea est operatiua mediante illa notitia:</Unicode>
                </TextEquiv>
            </TextLine>
            <TextLine id="r1l9" custom="readingOrder {index:7;}">
                <Coords points="264,718 1008,724 1032,680 265,678"/>
                <Baseline points="269,707 306,707 344,708 382,708 420,708 458,708 496,708 533,708 571,710 609,710 647,710 685,710 723,710 761,710 798,711 836,711 874,711 912,711 950,711 988,711 1026,713"/>
                <TextEquiv>
                    <Unicode>hoc est, tendit actualiter in obiectum mediante il-</Unicode>
                </TextEquiv>
            </TextLine>
            <TextLine id="r1l10" custom="readingOrder {index:8;}">
                <Coords points="258,758 1022,768 1022,733 965,719 258,715"/>
                <Baseline points="263,750 300,752 338,752 376,752 413,752 451,753 489,753 526,753 564,753 602,753 640,753 677,753 715,755 753,755 790,755 828,755 866,756 903,756 941,756 979,758 1017,758"/>
                <TextEquiv>
                    <Unicode>la: sed deus potest non concurrere ad illam actua</Unicode>
                </TextEquiv>
            </TextLine>
            <TextLine id="r1l11" custom="readingOrder {index:9;}">
                <Coords points="258,806 1019,812 1019,768 258,767"/>
                <Baseline points="263,794 300,794 338,795 375,795 413,795 450,797 488,797 525,798 563,798 600,798 638,798 676,800 713,800 751,800 788,800 826,800 863,801 901,801 938,801 976,801 1014,801"/>
                <TextEquiv>
                    <Unicode>lem tendentiam, scilicet cognoscendi obiectum</Unicode>
                </TextEquiv>
            </TextLine>
            <TextLine id="r1l12" custom="readingOrder {index:10;}">
                <Coords points="262,856 1030,860 1030,809 262,809"/>
                <Baseline points="267,839 304,840 342,841 380,842 418,842 456,842 494,842 532,843 570,843 608,843 646,843 683,843 721,843 759,843 797,843 835,843 873,844 911,845 949,846 987,846 1025,849"/>
                <TextEquiv>
                    <Unicode>&amp; si non concurrat ad hoc: nihil cognoscam. &amp; si</Unicode>
                </TextEquiv>
            </TextLine>
            <TextLine id="r1l13" custom="readingOrder {index:11;}">
                <Coords points="259,890 1005,904 1022,857 259,858"/>
                <Baseline points="264,884 301,884 339,884 376,885 414,885 452,885 489,885 527,885 564,887 602,887 640,887 677,887 715,888 752,888 790,888 828,890 865,890 903,890 940,890 978,890 1016,891"/>
                <TextEquiv>
                    <Unicode>deus possit illud facere respectu notitiae a. albedi-</Unicode>
                </TextEquiv>
            </TextLine>
            <TextLine id="r1l14" custom="readingOrder {index:12;}">
                <Coords points="265,937 1016,946 1016,899 265,899"/>
                <Baseline points="270,927 307,929 344,929 381,929 418,929 455,930 492,930 529,930 566,930 603,930 640,932 677,932 714,932 751,932 788,932 825,933 862,933 899,933 936,933 973,935 1011,935"/>
                <TextEquiv>
                    <Unicode>nis, vt opinor: idem potest facere respectu cuiusi</Unicode>
                </TextEquiv>
            </TextLine>
            <TextLine id="r1l15" custom="readingOrder {index:13;}">
                <Coords points="265,982 1028,990 1028,951 988,942 265,946"/>
                <Baseline points="270,974 307,974 345,974 382,974 420,974 458,974 495,975 533,975 571,975 608,975 646,976 684,977 721,977 759,977 797,978 834,978 872,978 910,978 947,980 985,980 1023,980"/>
                <TextEquiv>
                    <Unicode>cunque alterius obiecti. Ex quo sequitur quod stat bea-</Unicode>
                </TextEquiv>
            </TextLine>
            <TextLine id="r1l16" custom="readingOrder {index:14;}">
                <Coords points="258,1030 1019,1044 1020,999 955,989 259,990"/>
                <Baseline points="263,1016 300,1016 338,1016 375,1016 413,1017 450,1017 488,1018 525,1019 563,1019 600,1019 638,1020 676,1020 713,1022 751,1022 788,1022 826,1022 863,1022 901,1023 938,1023 976,1023 1014,1022"/>
                <TextEquiv>
                    <Unicode>tum clare videre deum / nullam creaturam cogno</Unicode>
                </TextEquiv>
            </TextLine>
            <TextLine id="r1l17" custom="readingOrder {index:15;}">
                <Coords points="255,1072 1028,1077 1028,1042 890,1029 255,1032"/>
                <Baseline points="260,1061 298,1061 336,1061 374,1062 412,1062 450,1062 488,1062 527,1064 565,1064 603,1064 641,1065 679,1065 717,1065 755,1065 794,1067 832,1067 870,1067 908,1068 946,1068 984,1068 1023,1070"/>
                <TextEquiv>
                    <Unicode>scendo. quod patet: quia deus potest non concurre</Unicode>
                </TextEquiv>
            </TextLine>
            <TextLine id="r1l18" custom="readingOrder {index:16;}">
                <Coords points="271,1114 1030,1123 1007,1075 271,1074"/>
                <Baseline points="276,1106 313,1106 350,1107 388,1107 425,1107 463,1107 500,1108 538,1109 575,1109 613,1109 650,1109 687,1109 725,1110 762,1110 800,1110 837,1110 875,1110 912,1112 950,1112 987,1112 1025,1112"/>
                <TextEquiv>
                    <Unicode>re ad illam tendentiam cum illa creatura / concur-</Unicode>
                </TextEquiv>
            </TextLine>
            <TextLine id="r1l19" custom="readingOrder {index:17;}">
                <Coords points="265,1163 1016,1170 1016,1133 954,1119 266,1119"/>
                <Baseline points="270,1148 307,1149 344,1151 381,1151 418,1152 455,1152 492,1153 529,1154 566,1154 603,1154 640,1154 677,1154 714,1155 751,1155 788,1155 825,1155 862,1155 899,1155 936,1156 973,1157 1011,1157"/>
                <TextEquiv>
                    <Unicode>rendo ad visionem eius. sed quod aliquis possit habe</Unicode>
                </TextEquiv>
            </TextLine>
            <TextLine id="r1l20" custom="readingOrder {index:18;}">
                <Coords points="259,1205 1028,1213 1028,1172 967,1164 259,1173"/>
                <Baseline points="264,1193 303,1193 343,1194 383,1194 423,1196 463,1196 503,1196 543,1197 583,1197 623,1198 663,1199 703,1199 743,1199 783,1199 823,1200 863,1200 903,1200 943,1200 983,1200 1023,1200"/>
                <TextEquiv>
                    <Unicode>re visionem dei / &amp; non cognoscere deum actualiter:</Unicode>
                </TextEquiv>
            </TextLine>
            <TextLine id="r1l21" custom="readingOrder {index:19;}">
                <Coords points="268,1246 1016,1253 1009,1207 268,1203"/>
                <Baseline points="273,1238 309,1238 346,1239 383,1239 420,1239 457,1239 494,1240 531,1241 568,1241 605,1242 642,1242 678,1243 715,1244 752,1244 789,1244 826,1244 863,1245 900,1245 937,1245 974,1244 1011,1244"/>
                <TextEquiv>
                    <Unicode>non sequitur. Vlterius infero quod notitia actualis non</Unicode>
                </TextEquiv>
            </TextLine>
            <TextLine id="r1l22" custom="readingOrder {index:20;}">
                <Coords points="262,1293 1027,1302 1027,1271 959,1253 262,1255"/>
                <Baseline points="267,1283 304,1283 342,1283 380,1284 418,1284 455,1284 493,1285 531,1286 569,1286 606,1287 644,1287 682,1287 720,1289 757,1289 795,1289 833,1290 871,1290 908,1290 946,1290 984,1290 1022,1290"/>
                <TextEquiv>
                    <Unicode>distinguitur a notitia habituali / per hoc quod actua-</Unicode>
                </TextEquiv>
            </TextLine>
            <TextLine id="r1l23" custom="readingOrder {index:21;}">
                <Coords points="251,1336 1024,1352 1013,1299 252,1293"/>
                <Baseline points="257,1326 295,1326 333,1326 371,1327 409,1328 447,1328 485,1328 523,1329 561,1329 599,1329 638,1331 676,1331 714,1331 752,1332 790,1332 828,1332 866,1334 904,1334 942,1334 980,1334 1019,1335"/>
                <TextEquiv>
                    <Unicode>lem habens actualiter tendit in oblectum / ipsum</Unicode>
                </TextEquiv>
            </TextLine>
            <TextLine id="r1l24" custom="readingOrder {index:22;}">
                <Coords points="259,1386 1031,1393 1031,1357 957,1342 259,1343"/>
                <Baseline points="264,1370 302,1371 340,1372 378,1373 416,1373 454,1374 492,1374 530,1374 568,1375 606,1376 645,1376 683,1376 721,1376 759,1376 797,1377 835,1377 873,1377 911,1377 949,1379 987,1379 1026,1379"/>
                <TextEquiv>
                    <Unicode>cognoscendo: sed per hoc quod illud faceret nisi deus</Unicode>
                </TextEquiv>
            </TextLine>
            <TextLine id="r1l25" custom="readingOrder {index:23;}">
                <Coords points="262,1425 1015,1435 1015,1392 992,1387 262,1386"/>
                <Baseline points="267,1415 304,1416 341,1416 378,1417 415,1418 452,1418 489,1418 527,1419 564,1419 601,1419 638,1419 675,1419 712,1419 749,1419 787,1421 824,1421 861,1421 898,1422 935,1422 972,1424 1010,1425"/>
                <TextEquiv>
                    <Unicode>non concurreret. Sed contra hoc arguitur. Ex ista</Unicode>
                </TextEquiv>
            </TextLine>
            <TextLine id="r1l26" custom="readingOrder {index:24;}">
                <Coords points="268,1480 936,1485 1018,1474 1019,1438 269,1436"/>
                <Baseline points="273,1460 310,1460 347,1461 384,1461 421,1461 458,1463 495,1463 532,1463 569,1464 606,1464 643,1464 680,1464 717,1465 754,1466 791,1466 828,1466 865,1466 902,1466 939,1467 976,1467 1013,1467"/>
                <TextEquiv>
                    <Unicode>positione sequitur: quod quilibet beatus cognosce-</Unicode>
                </TextEquiv>
            </TextLine>
            <TextLine id="r1l27" custom="readingOrder {index:25;}">
                <Coords points="258,1513 952,1534 1015,1521 1016,1477 259,1481"/>
                <Baseline points="264,1502 301,1503 338,1504 375,1506 413,1506 450,1507 487,1508 525,1508 562,1508 599,1508 637,1508 674,1508 711,1508 748,1508 786,1509 823,1509 860,1509 898,1510 935,1511 972,1512 1010,1514"/>
                <TextEquiv>
                    <Unicode>ret omnia si deus secum concurreret. Nam quili-</Unicode>
                </TextEquiv>
            </TextLine>
            <TextLine id="r1l28" custom="readingOrder {index:26;}">
                <Coords points="252,1563 1018,1574 1008,1524 252,1518"/>
                <Baseline points="257,1548 294,1550 332,1550 370,1550 408,1550 446,1551 483,1551 521,1551 559,1551 597,1551 635,1553 672,1553 710,1553 748,1553 786,1554 824,1554 861,1554 899,1555 937,1556 975,1556 1013,1557"/>
                <TextEquiv>
                    <Unicode>bet beatus habet notitiam actualem omnia reprae</Unicode>
                </TextEquiv>
            </TextLine>
            <TextLine id="r1l29" custom="readingOrder {index:27;}">
                <Coords points="265,1600 1018,1611 1018,1577 955,1560 707,1576 265,1556"/>
                <Baseline points="270,1592 307,1593 344,1594 381,1595 418,1595 455,1596 492,1596 530,1596 567,1598 604,1598 641,1598 678,1598 715,1598 752,1598 790,1599 827,1599 864,1599 901,1600 938,1601 975,1601 1013,1602"/>
                <TextEquiv>
                    <Unicode>sentantem: &amp; potest ad hoc concurrere deus si vo</Unicode>
                </TextEquiv>
            </TextLine>
            <TextLine id="r1l30" custom="readingOrder {index:28;}">
                <Coords points="259,1645 1010,1662 994,1605 260,1602"/>
                <Baseline points="264,1637 301,1637 338,1638 375,1638 412,1638 449,1639 486,1640 523,1640 560,1640 597,1641 634,1641 671,1641 708,1643 745,1643 782,1643 819,1643 856,1644 893,1644 930,1644 967,1644 1005,1646"/>
                <TextEquiv>
                    <Unicode>luerit: ergo quilibet beatus potest comprehende,</Unicode>
                </TextEquiv>
            </TextLine>
            <TextLine id="r1l31" custom="readingOrder {index:29;}">
                <Coords points="249,1689 1018,1699 1018,1664 952,1654 249,1654"/>
                <Baseline points="254,1680 293,1682 333,1683 373,1684 413,1685 453,1685 493,1685 533,1685 573,1685 613,1686 653,1686 693,1686 733,1686 773,1686 813,1686 853,1688 893,1688 933,1689 973,1689 1013,1692"/>
                <TextEquiv>
                    <Unicode>re deum. Respondetur. dato toto antecedente: ne</Unicode>
                </TextEquiv>
            </TextLine>
            <TextLine id="r1l32" custom="readingOrder {index:30;}">
                <Coords points="253,1742 1019,1746 1019,1707 978,1700 253,1694"/>
                <Baseline points="258,1728 295,1728 333,1728 371,1728 409,1728 447,1728 484,1728 522,1728 560,1730 598,1730 636,1730 673,1731 711,1731 749,1733 787,1733 825,1733 862,1733 900,1734 938,1734 976,1734 1014,1733"/>
                <TextEquiv>
                    <Unicode>go quod beatus propterea deum comprehendat. nam</Unicode>
                </TextEquiv>
            </TextLine>
            <TextLine id="r1l33" custom="readingOrder {index:31;}">
                <Coords points="258,1779 969,1795 1016,1786 1017,1743 258,1741"/>
                <Baseline points="263,1770 300,1770 337,1770 375,1770 412,1770 450,1772 487,1772 524,1773 562,1773 599,1775 637,1775 674,1776 711,1776 749,1777 786,1778 824,1778 861,1778 898,1778 936,1778 973,1778 1011,1778"/>
                <TextEquiv>
                    <Unicode>sicut ad intelligendum intuitiue deum / non sequi-</Unicode>
                </TextEquiv>
            </TextLine>
            <TextLine id="r1l34" custom="readingOrder {index:32;}">
                <Coords points="255,1827 850,1827 904,1847 1024,1831 1025,1792 256,1789"/>
                <Baseline points="261,1814 300,1815 340,1815 380,1815 420,1816 460,1817 500,1817 540,1818 580,1818 620,1818 660,1820 700,1820 740,1820 780,1821 820,1821 860,1822 900,1823 940,1823 980,1823 1020,1823"/>
                <TextEquiv>
                    <Unicode>tur quod deus comprehendatur: sic nec ad quamlibet</Unicode>
                </TextEquiv>
            </TextLine>
            <TextLine id="r1l35" custom="readingOrder {index:33;}">
                <Coords points="265,1867 939,1888 1019,1877 1020,1835 266,1827"/>
                <Baseline points="270,1862 307,1860 344,1860 381,1860 418,1860 456,1860 493,1862 530,1862 567,1862 604,1863 642,1863 679,1863 716,1865 753,1865 790,1865 828,1866 865,1866 902,1866 939,1868 976,1868 1014,1868"/>
                <TextEquiv>
                    <Unicode>creaturam cognoscendam etiam distincte sequitur</Unicode>
                </TextEquiv>
            </TextLine>
            <TextLine id="r1l36" custom="readingOrder {index:34;}">
                <Coords points="256,1922 932,1933 1022,1922 1023,1883 257,1876"/>
                <Baseline points="261,1905 298,1905 336,1905 374,1905 412,1907 450,1907 487,1907 525,1907 563,1907 601,1908 639,1908 676,1909 714,1910 752,1910 790,1911 828,1911 865,1911 903,1913 941,1913 979,1913 1017,1914"/>
                <TextEquiv>
                    <Unicode>quod deus comprehendatur. Deus tamen de poten</Unicode>
                </TextEquiv>
            </TextLine>
            <TextLine id="r1l37" custom="readingOrder {index:35;}">
                <Coords points="259,1957 1010,1965 989,1925 259,1922"/>
                <Baseline points="264,1947 301,1949 338,1949 375,1949 412,1950 449,1950 486,1950 523,1952 560,1952 597,1952 634,1952 671,1953 708,1953 745,1953 782,1955 819,1955 856,1955 893,1956 930,1956 967,1958 1005,1958"/>
                <TextEquiv>
                    <Unicode>tia absoluta, vt opinor, potest facere quod vna crea</Unicode>
                </TextEquiv>
            </TextLine>
            <TextLine id="r1l38" custom="readingOrder {index:36;}">
                <Coords points="261,2011 825,2005 859,2023 1021,2013 1022,1977 262,1966"/>
                <Baseline points="266,1995 303,1994 341,1994 378,1994 416,1995 453,1995 491,1995 528,1995 566,1997 603,1997 641,1997 678,1998 716,1998 753,1998 791,2000 828,2000 866,2000 903,2001 941,2001 978,2001 1016,2001"/>
                <TextEquiv>
                    <Unicode>tura cum ope sua omnia distincte cognoscat: si-</Unicode>
                </TextEquiv>
            </TextLine>
            <TextLine id="r1l39" custom="readingOrder {index:37;}">
                <Coords points="253,2049 1018,2058 1003,2009 253,2010"/>
                <Baseline points="258,2039 295,2039 333,2039 371,2039 409,2039 446,2039 484,2039 522,2039 560,2040 597,2040 635,2040 673,2042 711,2042 748,2043 786,2043 824,2043 862,2045 899,2045 937,2046 975,2046 1013,2046"/>
                <TextEquiv>
                    <Unicode>cut potest facere infinitum intensiue &amp; extensiue.</Unicode>
                </TextEquiv>
            </TextLine>
            <TextLine id="r1l40" custom="readingOrder {index:38;}">
                <Coords points="243,2084 974,2110 1002,2103 1003,2060 243,2061"/>
                <Baseline points="248,2081 285,2081 323,2081 360,2082 398,2082 435,2082 473,2084 510,2084 548,2084 585,2085 623,2085 660,2087 698,2087 735,2087 773,2088 810,2088 848,2090 885,2090 923,2090 960,2091 998,2091"/>
                <TextEquiv>
                    <Unicode>non tamen propterea sequitur quod deus compre</Unicode>
                </TextEquiv>
            </TextLine>
            <TextLine id="r1l41" custom="readingOrder {index:39;}">
                <Coords points="251,2140 916,2154 1009,2143 1010,2098 252,2093"/>
                <Baseline points="257,2127 294,2126 331,2126 369,2126 406,2126 443,2127 481,2127 518,2127 555,2127 593,2129 630,2129 667,2130 705,2130 742,2131 779,2132 817,2133 854,2133 891,2133 929,2135 966,2135 1004,2136"/>
                <TextEquiv>
                    <Unicode>hendatur. Dico sane nonnulla quae antiqui non</Unicode>
                </TextEquiv>
            </TextLine>
            <TextLine id="r1l42" custom="readingOrder {index:40;}">
                <Coords points="250,2183 933,2199 1015,2195 1016,2154 251,2140"/>
                <Baseline points="255,2171 292,2171 330,2171 368,2171 406,2172 443,2172 481,2172 519,2172 557,2173 594,2174 632,2174 670,2175 708,2175 745,2175 783,2177 821,2177 859,2177 896,2178 934,2179 972,2180 1010,2181"/>
                <TextEquiv>
                    <Unicode>concederent. sed mea non interest: quia in parte</Unicode>
                </TextEquiv>
            </TextLine>
            <TextLine id="r1l43" custom="readingOrder {index:41;}">
                <Coords points="253,2229 962,2237 1018,2231 1019,2199 254,2187"/>
                <Baseline points="258,2213 295,2214 333,2214 371,2214 409,2214 446,2216 484,2216 522,2216 560,2217 597,2217 635,2217 673,2219 711,2219 748,2219 786,2220 824,2220 862,2222 899,2222 937,2222 975,2223 1013,2223"/>
                <TextEquiv>
                    <Unicode>capio fundamentum quo communiter vsi sunt:</Unicode>
                </TextEquiv>
            </TextLine>
            <TextLine id="r1l44" custom="readingOrder {index:42;}">
                <Coords points="256,2272 971,2288 1007,2281 1008,2233 257,2227"/>
                <Baseline points="261,2258 298,2258 335,2259 372,2259 409,2261 446,2261 483,2261 520,2261 557,2262 594,2262 631,2262 668,2264 705,2264 742,2264 779,2265 816,2265 853,2266 890,2267 927,2268 964,2268 1002,2270"/>
                <TextEquiv>
                    <Unicode>&amp; dico consequenter / non respiciendo quid ipsi</Unicode>
                </TextEquiv>
            </TextLine>
            <TextLine id="r1l45" custom="readingOrder {index:43;}">
                <Coords points="247,2308 1018,2330 1018,2285 983,2278 247,2277"/>
                <Baseline points="252,2303 290,2304 328,2304 366,2304 404,2306 442,2306 480,2306 518,2307 556,2307 594,2307 632,2309 670,2309 708,2309 746,2310 784,2310 822,2310 860,2311 898,2312 936,2312 974,2313 1013,2313"/>
                <TextEquiv>
                    <Unicode>dicturi essent. Insuper dico, mihi eorum funda-</Unicode>
                </TextEquiv>
            </TextLine>
            <TextLine id="r1l46" custom="readingOrder {index:44;}">
                <Coords points="252,2357 312,2369 423,2359 460,2362 476,2375 522,2358 599,2364 600,2332 541,2320 526,2328 502,2314 445,2325 253,2320"/>
                <Baseline points="258,2348 283,2348 309,2349 335,2349 361,2349 387,2351 413,2351 438,2351 464,2351 490,2352 516,2352 542,2354 568,2354 594,2357"/>
                <TextEquiv>
                    <Unicode>mentum non placere.</Unicode>
                </TextEquiv>
            </TextLine>
            <TextLine id="r1l47" custom="readingOrder {index:45;}">
                <Coords points="246,2452 424,2431 486,2457 545,2438 1012,2455 1013,2409 814,2367 617,2368 569,2404 471,2382 401,2403 336,2363 248,2373"/>
                <Baseline points="252,2430 289,2429 327,2428 365,2427 403,2427 441,2427 478,2427 516,2429 554,2429 592,2430 630,2430 667,2432 705,2433 743,2433 781,2435 819,2435 856,2436 894,2436 932,2436 970,2436 1008,2436"/>
                <TextEquiv>
                    <Unicode>⁋ Teneo igitur solum secundam viam:</Unicode>
                </TextEquiv>
            </TextLine>
            <TextLine id="r1l48" custom="readingOrder {index:46;}">
                <Coords points="247,2488 947,2503 1012,2500 1013,2460 248,2452"/>
                <Baseline points="252,2475 289,2475 327,2475 365,2477 403,2477 440,2477 478,2478 516,2478 554,2480 591,2480 629,2481 667,2481 705,2483 742,2483 780,2484 818,2484 856,2485 893,2486 931,2486 969,2487 1007,2487"/>
                <TextEquiv>
                    <Unicode>quod creatura non videtur in verbo per visionem</Unicode>
                </TextEquiv>
            </TextLine>
            <TextLine id="r1l49" custom="readingOrder {index:47;}">
                <Coords points="256,2527 908,2553 1007,2539 1008,2499 257,2489"/>
                <Baseline points="261,2517 298,2519 335,2520 372,2522 409,2522 446,2523 483,2523 520,2525 557,2525 594,2525 631,2525 668,2525 705,2526 742,2526 779,2526 816,2526 853,2528 890,2528 927,2529 964,2529 1002,2531"/>
                <TextEquiv>
                    <Unicode>beatificam: sed per alias notitias a deo produ- </Unicode>
                </TextEquiv>
            </TextLine>
            <TextLine id="r1l50" custom="readingOrder {index:48;}">
                <Coords points="250,2580 1001,2590 1002,2548 251,2534"/>
                <Baseline points="255,2561 292,2562 329,2564 366,2565 403,2566 440,2567 477,2567 514,2568 551,2568 588,2568 625,2568 662,2568 699,2570 736,2570 773,2570 810,2570 847,2571 884,2571 921,2573 958,2574 996,2574"/>
                <TextEquiv>
                    <Unicode>ctas / siue a beato productas partialiter, siue a deo</Unicode>
                </TextEquiv>
            </TextLine>
            <TextLine id="r1l51" custom="readingOrder {index:49;}">
                <Coords points="246,2617 975,2636 1012,2630 1013,2602 247,2581"/>
                <Baseline points="251,2604 288,2606 326,2607 364,2609 402,2610 440,2611 477,2612 515,2612 553,2613 591,2613 629,2613 666,2613 704,2615 742,2615 780,2615 818,2616 855,2616 893,2618 931,2618 969,2620 1007,2622"/>
                <TextEquiv>
                    <Unicode>totaliter. Hanc autem materiam in. xiiii. distinctio.</Unicode>
                </TextEquiv>
            </TextLine>
            <TextLine id="r1l52" custom="readingOrder {index:50;}">
                <Coords points="250,2665 1003,2676 1003,2642 962,2628 251,2618"/>
                <Baseline points="255,2652 292,2653 329,2654 366,2654 403,2654 440,2654 477,2655 515,2655 552,2655 589,2656 626,2657 663,2657 700,2658 737,2658 775,2660 812,2661 849,2661 886,2663 923,2664 960,2665 998,2667"/>
                <TextEquiv>
                    <Unicode>Tertii latius deduco: quapropter transeo. Sed ad</Unicode>
                </TextEquiv>
            </TextLine>
            <TextLine id="r1l53" custom="readingOrder {index:51;}">
                <Coords points="253,2704 1002,2730 1003,2685 253,2664"/>
                <Baseline points="258,2693 295,2694 332,2696 369,2697 406,2699 443,2699 480,2700 517,2700 554,2702 591,2702 628,2702 665,2702 702,2703 739,2703 776,2703 813,2704 850,2705 887,2705 924,2706 961,2708 998,2709"/>
                <TextEquiv>
                    <Unicode>visionem dei requiri opinor quod quilibet beatus</Unicode>
                </TextEquiv>
            </TextLine>
            <TextLine id="r1l54" custom="readingOrder {index:52;}">
                <Coords points="253,2748 925,2777 1031,2757 1031,2733 958,2715 254,2711"/>
                <Baseline points="258,2736 296,2738 334,2741 373,2742 411,2743 450,2744 488,2745 526,2747 565,2747 603,2748 642,2748 680,2748 718,2750 757,2750 795,2750 834,2751 872,2751 910,2753 949,2753 987,2754 1026,2756"/>
                <TextEquiv>
                    <Unicode>videat illa quae ad se pertinent. haec enim deus ipsi ex</Unicode>
                </TextEquiv>
            </TextLine>
            <TextLine id="r1l55" custom="readingOrder {index:53;}">
                <Coords points="249,2813 286,2803 394,2814 423,2795 459,2808 617,2798 617,2760 580,2753 556,2767 502,2768 476,2756 430,2764 418,2751 396,2763 369,2751 251,2748"/>
                <Baseline points="255,2786 280,2787 306,2787 331,2789 357,2789 382,2790 408,2790 433,2792 459,2792 484,2792 510,2793 535,2793 561,2793 586,2793 612,2792"/>
                <TextEquiv>
                    <Unicode>suo beneplacito reuelat.</Unicode>
                </TextEquiv>
            </TextLine>
            <TextEquiv>
                <Unicode>actualem omnia repraesentantem: ergo quilibet
beatus cognoscit omnia, nego consequentiam
Vnde dico possibile esse quod ego habeam notitiam
actualem a. albedinis: &amp; non cognoscam vel appre
hendam a. albedinem: siue notitia illa producatur
effectiue ab intellectu meo, siue totaliter a deo. nam
potentia mea est operatiua mediante illa notitia:
hoc est, tendit actualiter in obiectum mediante il-
la: sed deus potest non concurrere ad illam actua
lem tendentiam, scilicet cognoscendi obiectum
&amp; si non concurrat ad hoc: nihil cognoscam. &amp; si
deus possit illud facere respectu notitiae a. albedi-
nis, vt opinor: idem potest facere respectu cuiusi
cunque alterius obiecti. Ex quo sequitur quod stat bea-
tum clare videre deum / nullam creaturam cogno
scendo. quod patet: quia deus potest non concurre
re ad illam tendentiam cum illa creatura / concur-
rendo ad visionem eius. sed quod aliquis possit habe
re visionem dei / &amp; non cognoscere deum actualiter:
non sequitur. Vlterius infero quod notitia actualis non
distinguitur a notitia habituali / per hoc quod actua-
lem habens actualiter tendit in oblectum / ipsum
cognoscendo: sed per hoc quod illud faceret nisi deus
non concurreret. Sed contra hoc arguitur. Ex ista
positione sequitur: quod quilibet beatus cognosce-
ret omnia si deus secum concurreret. Nam quili-
bet beatus habet notitiam actualem omnia reprae
sentantem: &amp; potest ad hoc concurrere deus si vo
luerit: ergo quilibet beatus potest comprehende,
re deum. Respondetur. dato toto antecedente: ne
go quod beatus propterea deum comprehendat. nam
sicut ad intelligendum intuitiue deum / non sequi-
tur quod deus comprehendatur: sic nec ad quamlibet
creaturam cognoscendam etiam distincte sequitur
quod deus comprehendatur. Deus tamen de poten
tia absoluta, vt opinor, potest facere quod vna crea
tura cum ope sua omnia distincte cognoscat: si-
cut potest facere infinitum intensiue &amp; extensiue.
non tamen propterea sequitur quod deus compre
hendatur. Dico sane nonnulla quae antiqui non
concederent. sed mea non interest: quia in parte
capio fundamentum quo communiter vsi sunt:
&amp; dico consequenter / non respiciendo quid ipsi
dicturi essent. Insuper dico, mihi eorum funda-
mentum non placere.
⁋ Teneo igitur solum secundam viam:
quod creatura non videtur in verbo per visionem
beatificam: sed per alias notitias a deo produ- 
ctas / siue a beato productas partialiter, siue a deo
totaliter. Hanc autem materiam in. xiiii. distinctio.
Tertii latius deduco: quapropter transeo. Sed ad
visionem dei requiri opinor quod quilibet beatus
videat illa quae ad se pertinent. haec enim deus ipsi ex
suo beneplacito reuelat.</Unicode>
            </TextEquiv>
        </TextRegion>
        <TextRegion orientation="0.0" id="r2" custom="readingOrder {index:1;}">
            <Coords points="1055,293 1055,2824 1868,2824 1868,293"/>
            <TextLine id="r2l2" custom="readingOrder {index:0;}">
                <Coords points="1105,435 1865,427 1848,377 1725,382 1700,362 1652,385 1264,379 1181,356 1105,379"/>
                <Baseline points="1110,417 1147,417 1185,415 1222,414 1260,414 1297,413 1335,413 1372,413 1410,413 1447,413 1485,413 1522,413 1560,413 1597,413 1635,413 1672,413 1710,414 1747,414 1785,416 1822,416 1860,417"/>
                <TextEquiv>
                    <Unicode>⁋ Contra hoc arguitur per beatum</Unicode>
                </TextEquiv>
            </TextLine>
            <TextLine id="r2l3" custom="readingOrder {index:1;}">
                <Coords points="1111,469 1873,473 1873,428 1111,432"/>
                <Baseline points="1116,461 1153,462 1191,462 1228,462 1266,462 1304,462 1341,462 1379,462 1416,462 1454,462 1492,462 1529,462 1567,464 1604,464 1642,464 1680,464 1717,465 1755,465 1792,467 1830,467 1868,468"/>
                <TextEquiv>
                    <Unicode>Gregorium. iiii. Dialogorum dicentem. Quid est</Unicode>
                </TextEquiv>
            </TextLine>
            <TextLine id="r2l4" custom="readingOrder {index:2;}">
                <Coords points="1116,525 1859,526 1873,473 1116,479"/>
                <Baseline points="1121,507 1158,507 1195,507 1233,507 1270,507 1307,507 1345,507 1382,507 1419,507 1457,507 1494,506 1531,506 1569,506 1606,506 1643,507 1681,507 1718,507 1755,508 1793,509 1830,510 1868,512"/>
                <TextEquiv>
                    <Unicode>quod non videant, qui videntem omnia vident?</Unicode>
                </TextEquiv>
            </TextLine>
            <TextLine id="r2l5" custom="readingOrder {index:3;}">
                <Coords points="1107,562 1871,573 1872,524 1107,523"/>
                <Baseline points="1112,551 1149,552 1187,552 1225,552 1262,552 1300,552 1338,552 1375,552 1413,552 1451,552 1489,552 1526,552 1564,552 1602,552 1639,553 1677,554 1715,554 1752,554 1790,555 1828,555 1866,557"/>
                <TextEquiv>
                    <Unicode>sed deus videt omnia: ergo qui deum videt / omnia</Unicode>
                </TextEquiv>
            </TextLine>
            <TextLine id="r2l6" custom="readingOrder {index:4;}">
                <Coords points="1107,610 1865,614 1865,565 1840,562 1107,568"/>
                <Baseline points="1112,597 1149,597 1186,597 1224,597 1261,597 1299,597 1336,597 1373,597 1411,597 1448,597 1486,597 1523,597 1560,597 1598,597 1635,597 1673,599 1710,599 1747,599 1785,600 1822,600 1860,602"/>
                <TextEquiv>
                    <Unicode>videt. ⁋ Secundo arguitur. qui intelligit maius,</Unicode>
                </TextEquiv>
            </TextLine>
            <TextLine id="r2l7" custom="readingOrder {index:5;}">
                <Coords points="1101,646 1198,665 1861,658 1862,614 1839,608 1102,605"/>
                <Baseline points="1106,639 1143,639 1181,641 1218,641 1256,641 1293,641 1331,641 1368,641 1406,642 1443,642 1481,642 1518,642 1556,642 1593,642 1631,642 1668,642 1706,643 1743,644 1781,644 1818,644 1856,645"/>
                <TextEquiv>
                    <Unicode>intelligit illud quod minus est. vt dicit Aristote-</Unicode>
                </TextEquiv>
            </TextLine>
            <TextLine id="r2l8" custom="readingOrder {index:6;}">
                <Coords points="1101,693 1870,699 1853,655 1101,651"/>
                <Baseline points="1106,687 1145,687 1185,686 1225,686 1265,686 1305,686 1345,686 1385,686 1425,687 1465,687 1505,687 1545,687 1585,687 1625,687 1665,687 1705,689 1745,689 1785,689 1825,690 1865,690"/>
                <TextEquiv>
                    <Unicode>les. iii. de anima. sed omnes creaturae possibiles sunt</Unicode>
                </TextEquiv>
            </TextLine>
            <TextLine id="r2l9" custom="readingOrder {index:7;}">
                <Coords points="1104,740 1858,739 1858,704 1823,695 1104,694"/>
                <Baseline points="1109,729 1146,731 1183,731 1220,731 1257,731 1295,731 1332,732 1369,732 1406,732 1443,732 1481,732 1518,732 1555,732 1592,732 1629,732 1667,732 1704,732 1741,732 1778,732 1815,732 1853,734"/>
                <TextEquiv>
                    <Unicode>minores deo: ergo facilius est omnes creaturas</Unicode>
                </TextEquiv>
            </TextLine>
            <TextLine id="r2l10" custom="readingOrder {index:8;}">
                <Coords points="1098,791 1654,778 1856,798 1856,741 1098,742"/>
                <Baseline points="1103,777 1140,776 1177,776 1215,774 1252,774 1290,774 1327,774 1364,774 1402,775 1439,776 1477,776 1514,776 1551,777 1589,777 1626,777 1664,777 1701,777 1738,777 1776,777 1813,777 1851,777"/>
                <TextEquiv>
                    <Unicode>possibiles videre quam deum. ⁋ Respondetur ad primum: quod</Unicode>
                </TextEquiv>
            </TextLine>
            <TextLine id="r2l11" custom="readingOrder {index:9;}">
                <Coords points="1099,828 1862,834 1862,794 1818,783 1099,792"/>
                <Baseline points="1104,818 1141,819 1179,820 1216,821 1254,821 1292,821 1329,821 1367,821 1405,821 1442,821 1480,821 1518,821 1555,819 1593,819 1631,819 1668,819 1706,821 1744,821 1781,821 1819,822 1857,824"/>
                <TextEquiv>
                    <Unicode>beatus Gregorius loquitur quo ad sufficientiam. Ad</Unicode>
                </TextEquiv>
            </TextLine>
            <TextLine id="r2l12" custom="readingOrder {index:10;}">
                <Coords points="1095,871 1870,878 1850,830 1514,847 1095,824"/>
                <Baseline points="1100,863 1138,864 1176,864 1214,866 1253,866 1291,866 1329,866 1367,866 1406,866 1444,866 1482,866 1520,866 1559,866 1597,864 1635,864 1673,864 1712,864 1750,866 1788,866 1826,866 1865,867"/>
                <TextEquiv>
                    <Unicode>secundum dico quod videns quod difficilius est vi-</Unicode>
                </TextEquiv>
            </TextLine>
            <TextLine id="r2l13" custom="readingOrder {index:11;}">
                <Coords points="1095,916 1861,917 1861,877 1839,874 1095,875"/>
                <Baseline points="1100,906 1137,908 1175,909 1213,909 1251,911 1289,911 1326,911 1364,911 1402,911 1440,911 1478,911 1515,911 1553,911 1591,909 1629,909 1667,909 1704,909 1742,909 1780,909 1818,909 1856,911"/>
                <TextEquiv>
                    <Unicode>su / potest videre illud quod est sibi facilius visu:</Unicode>
                </TextEquiv>
            </TextLine>
            <TextLine id="r2l14" custom="readingOrder {index:12;}">
                <Coords points="1101,966 1804,975 1856,963 1856,919 1101,920"/>
                <Baseline points="1106,951 1143,953 1180,954 1217,954 1255,954 1292,956 1329,956 1366,956 1404,956 1441,954 1478,954 1515,954 1553,954 1590,954 1627,954 1664,953 1702,954 1739,954 1776,954 1813,955 1851,956"/>
                <TextEquiv>
                    <Unicode>sed an ita sit inter deum &amp; creaturas, non probatur.</Unicode>
                </TextEquiv>
            </TextLine>
            <TextLine id="r2l15" custom="readingOrder {index:13;}">
                <Coords points="1105,1015 1824,1022 1865,1011 1865,966 1105,969"/>
                <Baseline points="1110,996 1147,998 1185,999 1222,999 1260,999 1297,999 1335,999 1372,999 1410,999 1447,999 1485,999 1522,999 1560,999 1597,998 1635,998 1672,998 1710,998 1747,999 1785,999 1822,1000 1860,1001"/>
                <TextEquiv>
                    <Unicode>Secundo dico quod sicut vt communiter dicitur, ad</Unicode>
                </TextEquiv>
            </TextLine>
            <TextLine id="r2l16" custom="readingOrder {index:14;}">
                <Coords points="1098,1043 1768,1064 1864,1049 1865,1019 1099,1014"/>
                <Baseline points="1103,1040 1140,1041 1178,1041 1216,1043 1254,1043 1292,1043 1329,1044 1367,1044 1405,1044 1443,1044 1481,1044 1518,1044 1556,1043 1594,1043 1632,1043 1670,1043 1707,1043 1745,1043 1783,1044 1821,1044 1859,1044"/>
                <TextEquiv>
                    <Unicode>visionem dei non sufficit eius influentia genera-</Unicode>
                </TextEquiv>
            </TextLine>
            <TextLine id="r2l17" custom="readingOrder {index:15;}">
                <Coords points="1095,1101 1858,1100 1858,1049 1364,1067 1095,1041"/>
                <Baseline points="1100,1083 1137,1085 1175,1086 1212,1086 1250,1088 1288,1088 1325,1089 1363,1089 1401,1089 1438,1089 1476,1088 1514,1088 1551,1088 1589,1088 1627,1088 1664,1088 1702,1088 1740,1088 1777,1088 1815,1089 1853,1089"/>
                <TextEquiv>
                    <Unicode>lis: sed requiritur alius concursus: ita deus potest</Unicode>
                </TextEquiv>
            </TextLine>
            <TextLine id="r2l18" custom="readingOrder {index:16;}">
                <Coords points="1099,1136 1856,1143 1849,1097 1099,1093"/>
                <Baseline points="1104,1130 1141,1131 1178,1131 1216,1132 1253,1133 1290,1133 1328,1133 1365,1133 1402,1134 1440,1134 1477,1134 1514,1134 1552,1133 1589,1133 1626,1133 1664,1133 1701,1133 1738,1134 1776,1134 1813,1134 1851,1134"/>
                <TextEquiv>
                    <Unicode>facere de potentia sua absoluta quod creatura distin</Unicode>
                </TextEquiv>
            </TextLine>
            <TextLine id="r2l19" custom="readingOrder {index:17;}">
                <Coords points="1094,1178 1852,1187 1853,1141 1095,1148"/>
                <Baseline points="1100,1173 1137,1175 1174,1176 1212,1176 1249,1178 1286,1178 1324,1178 1361,1178 1398,1178 1436,1179 1473,1179 1510,1179 1548,1179 1585,1179 1622,1179 1660,1178 1697,1178 1734,1178 1772,1178 1809,1178 1847,1179"/>
                <TextEquiv>
                    <Unicode>cte videat quamlibet creaturam. sed an ita de facto</Unicode>
                </TextEquiv>
            </TextLine>
            <TextLine id="r2l20" custom="readingOrder {index:18;}">
                <Coords points="1095,1228 1859,1238 1838,1185 1095,1190"/>
                <Baseline points="1100,1220 1137,1220 1175,1220 1213,1221 1250,1221 1288,1221 1326,1221 1363,1221 1401,1221 1439,1221 1477,1221 1514,1221 1552,1221 1590,1221 1627,1221 1665,1221 1703,1221 1740,1223 1778,1223 1816,1223 1854,1223"/>
                <TextEquiv>
                    <Unicode>sit de anima Christi, in. xiiii. distin. Tertii discutitur.</Unicode>
                </TextEquiv>
            </TextLine>
            <TextLine id="r2l21" custom="readingOrder {index:19;}">
                <Coords points="1098,1279 1862,1277 1862,1236 1819,1230 1098,1236"/>
                <Baseline points="1103,1266 1140,1266 1178,1266 1216,1265 1253,1265 1291,1265 1329,1265 1366,1265 1404,1265 1442,1265 1480,1265 1517,1265 1555,1266 1593,1266 1630,1266 1668,1266 1706,1266 1743,1266 1781,1266 1819,1266 1857,1266"/>
                <TextEquiv>
                    <Unicode>⁋ Tertio arguitur. Ex his sequitur quod beatus in-</Unicode>
                </TextEquiv>
            </TextLine>
            <TextLine id="r2l22" custom="readingOrder {index:20;}">
                <Coords points="1102,1316 1853,1323 1853,1278 1102,1282"/>
                <Baseline points="1107,1310 1144,1310 1181,1310 1218,1310 1255,1310 1292,1310 1329,1310 1366,1310 1403,1310 1440,1310 1477,1310 1514,1310 1551,1310 1588,1310 1625,1310 1662,1311 1699,1311 1736,1311 1773,1311 1810,1313 1848,1313"/>
                <TextEquiv>
                    <Unicode>telligeret nunc pauciores res: nunc plures. quod</Unicode>
                </TextEquiv>
            </TextLine>
            <TextLine id="r2l23" custom="readingOrder {index:21;}">
                <Coords points="1099,1364 1850,1369 1842,1323 1099,1315"/>
                <Baseline points="1104,1353 1141,1353 1178,1353 1215,1355 1252,1355 1289,1355 1326,1355 1363,1355 1400,1355 1437,1355 1474,1355 1511,1355 1548,1355 1585,1355 1622,1355 1659,1355 1696,1355 1733,1355 1770,1356 1807,1356 1845,1358"/>
                <TextEquiv>
                    <Unicode>est contra beatum Augustini vltimo de Trinitate, de</Unicode>
                </TextEquiv>
            </TextLine>
            <TextLine id="r2l24" custom="readingOrder {index:22;}">
                <Coords points="1105,1408 1858,1417 1859,1371 1105,1370"/>
                <Baseline points="1110,1398 1147,1398 1184,1398 1221,1398 1258,1398 1296,1398 1333,1398 1370,1398 1407,1398 1444,1398 1482,1398 1519,1398 1556,1398 1593,1398 1630,1398 1668,1398 1705,1398 1742,1398 1779,1400 1816,1400 1854,1400"/>
                <TextEquiv>
                    <Unicode>centem. Non erunt volubiles nostrae cogitatio-</Unicode>
                </TextEquiv>
            </TextLine>
            <TextLine id="r2l25" custom="readingOrder {index:23;}">
                <Coords points="1101,1453 1856,1456 1856,1416 1792,1411 1101,1416"/>
                <Baseline points="1106,1442 1143,1442 1180,1443 1217,1443 1255,1443 1292,1443 1329,1443 1366,1443 1404,1443 1441,1443 1478,1443 1515,1443 1553,1443 1590,1443 1627,1443 1664,1443 1702,1443 1739,1443 1776,1443 1813,1443 1851,1445"/>
                <TextEquiv>
                    <Unicode>nes ab aliis in alia euntes atque redeuntes. Ad ter-</Unicode>
                </TextEquiv>
            </TextLine>
            <TextLine id="r2l26" custom="readingOrder {index:24;}">
                <Coords points="1096,1495 1861,1508 1861,1461 1837,1455 1096,1457"/>
                <Baseline points="1101,1484 1138,1485 1176,1487 1214,1488 1252,1488 1289,1488 1327,1489 1365,1490 1403,1490 1440,1490 1478,1488 1516,1488 1554,1488 1591,1488 1629,1488 1667,1488 1705,1488 1742,1488 1780,1488 1818,1488 1856,1488"/>
                <TextEquiv>
                    <Unicode>tium dico nihil sequi ex dictis meis super diffi-</Unicode>
                </TextEquiv>
            </TextLine>
            <TextLine id="r2l27" custom="readingOrder {index:25;}">
                <Coords points="1104,1538 1847,1553 1848,1508 1794,1497 1105,1505"/>
                <Baseline points="1110,1529 1146,1530 1183,1532 1219,1532 1256,1533 1293,1533 1329,1533 1366,1533 1402,1533 1439,1533 1476,1533 1512,1533 1549,1533 1585,1533 1622,1533 1659,1533 1695,1533 1732,1533 1768,1535 1805,1536 1842,1536"/>
                <TextEquiv>
                    <Unicode>cultate proposita. Licet enim putem possibile quod</Unicode>
                </TextEquiv>
            </TextLine>
            <TextLine id="r2l28" custom="readingOrder {index:26;}">
                <Coords points="1105,1584 1853,1587 1853,1553 1804,1542 1748,1564 1602,1541 1105,1542"/>
                <Baseline points="1110,1574 1146,1575 1183,1576 1220,1577 1257,1577 1294,1577 1331,1578 1368,1578 1405,1578 1442,1578 1479,1578 1515,1577 1552,1577 1589,1577 1626,1577 1663,1577 1700,1578 1737,1578 1774,1578 1811,1580 1848,1580"/>
                <TextEquiv>
                    <Unicode>deus beato reuelet in primo instanti quo est bea</Unicode>
                </TextEquiv>
            </TextLine>
            <TextLine id="r2l29" custom="readingOrder {index:27;}">
                <Coords points="1092,1632 1862,1627 1862,1602 1784,1590 1092,1590"/>
                <Baseline points="1097,1619 1135,1620 1173,1620 1211,1621 1249,1622 1287,1622 1325,1622 1363,1622 1401,1623 1439,1623 1477,1623 1515,1623 1553,1623 1591,1623 1629,1623 1667,1622 1705,1622 1743,1622 1781,1622 1819,1622 1857,1622"/>
                <TextEquiv>
                    <Unicode>tus omnia quae ad ipsum pertinent perpetuo: ta-</Unicode>
                </TextEquiv>
            </TextLine>
            <TextLine id="r2l30" custom="readingOrder {index:28;}">
                <Coords points="1098,1671 1850,1679 1850,1634 1098,1634"/>
                <Baseline points="1103,1662 1140,1664 1177,1664 1214,1665 1251,1665 1288,1667 1325,1667 1362,1667 1399,1667 1436,1668 1474,1668 1511,1668 1548,1668 1585,1667 1622,1667 1659,1667 1696,1667 1733,1667 1770,1667 1807,1665 1845,1665"/>
                <TextEquiv>
                    <Unicode>men illud non est verosimile. sed rationabilior est</Unicode>
                </TextEquiv>
            </TextLine>
            <TextLine id="r2l31" custom="readingOrder {index:29;}">
                <Coords points="1093,1720 1862,1730 1846,1682 1348,1693 1093,1671"/>
                <Baseline points="1098,1706 1137,1709 1177,1709 1217,1711 1257,1712 1297,1712 1337,1712 1377,1713 1417,1713 1457,1712 1497,1712 1537,1712 1577,1712 1617,1712 1657,1712 1697,1711 1737,1710 1777,1712 1817,1712 1857,1712"/>
                <TextEquiv>
                    <Unicode>illa sententia, quod reuelat de integro seu de nouo</Unicode>
                </TextEquiv>
            </TextLine>
            <TextLine id="r2l32" custom="readingOrder {index:30;}">
                <Coords points="1095,1765 1862,1770 1862,1730 1764,1722 1095,1722"/>
                <Baseline points="1100,1752 1137,1754 1175,1754 1213,1755 1251,1755 1289,1757 1327,1757 1364,1757 1402,1757 1440,1757 1478,1757 1516,1757 1554,1757 1592,1756 1629,1755 1667,1755 1705,1755 1743,1754 1781,1754 1819,1754 1857,1754"/>
                <TextEquiv>
                    <Unicode>aliquid beato ante incognitum. Porro Beatus</Unicode>
                </TextEquiv>
            </TextLine>
            <TextLine id="r2l33" custom="readingOrder {index:31;}">
                <Coords points="1095,1809 1861,1817 1861,1769 1823,1766 1095,1765"/>
                <Baseline points="1100,1797 1137,1799 1175,1799 1213,1800 1251,1800 1289,1800 1326,1800 1364,1800 1402,1800 1440,1800 1478,1800 1515,1800 1553,1800 1591,1800 1629,1800 1667,1800 1704,1800 1742,1800 1780,1800 1818,1800 1856,1800"/>
                <TextEquiv>
                    <Unicode>Augustinus apponit (fortasse) in illa auctoritate</Unicode>
                </TextEquiv>
            </TextLine>
            <TextLine id="r2l34" custom="readingOrder {index:32;}">
                <Coords points="1096,1856 1853,1863 1853,1820 1798,1805 1674,1825 1096,1812"/>
                <Baseline points="1101,1841 1138,1841 1175,1842 1213,1842 1250,1844 1287,1844 1325,1844 1362,1845 1399,1845 1437,1845 1474,1845 1511,1845 1549,1845 1586,1845 1623,1844 1661,1844 1698,1844 1735,1844 1773,1844 1810,1844 1848,1844"/>
                <TextEquiv>
                    <Unicode>dicens. Fortasse nunc beatus pauciores notitias</Unicode>
                </TextEquiv>
            </TextLine>
            <TextLine id="r2l35" custom="readingOrder {index:33;}">
                <Coords points="1095,1896 1852,1902 1852,1864 1774,1856 1095,1858"/>
                <Baseline points="1100,1887 1137,1887 1174,1888 1212,1889 1249,1889 1286,1889 1324,1889 1361,1890 1398,1890 1436,1890 1473,1890 1510,1890 1548,1890 1585,1890 1622,1890 1660,1890 1697,1890 1734,1890 1772,1890 1809,1890 1847,1890"/>
                <TextEquiv>
                    <Unicode>respectu creaturarum habet: nunc vero plures.</Unicode>
                </TextEquiv>
            </TextLine>
            <TextLine id="r2l36" custom="readingOrder {index:34;}">
                <Coords points="1096,1940 1856,1940 1856,1906 1819,1898 1096,1895"/>
                <Baseline points="1101,1931 1138,1932 1176,1932 1213,1932 1251,1933 1288,1934 1326,1934 1363,1934 1401,1934 1438,1934 1476,1934 1513,1935 1551,1935 1588,1935 1626,1935 1663,1935 1701,1935 1738,1935 1776,1934 1813,1934 1851,1934"/>
                <TextEquiv>
                    <Unicode>In notitia autem creaturarum non est beatitudo: </Unicode>
                </TextEquiv>
            </TextLine>
            <TextLine id="r2l37" custom="readingOrder {index:35;}">
                <Coords points="1089,1988 1856,1991 1845,1937 1698,1958 1089,1941"/>
                <Baseline points="1094,1977 1131,1976 1169,1976 1207,1976 1245,1976 1283,1977 1321,1977 1358,1977 1396,1977 1434,1977 1472,1977 1510,1978 1548,1979 1586,1979 1623,1979 1661,1979 1699,1979 1737,1979 1775,1979 1813,1979 1851,1979"/>
                <TextEquiv>
                    <Unicode>sed in sola visione dei. vt dicit idem Augusti-</Unicode>
                </TextEquiv>
            </TextLine>
            <TextLine id="r2l38" custom="readingOrder {index:36;}">
                <Coords points="1092,2033 1849,2039 1849,1995 1810,1986 1092,1994"/>
                <Baseline points="1097,2019 1134,2021 1171,2021 1209,2021 1246,2021 1283,2021 1321,2021 1358,2021 1395,2021 1433,2021 1470,2021 1507,2021 1545,2021 1582,2021 1619,2021 1657,2021 1694,2021 1731,2022 1769,2022 1806,2022 1844,2022"/>
                <TextEquiv>
                    <Unicode>nus. v. Confessionum, sic inquiens. Infelix. ho-</Unicode>
                </TextEquiv>
            </TextLine>
            <TextLine id="r2l39" custom="readingOrder {index:37;}">
                <Coords points="1093,2071 1853,2080 1853,2036 1830,2033 1093,2033"/>
                <Baseline points="1098,2063 1135,2064 1173,2064 1210,2065 1248,2066 1285,2066 1323,2066 1360,2066 1398,2066 1435,2066 1473,2067 1510,2067 1548,2067 1585,2067 1623,2067 1660,2067 1698,2067 1735,2067 1773,2066 1810,2066 1848,2066"/>
                <TextEquiv>
                    <Unicode>mo qui scit omnia: te autem nescit. Beatus autem</Unicode>
                </TextEquiv>
            </TextLine>
            <TextLine id="r2l40" custom="readingOrder {index:38;}">
                <Coords points="1093,2122 1850,2127 1844,2078 1093,2071"/>
                <Baseline points="1098,2108 1135,2108 1172,2108 1210,2109 1247,2109 1284,2109 1322,2109 1359,2109 1396,2111 1434,2111 1471,2111 1508,2111 1546,2112 1583,2112 1620,2112 1658,2113 1695,2114 1732,2114 1770,2114 1807,2114 1845,2114"/>
                <TextEquiv>
                    <Unicode>qui te scit / etiam si illa nesciat. Qui vero &amp; te &amp;</Unicode>
                </TextEquiv>
            </TextLine>
            <TextLine id="r2l41" custom="readingOrder {index:39;}">
                <Coords points="1080,2170 1861,2169 1849,2123 1081,2123"/>
                <Baseline points="1086,2150 1124,2151 1163,2151 1201,2151 1240,2153 1278,2153 1317,2154 1355,2154 1394,2154 1432,2156 1471,2156 1509,2157 1548,2157 1586,2157 1625,2158 1663,2159 1702,2159 1740,2159 1779,2159 1817,2159 1856,2160"/>
                <TextEquiv>
                    <Unicode>illa nouit: non propter illa beatior: sed propter te</Unicode>
                </TextEquiv>
            </TextLine>
            <TextLine id="r2l42" custom="readingOrder {index:40;}">
                <Coords points="1092,2210 1126,2205 1208,2217 1218,2207 1230,2215 1338,2207 1350,2220 1372,2222 1373,2173 1346,2165 1324,2176 1204,2163 1172,2175 1137,2161 1093,2166"/>
                <Baseline points="1097,2199 1124,2199 1151,2198 1178,2198 1205,2198 1232,2198 1259,2199 1286,2199 1313,2200 1340,2201 1367,2202"/>
                <TextEquiv>
                    <Unicode>solum beatus est.</Unicode>
                </TextEquiv>
            </TextLine>
            <TextLine id="r2l43" custom="readingOrder {index:41;}">
                <Coords points="1087,2347 1545,2344 1599,2365 1797,2344 1853,2363 1853,2305 1711,2307 1657,2280 1589,2304 1542,2284 1280,2302 1248,2272 1087,2290"/>
                <Baseline points="1092,2334 1129,2333 1167,2333 1205,2333 1243,2333 1281,2333 1318,2333 1356,2333 1394,2333 1432,2333 1470,2333 1507,2333 1545,2333 1583,2334 1621,2334 1659,2334 1696,2336 1734,2336 1772,2337 1810,2337 1848,2339"/>
                <TextEquiv>
                    <Unicode>⁋ Distinctio. Quadragesimae nonae</Unicode>
                </TextEquiv>
            </TextLine>
            <TextLine id="r2l44" custom="readingOrder {index:42;}">
                <Coords points="1173,2413 1233,2435 1275,2408 1484,2404 1585,2408 1633,2435 1757,2434 1757,2364 1687,2343 1625,2369 1580,2354 1465,2373 1400,2347 1262,2369 1221,2348 1173,2358"/>
                <Baseline points="1178,2400 1206,2400 1235,2400 1264,2400 1292,2400 1321,2400 1350,2400 1378,2400 1407,2400 1436,2399 1465,2399 1493,2399 1522,2399 1551,2399 1579,2399 1608,2399 1637,2400 1665,2400 1694,2400 1723,2402 1752,2402"/>
                <TextEquiv>
                    <Unicode>Quaestio Decimaseptima.</Unicode>
                </TextEquiv>
            </TextLine>
            <TextLine id="r2l45" custom="readingOrder {index:43;}">
                <Coords points="1384,2563 1440,2535 1536,2552 1853,2546 1853,2488 1829,2480 1667,2490 1592,2477 1547,2503 1495,2478 1384,2486"/>
                <Baseline points="1389,2532 1414,2534 1440,2534 1465,2534 1491,2534 1516,2534 1542,2534 1567,2534 1593,2534 1618,2534 1644,2534 1669,2534 1695,2534 1720,2534 1746,2534 1771,2534 1797,2534 1822,2534 1848,2534"/>
                <TextEquiv>
                    <Unicode>N secunda huius di</Unicode>
                </TextEquiv>
            </TextLine>
            <TextLine id="r2l46" custom="readingOrder {index:44;}">
                <Coords points="1345,2587 1400,2603 1566,2592 1586,2607 1715,2587 1778,2603 1853,2595 1845,2543 1724,2565 1698,2544 1665,2561 1419,2548 1405,2562 1346,2539"/>
                <Baseline points="1350,2583 1376,2583 1402,2583 1428,2583 1454,2583 1481,2583 1507,2583 1533,2585 1559,2585 1585,2585 1612,2585 1638,2585 1664,2585 1690,2586 1716,2586 1743,2586 1769,2586 1795,2586 1821,2585 1848,2585"/>
                <TextEquiv>
                    <Unicode>Ectqu stinctionis parte de corporum</Unicode>
                </TextEquiv>
            </TextLine>
            <TextLine id="r2l47" custom="readingOrder {index:45;}">
                <Coords points="1398,2650 1436,2636 1815,2647 1853,2640 1853,2595 1624,2605 1605,2592 1587,2606 1562,2593 1537,2606 1454,2590 1398,2602"/>
                <Baseline points="1403,2630 1429,2630 1455,2630 1481,2630 1507,2628 1533,2628 1560,2628 1586,2628 1612,2628 1638,2627 1664,2627 1690,2627 1717,2627 1743,2627 1769,2627 1795,2628 1821,2628 1848,2628"/>
                <TextEquiv>
                    <Unicode>igloriosorum dotibus dicendum</Unicode>
                </TextEquiv>
            </TextLine>
            <TextLine id="r2l48" custom="readingOrder {index:46;}">
                <Coords points="1404,2680 1493,2696 1583,2681 1623,2695 1729,2677 1796,2693 1858,2678 1859,2644 1713,2634 1646,2652 1534,2639 1460,2654 1437,2637 1405,2649"/>
                <Baseline points="1409,2673 1435,2673 1461,2673 1487,2673 1513,2673 1539,2672 1565,2672 1591,2672 1617,2672 1644,2672 1670,2672 1696,2673 1722,2673 1748,2673 1774,2673 1800,2673 1826,2673 1853,2673"/>
                <TextEquiv>
                    <Unicode>est. quae sunt quatuor: impas-</Unicode>
                </TextEquiv>
            </TextLine>
            <TextLine id="r2l50" custom="readingOrder {index:47;}">
                <Coords points="1402,2725 1849,2735 1844,2687 1726,2691 1698,2679 1623,2696 1598,2682 1513,2697 1403,2683"/>
                <Baseline points="1407,2715 1432,2715 1458,2715 1484,2715 1509,2715 1535,2715 1561,2715 1586,2715 1612,2715 1638,2715 1664,2715 1689,2715 1715,2717 1741,2717 1766,2719 1792,2720 1818,2722 1844,2726"/>
                <TextEquiv>
                    <Unicode>sibilitas: agilitas: subtilitas: &amp;</Unicode>
                </TextEquiv>
            </TextLine>
            <TextLine id="line_1592267503690_1348" custom="readingOrder {index:48;}">
                <Coords points="1391,2763 1479,2778 1580,2770 1606,2785 1859,2773 1859,2741 1834,2732 1735,2728 1706,2744 1587,2727 1503,2742 1392,2723"/>
                <Baseline points="1396,2763 1404,2763 1432,2762 1460,2762 1488,2762 1516,2762 1544,2762 1573,2762 1601,2763 1629,2763 1657,2764 1685,2765 1713,2765 1741,2766 1769,2766 1797,2766 1825,2766 1854,2766"/>
                <TextEquiv>
                    <Unicode>sclaritas. &amp; signantur ab Apo-</Unicode>
                </TextEquiv>
            </TextLine>
            <TextLine id="r2l52" custom="readingOrder {index:49;}">
                <Coords points="1377,2821 1523,2833 1632,2818 1775,2837 1815,2824 1861,2841 1859,2771 1801,2787 1635,2774 1606,2786 1580,2770 1473,2781 1378,2750"/>
                <Baseline points="1382,2805 1408,2807 1434,2808 1461,2809 1487,2810 1513,2810 1540,2811 1566,2811 1592,2811 1619,2811 1645,2811 1671,2811 1698,2813 1724,2813 1750,2813 1777,2813 1803,2813 1829,2814 1856,2814"/>
                <TextEquiv>
                    <Unicode>uaestolo. i. ad Corinth. xv. Semi</Unicode>
                </TextEquiv>
            </TextLine>
            <TextEquiv>
                <Unicode>⁋ Contra hoc arguitur per beatum
Gregorium. iiii. Dialogorum dicentem. Quid est
quod non videant, qui videntem omnia vident?
sed deus videt omnia: ergo qui deum videt / omnia
videt. ⁋ Secundo arguitur. qui intelligit maius,
intelligit illud quod minus est. vt dicit Aristote-
les. iii. de anima. sed omnes creaturae possibiles sunt
minores deo: ergo facilius est omnes creaturas
possibiles videre quam deum. ⁋ Respondetur ad primum: quod
beatus Gregorius loquitur quo ad sufficientiam. Ad
secundum dico quod videns quod difficilius est vi-
su / potest videre illud quod est sibi facilius visu:
sed an ita sit inter deum &amp; creaturas, non probatur.
Secundo dico quod sicut vt communiter dicitur, ad
visionem dei non sufficit eius influentia genera-
lis: sed requiritur alius concursus: ita deus potest
facere de potentia sua absoluta quod creatura distin
cte videat quamlibet creaturam. sed an ita de facto
sit de anima Christi, in. xiiii. distin. Tertii discutitur.
⁋ Tertio arguitur. Ex his sequitur quod beatus in-
telligeret nunc pauciores res: nunc plures. quod
est contra beatum Augustini vltimo de Trinitate, de
centem. Non erunt volubiles nostrae cogitatio-
nes ab aliis in alia euntes atque redeuntes. Ad ter-
tium dico nihil sequi ex dictis meis super diffi-
cultate proposita. Licet enim putem possibile quod
deus beato reuelet in primo instanti quo est bea
tus omnia quae ad ipsum pertinent perpetuo: ta-
men illud non est verosimile. sed rationabilior est
illa sententia, quod reuelat de integro seu de nouo
aliquid beato ante incognitum. Porro Beatus
Augustinus apponit (fortasse) in illa auctoritate
dicens. Fortasse nunc beatus pauciores notitias
respectu creaturarum habet: nunc vero plures.
In notitia autem creaturarum non est beatitudo: 
sed in sola visione dei. vt dicit idem Augusti-
nus. v. Confessionum, sic inquiens. Infelix. ho-
mo qui scit omnia: te autem nescit. Beatus autem
qui te scit / etiam si illa nesciat. Qui vero &amp; te &amp;
illa nouit: non propter illa beatior: sed propter te
solum beatus est.
⁋ Distinctio. Quadragesimae nonae
Quaestio Decimaseptima.
N secunda huius di
Ectqu stinctionis parte de corporum
igloriosorum dotibus dicendum
est. quae sunt quatuor: impas-
sibilitas: agilitas: subtilitas: &amp;
sclaritas. &amp; signantur ab Apo-
uaestolo. i. ad Corinth. xv. Semi</Unicode>
            </TextEquiv>
        </TextRegion>
    </Page>
</PcGts>
