2312 3300
456 364 1211 444 de. nam capiatur frustum picis vel cerae rarae calefactae
468 414 1211 487 parum manum ealefacit: si vero condensetur, vel plus
460 458 1216 523 de materia calida applicetur: magis calefacit ob
455 507 1226 565 maiorem formam tuae manui applicatam. Notum est au
462 545 1218 621 tem quod cera calida rata statim condensata non intendi
459 603 1211 655 tur: quia calor manet in eodem subiecto in quo priu
471 638 1220 699 erat. ⁋ Ad aliud vbi dicis quod ferrum ignitum incendit
465 677 1229 748 stuppa. hoc est verum ratione ignis in poris ferri in
472 725 1228 792 clusi: sed si nullus ignis includeretur in illis poris:
467 777 1216 835 ostendere nequires quod ferrum candens stuppam incenderet
471 813 1228 881 Adhuc autem illo ostenso non habebis propositum
468 858 1229 923 quia dicetur quod calor est partiale principium productiuum
471 902 1230 966 ignis, vel forma ferri: sicut in confricatione ferri cum
471 946 1216 1007 lapide duro: vel ignis producti a radiis solaribusa
473 988 1228 1058 speculo concauo reflexis, quod est huic negocio im
473 1029 1217 1104 pertinens. De difficultate tamen in se, non nihil dixim
471 1088 1229 1141 in. xii. dist. huius. ⁋ Quinto arguitur. Signetur gra
480 1134 1229 1191 ue simplex in vacuo: ipsum cadit in instati in quo
479 1167 1224 1239 pars superior & inferior erunt in eodem loco ima
479 1210 1234 1283 ginario: ergo penetratio corporum naturaliter est
473 1257 1231 1329 possibilis. Corporum enim penetratio non requirit lo-
477 1303 1241 1362 cum verum. vt si duo corpora se penetrarent extra
480 1343 1235 1416 vniuersum. Respondetur primo negando quod illic esset pe
486 1399 1232 1451 netratio: quia ad penetrationem non sufficit partes
474 1430 1232 1498 esse simul in illa mutatione subita, nisi id permanem
486 1480 1244 1547 ter fieret. Secundo conceditur quod illic est vera penetra-
484 1520 1234 1582 tio corporum & naturaliter / praesupposito tamen miraculo
473 1561 1238 1632 Nos autem in conclusione itelligimus nullo miraculo
483 1609 1238 1688 puio. ⁋ Sexto arguitur. Capio ceram bipedalem raran
485 1649 1244 1722 quam condenso ad pedalitatem. lam sic. a. & b. bipedalita
489 1701 1246 1773 tes sunt in loco proprio inquo fuit a. prius. quia pono
494 1751 1237 1817 quod b. pedalitas reducatur ad a. & locu eius subintro-
485 1785 1250 1856 eat. Non potes dicere quod illic erat aer inclusus & ex
501 1830 1249 1896 pulsus in condensatione: sicut in condensatione la-
494 1882 1236 1942 nae: quia secludo poros includentes externum in ce
498 1920 1240 1991 ra. Fortasse dicis quod in rarefactione acquiritur nous
494 1968 1247 2036 quantitas ex qua cum praecedente & remanente fit quan
497 2012 1246 2074 titas maior: & in condensatione aliqua pars illius
500 2056 1248 2127 corrumpitur, & sic argumentum non habet iocum: quod supa
488 2096 1255 2169 ponit condensationem fieri propter partium mate-
498 2137 1246 2213 rialem appropinquationem. Contra hoc arguitur. si te
495 2184 1251 2253 neatur quantitas esse res quanta: nihil falsi supi
493 2239 1256 2304 ponit argumentum. & si teneatur oppositum: fractio
498 2272 1257 2337 data non sufficit: quia secundum eam quantitas esset intensi-
502 2313 1262 2388 bilis & remissibilis contra philosophum in Praedica
507 2368 1256 2429 mentis dicentem quod quantitas non suscipit ma-
513 2406 1256 2482 gis neque minus. Nec valet dicere, quod semper acquiri
497 2456 1261 2520 noua quantitas in rarefactione quae denominat
502 2493 1261 2564 totum magis extensum: ita vt non stet idem ad
504 2537 1258 2605 cidens denominare subiectum aliquantum, & post
507 2578 1262 2651 ea maius & deinde minus: & quod in condensatione
507 2636 1267 2688 tota illa quantitas corrumpitur. quia si sic, in ra-
504 2683 1262 2733 refactione semper erit noua quantitas: ita vt nu
504 2720 1271 2774 la mancat per se vel aliquid eius per duo instantia
504 2758 1265 2848 &sic non crit mutatio successiua. ⁋ Dico ergo ad
1305 350 2066 423 argumentum, quaecumque positio teneatur de quan-
1297 401 2069 466 titate: quod condensatio est solum propter partium
1300 454 2069 513 mediatarum appropiquationem. nam partes re-
1294 490 2072 553 motae in quanto / in condensatione fiunt propin-
1299 534 2068 607 quiores. opposito modo in rarefactione. Ad for
1296 590 2068 642 mam autem argumenti nego quod dimidietas bet in
1304 622 2071 694 grediatur locum proprium dimidietatis a. sed par
1296 675 2069 734 tes b appropiquat plus centro a, quam antea: & partes inter-
1296 706 2079 774 medias condensant: hoc est faciunt eas magis appropi
1313 758 2069 837 uam re centro a. & hoc si condensatio fiat versus centrum a.
1298 822 2069 907 ⁋ Contra secundam conclusionem ar-
1296 881 2076 957 guitur sic. Si penetratio corporum est possibilis
1302 942 2059 989 cum eadem sit ratio in omnibus corporibus, sequi
1305 978 2056 1043 tur quod deus posset facere duas dimidietates vni
1302 1019 2075 1084 corporis seinuicem penetrare. sed hoc consequens
1306 1075 2069 1126 est falsum. quod sic declaro: ostendendo quod ipsum
1314 1111 2065 1163 antecedit ad hoc impossibile: scile quantum eris
1309 1161 2066 1211 non quantum: & pari ratione vlterius inferam quod
1304 1198 2080 1258 intensum erit non intensum. Sed probo haec in
1317 1252 2084 1298 medium proposita. capta cera bipedali de qua ha-
1316 1284 2072 1352 bita est mentio in argumento praecedente: deus
1316 1327 2081 1398 potest duas dimidietates eius scilicet a. & b. po-
1314 1371 2068 1432 nere penetratiue simul: & pari ratione poterit de
1326 1417 2072 1477 us ponere partes remanentes ad subduplum sci
1314 1468 2083 1518 licet ad locum semipedalem / ita vt non sit exten
1314 1517 2074 1569 sio nisi semipedalis. Et vt clare loquar: pono quod
1320 1550 2069 1607 in prima parte proportionali horae deus ponat du-
1319 1594 2075 1652 as dimidietates siue pedalitates cerae datae pener
1316 1637 2085 1705 tratiue simul: iam solum locum pedalem occu-
1321 1678 2074 1746 pabunt. pono quod in secunda parte proportionali
1320 1728 2074 1789 horae deus capiat a. & b. quae occupabunt locum
1319 1775 2089 1840 pedalem penetratiue simul: iam erit subdupla ex
1321 1829 2090 1873 tensio & semipedalis. Procedat ita deus per om-
1319 1858 2087 1918 nes partes proportionales vnius horae semper
1326 1906 2084 1964 ad subduplum: ita vt extensio partis proportio
1331 1952 2074 2006 nalis sequentis sit subdupla ad partem propo
1332 2003 2093 2052 tionalem praecedentem: & consetuentur par-
1335 2037 2086 2095 tes eaedem in instanti terminante illam horam:
1332 2076 2095 2146 iam nulla erit extensio partium. Quod patet:
1328 2120 2081 2195 quia in infinitum parua erat aliqua extensio ir
1332 2170 2087 2229 aliqua parte proportionali huius horae. & mi-
1332 2216 2087 2276 nor est extensio in hoc instanti quam erat in aliqua
1340 2264 2087 2327 parte proportionali horae praeteritae: ergo iam
1338 2307 2087 2361 nulla est extensio. si non sequatur: dato oppo-
1340 2346 2093 2405 sito consequentis, nunc erit aliqua extensio:
1338 2392 2096 2455 ergo non in infinitum erat parua extensio an
1351 2439 2096 2495 te hoc instans. ⁋ Respondetur. hoc argumen-
1337 2489 2090 2542 tum repit sensim, ex conuenientibus inconue:
1344 2514 2099 2586 niens maius inferendo. in primis aliqua sunt apud
1343 2566 2098 2628 me indubitata: scilicet quod possit esse penetratio cor
1351 2604 2094 2676 porum diuersorum siue de praedicamento sub
1350 2652 2099 2714 stantiae siue quantitatis: & idem puto de parti-
1352 2700 2099 2770 bus eiusdem corporis. Ad nodum itaque argu-
1343 2738 2093 2825 menti concedo quod deus possit hoc facere per omnes
