2324 3295
480 364 1229 432 decedit: ratione cuius deus hanc legem vniversalem corporibus
483 414 1226 479 btis dat vt penetratiue esse possint cum aliis corporibus
477 466 1235 526 Et melius est dicere pro gratia qui pro meritis: propter par-
485 506 1228 567 uulos qui nulla vnquam merita personalia habuerunt
483 550 1238 611 & tamen habebunt dotem subtilitatis: non quasi gratia
482 598 1237 660 hoc habeat a natura sua quod possit talem penetra:
486 640 1240 698 tionem corporum facere: sed est arra gloriae in anima:
485 680 1234 751 & fundamentum penetrationis corporalis. ⁋ Postre
480 729 1240 796 mo arguitur. si penetratio ista esset vt dicimus, cor
483 772 1231 841 pora dura se tangerent immediate, quod negat Ari
480 814 1238 880 stoteles secundo de Aina. sed ne quaestio nimium turgescat
479 862 1238 928 & quia philosophi diuerso modo in ea re opinan-
482 904 1145 978 tur: integram quaestionem super hoc tractabo.
479 952 1238 1040 ⁋ Distinctiois Quadragesimae nonae
589 1017 1154 1110 Quaestio Vigesimaprima.
885 1083 1231 1162 lgesimoprimo d
883 1143 1240 1200 ritur: An duo corpora
876 1187 1238 1246 dura possint immedia.
882 1231 1256 1294 te se tangere. Haec quaestio
888 1278 1246 1325 huic materiae non est im
888 1321 1251 1375 pertinens: vt ethnicis so
888 1365 1253 1421 lum lumen naturale pro
883 1406 1253 1468 clypeo tenentibus satisfa-
876 1452 1245 1509 ciamus. nam cum os hu-
494 1505 1248 1553 manum sit durum iuxta experientiam: & Auicennam
493 1539 1243 1600 doctrina quarta Fen. i. i. Canonis: dubitarent phi-
486 1586 1257 1645 losophi iuxta sua principia quomodo os huma
495 1627 1253 1692 num possit esse cum lapide. Et vt de difficultate
498 1676 1252 1744 psa in se aliquid perscrutemur: in primis ponam
491 1722 1232 1782 aliquas propositiones, quas omnes concederent.
488 1764 1261 1828 ⁋ Prima est. Corpora dura possunt se tangere.
503 1815 1248 1886 uam sic ostenditur. Haec duo corpora mollia possunt.
501 1849 1249 1915 se tangere: haec duo corpora mollia sunt vel pos
497 1896 1258 1961 sunt esse duo corpora dura. igitur. ⁋ Secunda propositio
489 1937 1259 2002 Duo corpora dura plana manentia dura possunt
497 1983 1266 2048 se tangere. Probatur vt prius. haec duo corpora patent
498 2034 1249 2092 se tangere, demonstrando duo corpora mollia-
486 2073 1252 2142 haec sunt vel possunt esse corpora dura plana ma
496 2118 1264 2180 nentia dura. igitur. ⁋ Tertia propositio. Possibile est
492 2164 1260 2221 duo corpora dura se tangere de potentia dei ab
499 2204 1271 2268 soluta. ad hoc enim nulla sequitur contradictio. ⁋ Quar-
498 2253 1256 2313 ta propositio. Possibile est naturaliter duo corpora
498 2296 1263 2359 dura se tangere. vt patet de duabus dimidietati-
501 2343 1252 2401 bus huius silicis vel cuiuscunque alterius petrae.
507 2387 1262 2458 ⁋ Quinta propositio cuius multi oppositum
500 2427 1265 2502 ponunt est haec. Possibile est naturaliter duo cor
500 2472 1255 2546 pora dura non constituentia aliquid vnum se contin-
503 2520 1263 2589 gere immediate. Probatur haec propositio de an
495 2567 1264 2626 nulo argeniteo deaurato. in cuius prima liquefa-
501 2604 1256 2670 ctione aurum & argentum se contingunt immediate
506 2650 1259 2713 & postea quando indurantur nihil mediat. nam si aliquid me
495 2693 1255 2762 diaret, maxie esset aer. sed hoc non: quia alioquin aurum
495 2739 1253 2805 dissolueretur ab argento: & non conglutinaretur cum ips
509 2789 1282 2858 quod est contra experientiam: quia vix homo illa, manente du
1315 362 2103 433 ritie potest separare. ldem videre licet de atramento in-
1319 427 2102 478 durato super tabulam duram vel pariztem. ⁋ Sed quia
1311 473 2089 521 aliquis posset hanc proponem concedenre quando corpora
1321 513 2081 566 dura applicabantur imediate tempore quo erant fluxibi-
1318 550 2095 601 lia & mollia: licet argumenta aduersariorum possint
1309 596 2094 649 applicari contra hanc conclusionem vt contra conclu-
1317 645 2096 697 sionem sequentem: idcirco pono aliam propositio-
1317 687 2093 737 nem quae est Sexta in ordine, haec scilicet. Duo corpora du
1315 730 2096 778 ra plana possunt tangere seinuicem immediate. sine
1311 772 2079 827 sophisticatione conclusionem intelligo. Quae pro
1311 818 2084 872 batur. nam securis diuidit lignum durum: & non nisi quia
1314 860 2095 913 ipsum tangit, & partem a parte separat. Sed dices.
1311 906 2081 955 illic aer ingreditur. Aliter arguitur. Lapis vas aeneum
1313 952 2096 1000 frangit: & sine tactu immediato ipsum non infrin-
1316 996 2101 1052 geret. lterum dices. si vas panno lineo inuoluatur,
1321 1048 2102 1100 quod mediet: non minus frangetur. Aliter arguitur. e
1326 1086 2087 1136 duobus lapidibus contra se inuicem proiectis, vel
1317 1127 2106 1184 e silice & chalybe excutitur ignis. & certe si lapis tam
1325 1175 2101 1236 geret praecise aerem & non ferrum immediate: non est vero-
1317 1215 2102 1269 simile quod excuteretur ignis. Praeterea adhuc arguitur.
1324 1261 2084 1320 cadat lapis grauis & planus super lapidem planum
1314 1308 2092 1358 lapis superior lapidem inferiorem immediate tanget, quod
1313 1352 2083 1411 patet. nam si aliquid impediret descensum lapidis
1314 1396 2087 1449 superioris, maxime esset aer medius. sed ille impedi-
1320 1439 2084 1492 re non potest: quia non sufficienter resistit actiuita
1326 1488 2095 1539 ti illius grauitatis. Sed dices. lapides sunt porosi: &
1313 1525 2104 1577 in superficiebus lapidum proximis sunt poti in quibus in-
1320 1573 2087 1623 cluditur aer. Obiicio. dabiles sunt aliquae parres pro
1329 1621 2084 1678 pinquae non porosae, immediate se tangentes: de
1323 1667 2095 1710 quibus duco argumentum. Forte dicis. solus aer
1332 1703 2089 1756 intermedius non impedit descensum lapidis su-
1319 1754 2095 1812 perioris: sed totum vniuersum abhorrens conta
1320 1795 2095 1845 ctum immediatum corporum durorum: vt in va-
1325 1834 2082 1896 cuo cum graue ad euitandum vacuum conscendit.
1331 1881 2083 1934 Oppono. aer ille medius est diuisibilis secundum pro
1323 1924 2095 1979 funditatem in duas dimidietates, quarum altera
1323 1980 2102 2027 sufficit: ergo frustra ponitur iste aer. & eodem mo-
1324 2012 2090 2069 do argumentabor de dimidietate istius aeris, &
1336 2060 2093 2120 qualibet eius parte secundum profunditatem. mi-
1336 2104 2099 2157 nimum autem naturale aeris non iuuat cum sit in suo
1338 2150 2099 2203 toto. Si dicas voluntarie. Natura vniuersi requirit
1335 2192 2101 2245 aliquem determinatum aerem ad mediandum. Contra
1331 2231 2092 2288 hoc arguitur. aer non ingreditur inter duos asse-
1329 2276 2102 2332 res dolii bene compacti: & tamen asseres sunt cor-
1339 2319 2104 2384 pora dura, quod probo. nam quando terebratur dolium in ba-
1339 2367 2099 2429 si, non egreditur liquor per illud foramen nisi terebre
1343 2410 2087 2466 tur costa vel alia pars, vt dispensatores nouerunt
1332 2453 2096 2515 & hoc non est nisi vt ingrediatur aer ad euitandum
1349 2509 2104 2561 vacuum. sed aer ingreditur inter varias partes asseris
1331 2556 2094 2613 per te: ergo maior aer ingreditur inter omnes par-
1344 2593 2084 2649 tes quam in vno foramine satis magno in latere. Pra
1340 2630 2099 2689 terea gladius acuitur super molam fabti vel super co-
1337 2678 2087 2739 tem: ergo immediate gladius tangit cotem: quia aer non
1338 2716 2089 2785 acueret aciem cultelli. Et confirmatur haec ratio. si
1343 2769 2104 2834 acies cultelli tangat alteram acien: stat vnam fran-
