<?xml version="1.0" encoding="UTF-8" standalone="yes"?>
<PcGts xmlns="http://schema.primaresearch.org/PAGE/gts/pagecontent/2013-07-15" xmlns:xsi="http://www.w3.org/2001/XMLSchema-instance" xsi:schemaLocation="http://schema.primaresearch.org/PAGE/gts/pagecontent/2013-07-15 http://schema.primaresearch.org/PAGE/gts/pagecontent/2013-07-15/pagecontent.xsd">
    <Metadata>
        <Creator>prov=University of Rostock/Institute of Mathematics/CITlab|PLANET AI GmbH/Gundram Leifert/gundram.leifert@planet-ai.de:name=cod-Bda113-model2(htr_id=24733)::::v=2.6.6
prov=University of Rostock/Institute of Mathematics/CITlab|PLANET AI GmbH/Tobias Gruening/tobias.gruening@planet-ai.de:name=de.uros.citlab.module.baseline2polygon.B2PSeamMultiOriented:v=2.6.6
prov=University of Rostock/Institute of Mathematics/CITlab|PLANET AI GmbH/Tobias Gruening/tobias.gruening@planet-ai.de:name=/net_tf/LA73_249_0mod360.pb:de.uros.citlab.segmentation.CITlab_LA_ML:v=2.6.6
Transkribus</Creator>
        <Created>2020-04-17T22:21:56.894+02:00</Created>
        <LastChange>2020-06-19T02:37:03.829+02:00</LastChange>
        <TranskribusMetadata docId="371227" pageId="14532340" pageNr="105" tsid="32167556" status="IN_PROGRESS" userId="25065" imgUrl="https://files.transkribus.eu/Get?id=LUCEAJAONUYNQZWEKAMGSIAA&amp;fileType=view" xmlUrl="https://files.transkribus.eu/Get?id=CKRNKREXKIJYOAOMHHMZQDLR" imageId="10488717"/>
    </Metadata>
    <Page imageFilename="0105.jpg" imageWidth="2299" imageHeight="3323">
        <ReadingOrder>
            <OrderedGroup id="ro_1592575759702" caption="Regions reading order">
                <RegionRefIndexed index="0" regionRef="r1"/>
                <RegionRefIndexed index="1" regionRef="r2"/>
            </OrderedGroup>
        </ReadingOrder>
        <TextRegion orientation="0.0" id="r1" custom="readingOrder {index:0;}">
            <Coords points="203,290 203,2800 1022,2800 1022,290"/>
            <TextLine id="r1l2" custom="readingOrder {index:0;}">
                <Coords points="207,411 967,400 966,340 290,367 206,338"/>
                <Baseline points="212,395 249,395 287,395 324,395 362,393 399,393 437,393 474,392 512,392 549,392 587,390 624,390 662,390 699,389 737,389 774,389 812,389 849,389 887,389 924,389 962,389"/>
                <TextEquiv>
                    <Unicode>ti: quia sacerdos solus: quae materia: quia panis triticeus</Unicode>
                </TextEquiv>
            </TextLine>
            <TextLine id="r1l3" custom="readingOrder {index:1;}">
                <Coords points="205,453 942,448 965,446 965,401 205,414"/>
                <Baseline points="210,444 247,443 285,441 322,440 360,438 397,438 435,437 472,437 510,436 547,435 585,435 622,435 660,435 697,434 735,434 772,434 810,434 847,434 885,434 922,434 960,434"/>
                <TextEquiv>
                    <Unicode>&amp; vinum: quae sunt optimum nutrimentum corporale in suis</Unicode>
                </TextEquiv>
            </TextLine>
            <TextLine id="r1l4" custom="readingOrder {index:2;}">
                <Coords points="213,499 952,497 970,446 213,454"/>
                <Baseline points="218,486 255,486 292,485 330,485 367,483 404,483 442,482 479,482 516,481 554,480 591,480 628,479 666,479 703,479 740,477 778,477 815,477 852,477 890,478 927,479 965,479"/>
                <TextEquiv>
                    <Unicode>speciebus. panis autem hordeaceus reddit homines male</Unicode>
                </TextEquiv>
            </TextLine>
            <TextLine id="r1l5" custom="readingOrder {index:3;}">
                <Coords points="211,539 938,545 974,536 974,501 211,506"/>
                <Baseline points="216,528 253,528 291,528 328,528 366,527 404,527 441,527 479,525 517,525 554,525 592,524 630,524 667,524 705,522 743,522 780,522 818,522 856,522 893,523 931,524 969,524"/>
                <TextEquiv>
                    <Unicode>coloratos: triticeus bene. secunda particula problematum, pro-</Unicode>
                </TextEquiv>
            </TextLine>
            <TextLine id="r1l6" custom="readingOrder {index:4;}">
                <Coords points="210,586 962,579 962,541 915,534 210,541"/>
                <Baseline points="215,573 252,573 289,573 326,573 363,573 400,572 437,572 474,571 511,570 548,570 586,569 623,569 660,567 697,567 734,567 771,566 808,566 845,566 882,566 919,567 957,567"/>
                <TextEquiv>
                    <Unicode>blemate. xxiii propterea nutrimentum spirituale congruen</Unicode>
                </TextEquiv>
            </TextLine>
            <TextLine id="r1l7" custom="readingOrder {index:5;}">
                <Coords points="198,637 927,628 968,625 968,582 198,592"/>
                <Baseline points="203,617 241,617 279,617 317,617 355,617 393,616 431,615 469,615 507,614 545,614 583,614 621,612 659,612 697,612 735,612 773,611 811,611 849,611 887,611 925,612 963,612"/>
                <TextEquiv>
                    <Unicode>ter significat. Datur autem corpus Curisti sub aliena</Unicode>
                </TextEquiv>
            </TextLine>
            <TextLine id="r1l8" custom="readingOrder {index:6;}">
                <Coords points="215,675 972,670 971,625 947,619 214,632"/>
                <Baseline points="219,663 256,663 293,662 331,662 368,660 405,660 443,659 480,659 517,657 555,657 592,657 629,656 667,656 704,656 741,656 779,656 816,656 853,656 891,656 928,657 966,657"/>
                <TextEquiv>
                    <Unicode>specie ne abhorreamus eius sumptionem. de consecra. di-</Unicode>
                </TextEquiv>
            </TextLine>
            <TextLine id="r1l9" custom="readingOrder {index:7;}">
                <Coords points="210,718 942,714 964,712 963,668 209,679"/>
                <Baseline points="215,707 252,707 289,705 326,705 363,705 401,705 438,704 475,704 512,704 549,702 587,702 624,702 661,702 698,701 735,701 773,700 810,699 847,699 884,699 921,698 959,698"/>
                <TextEquiv>
                    <Unicode>stin. ii. Forte. &amp; ca. Panis est. Forma consecrationis</Unicode>
                </TextEquiv>
            </TextLine>
            <TextLine id="r1l10" custom="readingOrder {index:8;}">
                <Coords points="213,768 967,757 967,712 213,720"/>
                <Baseline points="218,752 255,750 292,750 329,749 366,749 404,749 441,747 478,747 515,747 552,747 590,747 627,746 664,746 701,746 738,746 776,746 813,745 850,744 887,744 924,744 962,743"/>
                <TextEquiv>
                    <Unicode>corporis Christi est haec. Hoc est corpus meum. Et in hoc</Unicode>
                </TextEquiv>
            </TextLine>
            <TextLine id="r1l11" custom="readingOrder {index:9;}">
                <Coords points="204,815 929,810 967,797 967,756 204,772"/>
                <Baseline points="209,795 246,795 284,794 321,794 359,794 397,792 434,792 472,792 510,792 547,791 585,791 623,791 660,791 698,791 736,791 773,789 811,789 849,789 886,789 924,788 962,788"/>
                <TextEquiv>
                    <Unicode>conveniunt omnes. De forma sanguinis digladiantur ple</Unicode>
                </TextEquiv>
            </TextLine>
            <TextLine id="r1l12" custom="readingOrder {index:10;}">
                <Coords points="213,858 965,848 974,799 212,813"/>
                <Baseline points="218,839 255,839 293,837 330,837 368,837 405,836 443,836 480,836 518,836 555,836 593,836 631,834 668,834 706,834 743,834 781,834 818,834 856,834 893,833 931,833 969,831"/>
                <TextEquiv>
                    <Unicode>rique: aliquibus dicentibus hoc totum esse formam. Hic est</Unicode>
                </TextEquiv>
            </TextLine>
            <TextLine id="r1l13" custom="readingOrder {index:11;}">
                <Coords points="210,895 964,897 963,844 210,858"/>
                <Baseline points="215,884 252,882 289,882 326,882 363,881 401,881 438,881 475,881 512,881 549,879 587,879 624,879 661,879 698,879 735,879 773,878 810,878 847,878 884,877 921,876 959,875"/>
                <TextEquiv>
                    <Unicode>calix sanguinis mei noui &amp; aeterni testamenti, my</Unicode>
                </TextEquiv>
            </TextLine>
            <TextLine id="r1l14" custom="readingOrder {index:12;}">
                <Coords points="217,945 919,943 967,931 967,895 216,897"/>
                <Baseline points="221,927 258,927 295,927 332,927 369,927 406,927 443,927 480,926 517,926 554,925 591,924 628,924 665,924 702,923 739,923 776,923 813,921 850,921 887,921 924,921 962,923"/>
                <TextEquiv>
                    <Unicode>sterium fidei, quod pro vobis &amp; pro multis effundetur in re</Unicode>
                </TextEquiv>
            </TextLine>
            <TextLine id="r1l15" custom="readingOrder {index:13;}">
                <Coords points="205,993 874,987 964,976 964,932 205,948"/>
                <Baseline points="210,972 247,972 284,972 322,971 359,971 397,971 434,969 472,969 509,969 547,969 584,969 621,969 659,968 696,968 734,968 771,968 809,968 846,966 884,966 921,966 959,965"/>
                <TextEquiv>
                    <Unicode>missionem peccatorum. &amp; hoc sequuntur quidam. Vsitatior tame</Unicode>
                </TextEquiv>
            </TextLine>
            <TextLine id="r1l16" custom="readingOrder {index:14;}">
                <Coords points="208,1038 977,1027 977,975 208,990"/>
                <Baseline points="213,1017 252,1017 292,1017 332,1016 372,1016 412,1016 452,1014 492,1014 532,1013 572,1013 612,1013 652,1011 692,1011 732,1011 772,1011 812,1010 852,1010 892,1010 932,1011 972,1011"/>
                <TextEquiv>
                    <Unicode>sntentia est quod haec est forma sanguinis. Hic est calix sam</Unicode>
                </TextEquiv>
            </TextLine>
            <TextLine id="r1l17" custom="readingOrder {index:15;}">
                <Coords points="221,1084 566,1064 910,1078 968,1066 968,1021 220,1038"/>
                <Baseline points="225,1062 261,1061 298,1061 335,1060 372,1059 409,1059 446,1059 483,1058 520,1058 557,1058 594,1056 630,1056 667,1056 704,1056 741,1056 778,1055 815,1055 852,1055 889,1055 926,1055 963,1055"/>
                <TextEquiv>
                    <Unicode>guinis mei: vel sic vt dicit magister. Hic est sanguis</Unicode>
                </TextEquiv>
            </TextLine>
            <TextLine id="r1l18" custom="readingOrder {index:16;}">
                <Coords points="211,1120 586,1104 847,1125 891,1104 973,1115 972,1065 210,1082"/>
                <Baseline points="216,1107 253,1106 291,1106 328,1104 366,1104 404,1103 441,1103 479,1101 516,1101 554,1101 592,1100 629,1100 667,1100 704,1100 742,1098 780,1098 817,1098 855,1098 892,1098 930,1098 968,1098"/>
                <TextEquiv>
                    <Unicode>meus. Quidam praeterea dicit coram se fecisse legi formam</Unicode>
                </TextEquiv>
            </TextLine>
            <TextLine id="r1l19" custom="readingOrder {index:17;}">
                <Coords points="211,1161 862,1148 968,1166 967,1119 931,1107 210,1121"/>
                <Baseline points="215,1152 252,1151 289,1150 327,1149 364,1148 401,1148 439,1146 476,1146 513,1145 551,1145 588,1145 625,1145 663,1145 700,1143 737,1143 775,1143 812,1143 849,1143 887,1143 924,1143 962,1143"/>
                <TextEquiv>
                    <Unicode>quae ponitur in missali Basilii, quod fertur habuisse ab ange</Unicode>
                </TextEquiv>
            </TextLine>
            <TextLine id="r1l20" custom="readingOrder {index:18;}">
                <Coords points="210,1210 967,1199 967,1165 842,1149 210,1160"/>
                <Baseline points="215,1194 252,1193 289,1193 327,1193 364,1193 401,1191 439,1191 476,1191 513,1191 551,1190 588,1190 625,1190 663,1188 700,1188 737,1188 775,1188 812,1187 849,1187 887,1187 924,1187 962,1187"/>
                <TextEquiv>
                    <Unicode>lo: &amp; forma est. Bibite ex eo omnes: hic est sanguis me</Unicode>
                </TextEquiv>
            </TextLine>
            <TextLine id="r1l21" custom="readingOrder {index:19;}">
                <Coords points="217,1253 917,1249 967,1238 967,1199 216,1215"/>
                <Baseline points="221,1236 258,1236 295,1236 332,1236 369,1236 406,1236 443,1236 480,1235 517,1235 554,1235 591,1233 628,1233 665,1233 702,1232 739,1232 776,1232 813,1232 850,1230 887,1230 924,1230 962,1230"/>
                <TextEquiv>
                    <Unicode>us noui testamenti qui pro vobis &amp; multis effundetur in</Unicode>
                </TextEquiv>
            </TextLine>
            <TextLine id="r1l22" custom="readingOrder {index:20;}">
                <Coords points="217,1297 940,1292 967,1284 967,1248 217,1259"/>
                <Baseline points="222,1284 259,1283 296,1281 333,1281 370,1280 407,1280 444,1280 481,1280 518,1278 555,1278 592,1278 629,1278 666,1278 703,1278 740,1277 777,1277 814,1277 851,1277 888,1275 925,1275 962,1274"/>
                <TextEquiv>
                    <Unicode>remissionem peccatorum. &amp; tamen non reprobatur a Roma</Unicode>
                </TextEquiv>
            </TextLine>
            <TextLine id="r1l23" custom="readingOrder {index:21;}">
                <Coords points="219,1338 964,1335 963,1295 801,1284 218,1301"/>
                <Baseline points="224,1328 260,1326 297,1325 334,1325 371,1323 407,1323 444,1323 481,1323 518,1322 554,1322 591,1322 628,1322 665,1322 701,1322 738,1322 775,1322 812,1322 848,1322 885,1320 922,1320 959,1319"/>
                <TextEquiv>
                    <Unicode>na ecclesia in consecratione. Nec requiruntur aliqua vel</Unicode>
                </TextEquiv>
            </TextLine>
            <TextLine id="r1l24" custom="readingOrder {index:22;}">
                <Coords points="210,1385 954,1382 965,1335 210,1340"/>
                <Baseline points="215,1373 252,1373 289,1371 326,1371 364,1370 401,1370 438,1369 475,1368 513,1368 550,1367 587,1367 624,1366 662,1365 699,1365 736,1365 773,1365 811,1364 848,1364 885,1364 922,1365 960,1365"/>
                <TextEquiv>
                    <Unicode>ba praecedentia ista: si praesbyter intendat facere sicut ec</Unicode>
                </TextEquiv>
            </TextLine>
            <TextLine id="r1l25" custom="readingOrder {index:23;}">
                <Coords points="230,1428 867,1430 958,1421 971,1377 229,1391"/>
                <Baseline points="234,1416 270,1415 307,1415 343,1415 380,1413 417,1413 453,1413 490,1412 526,1412 563,1412 600,1410 636,1410 673,1410 709,1410 746,1410 783,1409 819,1409 856,1409 892,1409 929,1410 966,1410"/>
                <TextEquiv>
                    <Unicode>clesia. secus est si de proprio corpore loquaeretur. Vtimur au</Unicode>
                </TextEquiv>
            </TextLine>
            <TextLine id="r1l26" custom="readingOrder {index:24;}">
                <Coords points="217,1479 979,1465 978,1421 947,1418 216,1425"/>
                <Baseline points="222,1461 259,1460 297,1459 334,1458 372,1457 410,1457 447,1457 485,1455 522,1455 560,1455 598,1455 635,1455 673,1455 710,1455 748,1455 786,1454 823,1454 861,1454 898,1454 936,1453 974,1452"/>
                <TextEquiv>
                    <Unicode>tem frequenter pronomine loco alterius: vt nos Iacobus dei</Unicode>
                </TextEquiv>
            </TextLine>
            <TextLine id="r1l27" custom="readingOrder {index:25;}">
                <Coords points="229,1525 981,1512 980,1474 955,1464 228,1478"/>
                <Baseline points="233,1506 270,1505 307,1503 344,1502 381,1502 418,1500 455,1500 492,1499 529,1499 566,1499 604,1499 641,1499 678,1499 715,1499 752,1499 789,1499 826,1499 863,1499 900,1498 937,1497 975,1497"/>
                <TextEquiv>
                    <Unicode>gratia &amp;c. filius meus es tu: ego hodie genui te. de patre</Unicode>
                </TextEquiv>
            </TextLine>
            <TextLine id="r1l28" custom="readingOrder {index:26;}">
                <Coords points="217,1570 967,1559 966,1507 217,1524"/>
                <Baseline points="222,1550 259,1548 296,1547 333,1547 370,1545 407,1545 444,1545 481,1544 518,1544 555,1544 592,1544 629,1544 666,1544 703,1544 740,1544 777,1542 814,1542 851,1542 888,1542 925,1541 962,1541"/>
                <TextEquiv>
                    <Unicode>in diuinis loquente ad filium. Propter dubium tamen mali</Unicode>
                </TextEquiv>
            </TextLine>
            <TextLine id="r1l29" custom="readingOrder {index:27;}">
                <Coords points="229,1606 897,1603 930,1584 967,1606 966,1558 908,1549 228,1567"/>
                <Baseline points="234,1593 270,1593 306,1592 343,1592 379,1592 416,1590 452,1590 488,1590 525,1589 561,1589 598,1589 634,1587 670,1587 707,1587 743,1587 780,1586 816,1586 852,1586 889,1586 925,1586 962,1586"/>
                <TextEquiv>
                    <Unicode>ageret qui aliquid verborum relinquaeret. hic enim melius va</Unicode>
                </TextEquiv>
            </TextLine>
            <TextLine id="r1l30" custom="readingOrder {index:28;}">
                <Coords points="226,1649 973,1643 973,1605 920,1591 226,1605"/>
                <Baseline points="231,1638 267,1637 304,1637 341,1635 378,1635 415,1634 452,1634 488,1634 525,1633 562,1632 599,1632 636,1632 673,1632 710,1632 746,1632 783,1631 820,1631 857,1631 894,1629 931,1629 968,1628"/>
                <TextEquiv>
                    <Unicode>let humilitas Pauli simplicis eremitae: quam subtilitas</Unicode>
                </TextEquiv>
            </TextLine>
            <TextLine id="r1l31" custom="readingOrder {index:29;}">
                <Coords points="223,1696 892,1694 974,1688 974,1650 223,1653"/>
                <Baseline points="228,1683 265,1683 302,1682 339,1680 376,1680 413,1679 450,1679 487,1679 524,1677 561,1677 598,1677 635,1677 672,1677 709,1676 746,1676 783,1676 820,1676 857,1676 894,1676 931,1677 969,1677"/>
                <TextEquiv>
                    <Unicode>Achitophel. Haec autem verba consecratiua a numero</Unicode>
                </TextEquiv>
            </TextLine>
            <TextLine id="r1l32" custom="readingOrder {index:30;}">
                <Coords points="226,1743 869,1741 971,1723 971,1682 465,1702 343,1684 225,1706"/>
                <Baseline points="230,1728 266,1727 303,1725 340,1725 377,1724 414,1724 450,1724 487,1722 524,1722 561,1722 598,1722 634,1722 671,1721 708,1721 745,1721 782,1721 818,1720 855,1719 892,1719 929,1718 966,1718"/>
                <TextEquiv>
                    <Unicode>quinario laudari possunt. nam quinque sunt verba in con-</Unicode>
                </TextEquiv>
            </TextLine>
            <TextLine id="r1l33" custom="readingOrder {index:31;}">
                <Coords points="232,1780 942,1781 984,1772 983,1728 231,1749"/>
                <Baseline points="236,1770 273,1770 310,1769 347,1769 384,1769 421,1767 458,1767 495,1767 532,1767 569,1766 607,1766 644,1766 681,1766 718,1766 755,1766 792,1764 829,1764 866,1764 903,1763 940,1763 978,1761"/>
                <TextEquiv>
                    <Unicode>secratione corporis: hoc est enim corpus meum. simi</Unicode>
                </TextEquiv>
            </TextLine>
            <TextLine id="r1l34" custom="readingOrder {index:32;}">
                <Coords points="217,1828 970,1821 958,1772 216,1780"/>
                <Baseline points="222,1815 259,1815 296,1814 333,1814 370,1812 407,1812 444,1812 482,1811 519,1811 556,1811 593,1809 630,1809 667,1809 704,1809 742,1809 779,1808 816,1808 853,1808 890,1808 927,1808 965,1808"/>
                <TextEquiv>
                    <Unicode>liter in consecratione sanguinis, non refert, an (enim) sit</Unicode>
                </TextEquiv>
            </TextLine>
            <TextLine id="r1l35" custom="readingOrder {index:33;}">
                <Coords points="225,1873 955,1869 980,1863 980,1826 225,1829"/>
                <Baseline points="230,1862 267,1860 304,1859 341,1857 379,1857 416,1856 453,1856 490,1854 528,1854 565,1854 602,1854 639,1854 677,1853 714,1853 751,1853 788,1853 826,1853 863,1853 900,1853 937,1853 975,1853"/>
                <TextEquiv>
                    <Unicode>de essentia formae. Similiter christifera virgo in conce</Unicode>
                </TextEquiv>
            </TextLine>
            <TextLine id="r1l36" custom="readingOrder {index:34;}">
                <Coords points="227,1923 957,1913 980,1907 979,1863 226,1881"/>
                <Baseline points="231,1905 268,1905 305,1904 342,1902 379,1902 416,1902 453,1901 491,1901 528,1901 565,1899 602,1899 639,1899 676,1899 713,1898 751,1898 788,1898 825,1898 862,1896 899,1896 936,1896 974,1895"/>
                <TextEquiv>
                    <Unicode>ptione protulit quinque verba: fiat mihi secundum verbum</Unicode>
                </TextEquiv>
            </TextLine>
            <TextLine id="r1l37" custom="readingOrder {index:35;}">
                <Coords points="223,1960 869,1961 967,1952 967,1915 223,1924"/>
                <Baseline points="228,1949 264,1949 301,1947 338,1947 374,1946 411,1946 448,1945 484,1944 521,1944 558,1944 595,1943 631,1943 668,1943 705,1943 741,1942 778,1941 815,1941 851,1941 888,1941 925,1940 962,1940"/>
                <TextEquiv>
                    <Unicode>tuum. &amp; Lucae. xxiii. quinque erant verba prolata a Chr</Unicode>
                </TextEquiv>
            </TextLine>
            <TextLine id="r1l38" custom="readingOrder {index:36;}">
                <Coords points="231,2004 970,1999 969,1952 936,1948 230,1960"/>
                <Baseline points="236,1994 272,1994 308,1992 345,1992 381,1991 418,1991 454,1989 491,1989 527,1988 564,1988 600,1988 636,1986 673,1986 709,1986 746,1985 782,1985 819,1985 855,1983 892,1983 928,1983 965,1982"/>
                <TextEquiv>
                    <Unicode>sto ad bonum latronem. hodie mecum eris in paradiso</Unicode>
                </TextEquiv>
            </TextLine>
            <TextLine id="r1l39" custom="readingOrder {index:37;}">
                <Coords points="241,2056 917,2051 973,2039 973,2004 240,2003"/>
                <Baseline points="245,2040 281,2039 317,2037 353,2036 389,2035 425,2034 461,2033 498,2033 534,2033 570,2031 606,2031 642,2031 678,2031 714,2030 751,2030 787,2030 823,2029 859,2028 895,2028 931,2027 968,2027"/>
                <TextEquiv>
                    <Unicode>Quinque sunt literae in hac dictione Maria: per quam</Unicode>
                </TextEquiv>
            </TextLine>
            <TextLine id="r1l40" custom="readingOrder {index:38;}">
                <Coords points="231,2094 932,2094 973,2081 972,2039 230,2054"/>
                <Baseline points="236,2082 272,2081 309,2081 345,2079 382,2079 419,2078 455,2078 492,2076 528,2076 565,2076 602,2076 638,2075 675,2075 711,2075 748,2075 785,2075 821,2074 858,2073 894,2073 931,2073 968,2072"/>
                <TextEquiv>
                    <Unicode>aprta est ianua paradisi. quinque sunt libri Moysi</Unicode>
                </TextEquiv>
            </TextLine>
            <TextLine id="r1l41" custom="readingOrder {index:39;}">
                <Coords points="225,2138 962,2132 976,2080 224,2093"/>
                <Baseline points="230,2126 267,2126 304,2124 341,2124 378,2124 415,2123 452,2123 489,2123 526,2121 563,2121 600,2121 637,2120 674,2120 711,2120 748,2120 785,2118 822,2118 859,2118 896,2117 933,2117 971,2117"/>
                <TextEquiv>
                    <Unicode>Ponitur in hac forma ( est) verbu substantiuum: radix</Unicode>
                </TextEquiv>
            </TextLine>
            <TextLine id="r1l42" custom="readingOrder {index:40;}">
                <Coords points="235,2188 942,2182 988,2178 988,2128 235,2141"/>
                <Baseline points="240,2172 277,2170 314,2169 351,2168 388,2167 425,2166 462,2166 500,2165 537,2165 574,2165 611,2165 648,2163 685,2163 722,2163 760,2163 797,2162 834,2162 871,2162 908,2161 945,2160 983,2159"/>
                <TextEquiv>
                    <Unicode>verborum adiectiuorum. in aliis autem verbum adiectiuum</Unicode>
                </TextEquiv>
            </TextLine>
            <TextLine id="r1l43" custom="readingOrder {index:41;}">
                <Coords points="229,2227 971,2215 956,2174 228,2186"/>
                <Baseline points="234,2214 270,2214 307,2213 343,2213 380,2212 417,2211 453,2211 490,2211 526,2210 563,2210 600,2210 636,2210 673,2210 709,2209 746,2208 783,2208 819,2208 856,2207 892,2207 929,2205 966,2205"/>
                <TextEquiv>
                    <Unicode>vt baptizo, confirmo, accipe, capio te &amp;c. Tenec</Unicode>
                </TextEquiv>
            </TextLine>
            <TextLine id="r1l44" custom="readingOrder {index:42;}">
                <Coords points="226,2276 909,2272 973,2264 973,2217 225,2228"/>
                <Baseline points="230,2259 266,2259 303,2258 340,2258 377,2256 414,2256 451,2256 488,2255 525,2255 562,2254 599,2253 635,2253 672,2252 709,2252 746,2252 783,2251 820,2250 857,2250 894,2250 931,2249 968,2249"/>
                <TextEquiv>
                    <Unicode>igitur opinionem communem in forma consecrationis: cum omnes</Unicode>
                </TextEquiv>
            </TextLine>
            <TextLine id="r1l45" custom="readingOrder {index:43;}">
                <Coords points="219,2321 982,2308 982,2269 219,2275"/>
                <Baseline points="224,2303 261,2303 299,2303 336,2301 374,2301 412,2301 449,2300 487,2300 525,2299 562,2298 600,2298 638,2298 675,2297 713,2297 751,2297 788,2295 826,2295 864,2295 901,2294 939,2294 977,2294"/>
                <TextEquiv>
                    <Unicode>euangelistae in ea conveniant: &amp; solum differant in modo lo</Unicode>
                </TextEquiv>
            </TextLine>
            <TextLine id="r1l46" custom="readingOrder {index:44;}">
                <Coords points="237,2368 979,2355 978,2307 956,2304 236,2320"/>
                <Baseline points="242,2348 278,2347 315,2346 351,2346 388,2346 425,2345 461,2345 498,2345 534,2343 571,2343 608,2342 644,2342 681,2342 717,2340 754,2340 791,2340 827,2340 864,2339 900,2339 937,2339 974,2339"/>
                <TextEquiv>
                    <Unicode>quendi. hoc enim forte voluit spiritus sctuns ad signifi-</Unicode>
                </TextEquiv>
            </TextLine>
            <TextLine id="r1l47" custom="readingOrder {index:45;}">
                <Coords points="223,2406 916,2405 976,2395 976,2357 223,2364"/>
                <Baseline points="228,2391 265,2391 302,2391 339,2391 376,2391 413,2390 450,2390 488,2389 525,2388 562,2388 599,2387 636,2387 673,2385 710,2385 748,2384 785,2384 822,2383 859,2382 896,2382 933,2381 971,2381"/>
                <TextEquiv>
                    <Unicode>candum quod non requiritur synonym itas in forma. Nec</Unicode>
                </TextEquiv>
            </TextLine>
            <TextLine id="r1l48" custom="readingOrder {index:46;}">
                <Coords points="237,2450 985,2443 966,2391 859,2416 729,2395 236,2407"/>
                <Baseline points="242,2438 278,2437 315,2436 352,2436 389,2435 426,2435 463,2434 500,2433 537,2433 574,2432 611,2432 647,2430 684,2430 721,2429 758,2429 795,2429 832,2427 869,2427 906,2427 943,2426 980,2426"/>
                <TextEquiv>
                    <Unicode>valet ratio sancti Thome. omnio est enunciatiua. ergo de</Unicode>
                </TextEquiv>
            </TextLine>
            <TextLine id="r1l49" custom="readingOrder {index:47;}">
                <Coords points="226,2494 889,2495 977,2487 976,2444 225,2455"/>
                <Baseline points="231,2481 268,2481 305,2480 342,2480 379,2478 416,2478 453,2478 490,2478 527,2477 564,2477 601,2477 638,2475 675,2475 712,2475 749,2475 786,2474 823,2474 860,2474 897,2473 934,2472 972,2472"/>
                <TextEquiv>
                    <Unicode>terminatio praedicati est assumenda. hoc enim probaret</Unicode>
                </TextEquiv>
            </TextLine>
            <TextLine id="r1l50" custom="readingOrder {index:48;}">
                <Coords points="235,2541 981,2528 965,2485 234,2495"/>
                <Baseline points="240,2529 276,2528 313,2526 350,2525 387,2523 423,2523 460,2523 497,2522 534,2522 570,2522 607,2520 644,2520 681,2520 717,2519 754,2519 791,2519 828,2517 864,2517 901,2516 938,2514 975,2514"/>
                <TextEquiv>
                    <Unicode>iquod pro vobis tradetur esse partem formae consecrationis</Unicode>
                </TextEquiv>
            </TextLine>
            <TextLine id="r1l51" custom="readingOrder {index:49;}">
                <Coords points="232,2582 986,2570 985,2525 232,2543"/>
                <Baseline points="237,2571 274,2570 311,2568 348,2568 385,2567 423,2567 460,2565 497,2565 534,2565 571,2565 609,2565 646,2564 683,2564 720,2564 757,2564 795,2563 832,2562 869,2562 906,2561 943,2561 981,2559"/>
                <TextEquiv>
                    <Unicode>corporis: quod nondum concessum est a quopiam quem</Unicode>
                </TextEquiv>
            </TextLine>
            <TextLine id="r1l52" custom="readingOrder {index:50;}">
                <Coords points="233,2624 920,2625 989,2615 989,2580 232,2585"/>
                <Baseline points="237,2612 274,2612 311,2612 349,2612 386,2610 423,2610 461,2610 498,2610 535,2610 573,2609 610,2609 647,2609 685,2607 722,2607 759,2607 797,2606 834,2606 871,2606 909,2605 946,2604 984,2604"/>
                <TextEquiv>
                    <Unicode>vidimus. Sed vtcumque sit: praesbyter consecraturus de</Unicode>
                </TextEquiv>
            </TextLine>
            <TextLine id="r1l53" custom="readingOrder {index:51;}">
                <Coords points="226,2668 922,2671 988,2656 988,2614 226,2626"/>
                <Baseline points="231,2658 268,2657 306,2657 343,2655 381,2655 419,2655 456,2654 494,2654 531,2654 569,2653 607,2652 644,2652 682,2652 719,2651 757,2651 795,2651 832,2650 870,2649 907,2649 945,2649 983,2648"/>
                <TextEquiv>
                    <Unicode>bet omnia illa verba canonis legere: &amp; ita consecrabit</Unicode>
                </TextEquiv>
            </TextLine>
            <TextLine id="r1l54" custom="readingOrder {index:52;}">
                <Coords points="229,2703 925,2711 988,2706 987,2656 228,2672"/>
                <Baseline points="234,2700 271,2700 308,2700 346,2700 383,2699 421,2699 458,2699 496,2699 533,2697 571,2697 608,2697 645,2697 683,2696 720,2696 758,2696 795,2696 833,2694 870,2694 908,2694 945,2693 983,2693"/>
                <TextEquiv>
                    <Unicode>quaeuis nesciat quae forma sit adaequata. Quemadmodum</Unicode>
                </TextEquiv>
            </TextLine>
            <TextLine id="r1l55" custom="readingOrder {index:53;}">
                <Coords points="237,2757 986,2747 986,2707 948,2698 843,2722 237,2706"/>
                <Baseline points="242,2744 280,2745 319,2745 358,2745 397,2744 436,2744 475,2744 514,2744 553,2744 592,2742 630,2742 669,2741 708,2741 747,2741 786,2739 825,2739 864,2738 903,2738 942,2738 981,2736"/>
                <TextEquiv>
                    <Unicode>si deus certificaret me quod vna oantio prolata a Christo</Unicode>
                </TextEquiv>
            </TextLine>
            <TextLine id="r1l56" custom="readingOrder {index:54;}">
                <Coords points="234,2799 987,2816 986,2748 234,2759"/>
                <Baseline points="239,2789 276,2789 313,2790 350,2790 387,2790 424,2790 461,2790 498,2790 535,2789 572,2789 610,2789 647,2789 684,2789 721,2788 758,2787 795,2787 832,2787 869,2786 906,2786 943,2786 981,2784"/>
                <TextEquiv>
                    <Unicode>sufficit ad hapbendam gratiam &amp; requiritur: &amp; sit illa gratia exem</Unicode>
                </TextEquiv>
            </TextLine>
            <TextEquiv>
                <Unicode>ti: quia sacerdos solus: quae materia: quia panis triticeus
&amp; vinum: quae sunt optimum nutrimentum corporale in suis
speciebus. panis autem hordeaceus reddit homines male
coloratos: triticeus bene. secunda particula problematum, pro-
blemate. xxiii propterea nutrimentum spirituale congruen
ter significat. Datur autem corpus Curisti sub aliena
specie ne abhorreamus eius sumptionem. de consecra. di-
stin. ii. Forte. &amp; ca. Panis est. Forma consecrationis
corporis Christi est haec. Hoc est corpus meum. Et in hoc
conveniunt omnes. De forma sanguinis digladiantur ple
rique: aliquibus dicentibus hoc totum esse formam. Hic est
calix sanguinis mei noui &amp; aeterni testamenti, my
sterium fidei, quod pro vobis &amp; pro multis effundetur in re
missionem peccatorum. &amp; hoc sequuntur quidam. Vsitatior tame
sntentia est quod haec est forma sanguinis. Hic est calix sam
guinis mei: vel sic vt dicit magister. Hic est sanguis
meus. Quidam praeterea dicit coram se fecisse legi formam
quae ponitur in missali Basilii, quod fertur habuisse ab ange
lo: &amp; forma est. Bibite ex eo omnes: hic est sanguis me
us noui testamenti qui pro vobis &amp; multis effundetur in
remissionem peccatorum. &amp; tamen non reprobatur a Roma
na ecclesia in consecratione. Nec requiruntur aliqua vel
ba praecedentia ista: si praesbyter intendat facere sicut ec
clesia. secus est si de proprio corpore loquaeretur. Vtimur au
tem frequenter pronomine loco alterius: vt nos Iacobus dei
gratia &amp;c. filius meus es tu: ego hodie genui te. de patre
in diuinis loquente ad filium. Propter dubium tamen mali
ageret qui aliquid verborum relinquaeret. hic enim melius va
let humilitas Pauli simplicis eremitae: quam subtilitas
Achitophel. Haec autem verba consecratiua a numero
quinario laudari possunt. nam quinque sunt verba in con-
secratione corporis: hoc est enim corpus meum. simi
liter in consecratione sanguinis, non refert, an (enim) sit
de essentia formae. Similiter christifera virgo in conce
ptione protulit quinque verba: fiat mihi secundum verbum
tuum. &amp; Lucae. xxiii. quinque erant verba prolata a Chr
sto ad bonum latronem. hodie mecum eris in paradiso
Quinque sunt literae in hac dictione Maria: per quam
aprta est ianua paradisi. quinque sunt libri Moysi
Ponitur in hac forma ( est) verbu substantiuum: radix
verborum adiectiuorum. in aliis autem verbum adiectiuum
vt baptizo, confirmo, accipe, capio te &amp;c. Tenec
igitur opinionem communem in forma consecrationis: cum omnes
euangelistae in ea conveniant: &amp; solum differant in modo lo
quendi. hoc enim forte voluit spiritus sctuns ad signifi-
candum quod non requiritur synonym itas in forma. Nec
valet ratio sancti Thome. omnio est enunciatiua. ergo de
terminatio praedicati est assumenda. hoc enim probaret
iquod pro vobis tradetur esse partem formae consecrationis
corporis: quod nondum concessum est a quopiam quem
vidimus. Sed vtcumque sit: praesbyter consecraturus de
bet omnia illa verba canonis legere: &amp; ita consecrabit
quaeuis nesciat quae forma sit adaequata. Quemadmodum
si deus certificaret me quod vna oantio prolata a Christo
sufficit ad hapbendam gratiam &amp; requiritur: &amp; sit illa gratia exem</Unicode>
            </TextEquiv>
        </TextRegion>
        <TextRegion orientation="0.0" id="r2" custom="readingOrder {index:1;}">
            <Coords points="1049,288 1049,2785 1821,2785 1821,288"/>
            <TextLine id="r2l2" custom="readingOrder {index:0;}">
                <Coords points="1063,398 1802,402 1802,341 1739,329 1412,357 1314,327 1219,364 1063,345"/>
                <Baseline points="1068,384 1104,384 1140,384 1177,383 1213,383 1250,383 1286,383 1323,383 1359,381 1396,381 1432,381 1468,381 1505,381 1541,381 1578,380 1614,380 1651,380 1687,380 1724,380 1760,381 1797,381"/>
                <TextEquiv>
                    <Unicode>pli: dimitte nobis debita nostra: &amp; hoc me lateat: aliqui</Unicode>
                </TextEquiv>
            </TextLine>
            <TextLine id="r2l3" custom="readingOrder {index:1;}">
                <Coords points="1057,439 1808,445 1808,404 1781,395 1057,400"/>
                <Baseline points="1062,428 1099,429 1136,429 1173,429 1210,429 1247,428 1284,428 1321,428 1358,427 1395,426 1432,426 1469,425 1506,425 1543,425 1580,423 1617,423 1654,423 1691,425 1728,425 1765,426 1803,426"/>
                <TextEquiv>
                    <Unicode>dicunt quod oportet dicere: dimitte nobis debita nostra</Unicode>
                </TextEquiv>
            </TextLine>
            <TextLine id="r2l4" custom="readingOrder {index:2;}">
                <Coords points="1051,494 1811,482 1811,446 1728,432 1051,440"/>
                <Baseline points="1056,474 1093,474 1131,473 1168,473 1206,472 1243,471 1281,471 1318,471 1356,471 1393,470 1431,470 1468,470 1506,470 1543,470 1581,470 1618,470 1656,470 1693,470 1731,470 1768,471 1806,471"/>
                <TextEquiv>
                    <Unicode>sicut &amp; nos: aliqui dicunt vnum: alii aliud: omnes tamen con</Unicode>
                </TextEquiv>
            </TextLine>
            <TextLine id="r2l5" custom="readingOrder {index:3;}">
                <Coords points="1056,534 1761,536 1804,522 1804,480 1056,491"/>
                <Baseline points="1061,518 1097,518 1134,516 1171,516 1208,516 1245,515 1282,515 1319,515 1356,515 1393,515 1430,515 1466,515 1503,515 1540,515 1577,515 1614,516 1651,516 1688,516 1725,516 1762,515 1799,515"/>
                <TextEquiv>
                    <Unicode>ueniunt: si dicam Elicitur ntur ad finem: certus sum de gratia: &amp;</Unicode>
                </TextEquiv>
            </TextLine>
            <TextLine id="r2l6" custom="readingOrder {index:4;}">
                <Coords points="1050,578 1745,565 1789,584 1798,521 1050,536"/>
                <Baseline points="1055,563 1091,561 1128,561 1165,561 1202,561 1239,560 1276,560 1313,560 1350,560 1387,560 1424,560 1460,560 1497,560 1534,560 1571,560 1608,558 1645,558 1682,558 1719,558 1756,558 1793,558"/>
                <TextEquiv>
                    <Unicode>tamen per nulla verba adaequata certitudinaliter id asse</Unicode>
                </TextEquiv>
            </TextLine>
            <TextLine id="r2l7" custom="readingOrder {index:5;}">
                <Coords points="1053,618 1801,620 1801,583 1730,570 1053,574"/>
                <Baseline points="1058,608 1094,606 1131,606 1168,605 1205,605 1242,605 1279,603 1316,603 1353,603 1390,603 1427,603 1463,603 1500,603 1537,603 1574,603 1611,603 1648,603 1685,605 1722,605 1759,606 1796,606"/>
                <TextEquiv>
                    <Unicode>runt: sed proferens totam oronem dominicam iam sum certus quod i</Unicode>
                </TextEquiv>
            </TextLine>
            <TextLine id="r2l8" custom="readingOrder {index:6;}">
                <Coords points="1051,665 1811,668 1810,614 1050,622"/>
                <Baseline points="1056,654 1093,653 1131,651 1168,650 1206,650 1243,648 1281,648 1318,648 1356,648 1393,648 1431,648 1468,648 1506,648 1543,648 1581,649 1618,650 1656,650 1693,648 1731,648 1768,648 1806,648"/>
                <TextEquiv>
                    <Unicode>fine ex pacto diuimo datur mihi gratia per aliquam verba:</Unicode>
                </TextEquiv>
            </TextLine>
            <TextLine id="r2l9" custom="readingOrder {index:7;}">
                <Coords points="1050,715 1801,700 1801,667 1751,656 1050,664"/>
                <Baseline points="1055,701 1092,699 1129,697 1166,696 1203,695 1240,694 1277,693 1314,693 1351,693 1388,693 1425,692 1462,692 1499,692 1536,693 1573,693 1610,693 1647,693 1684,693 1721,693 1758,692 1796,692"/>
                <TextEquiv>
                    <Unicode>quamquam me latet quae sint illa. sic potest esse in proposito. licet</Unicode>
                </TextEquiv>
            </TextLine>
            <TextLine id="r2l10" custom="readingOrder {index:8;}">
                <Coords points="1044,757 1164,739 1807,763 1817,695 1710,720 1424,700 1044,715"/>
                <Baseline points="1049,741 1087,741 1125,740 1163,740 1201,738 1239,738 1277,738 1316,737 1354,737 1392,737 1430,736 1468,735 1506,735 1544,735 1583,735 1621,735 1659,735 1697,737 1735,737 1773,738 1812,738"/>
                <TextEquiv>
                    <Unicode>non sit opus ita dicere de facto: cum modus communis si</Unicode>
                </TextEquiv>
            </TextLine>
            <TextLine id="r2l11" custom="readingOrder {index:9;}">
                <Coords points="1051,801 1811,794 1811,763 1767,749 1051,760"/>
                <Baseline points="1056,786 1093,785 1131,785 1168,784 1206,783 1243,783 1281,782 1318,782 1356,780 1393,780 1431,780 1468,780 1506,780 1543,779 1581,779 1618,779 1656,779 1693,780 1731,780 1768,780 1806,782"/>
                <TextEquiv>
                    <Unicode>cut videtur rationabilis: ita &amp; verus. Sed dubites: quo</Unicode>
                </TextEquiv>
            </TextLine>
            <TextLine id="r2l12" custom="readingOrder {index:10;}">
                <Coords points="1059,834 1813,841 1812,793 1793,791 1058,805"/>
                <Baseline points="1064,830 1101,830 1138,828 1175,828 1212,827 1250,827 1287,825 1324,825 1361,824 1398,824 1436,824 1473,824 1510,824 1547,824 1584,824 1622,824 1659,824 1696,825 1733,825 1770,826 1808,827"/>
                <TextEquiv>
                    <Unicode>modo plus habeamus in canone quam aliquis euangeli</Unicode>
                </TextEquiv>
            </TextLine>
            <TextLine id="r2l13" custom="readingOrder {index:11;}">
                <Coords points="1054,892 1792,887 1798,841 1054,844"/>
                <Baseline points="1059,875 1095,873 1132,873 1169,872 1205,872 1242,870 1279,870 1315,870 1352,870 1389,869 1426,869 1462,869 1499,869 1536,869 1572,869 1609,869 1646,869 1682,869 1719,869 1756,869 1793,867"/>
                <TextEquiv>
                    <Unicode>starum tangat. Ad hoc respondetur de celeb. mis. Cum Mat</Unicode>
                </TextEquiv>
            </TextLine>
            <TextLine id="r2l14" custom="readingOrder {index:12;}">
                <Coords points="1051,934 1807,932 1806,889 1764,880 1050,894"/>
                <Baseline points="1056,921 1093,920 1130,918 1167,918 1205,917 1242,917 1279,915 1317,915 1354,914 1391,914 1429,912 1466,912 1503,912 1540,912 1578,912 1615,912 1652,912 1690,912 1727,912 1764,914 1802,914"/>
                <TextEquiv>
                    <Unicode>thae. Quaesiuisti (inquit) quae sit forma verborum: quam ipes</Unicode>
                </TextEquiv>
            </TextLine>
            <TextLine id="r2l15" custom="readingOrder {index:13;}">
                <Coords points="1044,983 1752,977 1801,964 1801,935 1044,936"/>
                <Baseline points="1049,965 1086,963 1123,963 1161,962 1198,961 1235,960 1273,959 1310,959 1347,959 1385,957 1422,957 1459,957 1497,957 1534,956 1571,956 1609,956 1646,956 1683,956 1721,956 1758,956 1796,956"/>
                <TextEquiv>
                    <Unicode>se Christus expressit: cum in corpus &amp; sanguinem suus</Unicode>
                </TextEquiv>
            </TextLine>
            <TextLine id="r2l16" custom="readingOrder {index:14;}">
                <Coords points="1051,1025 1703,1006 1783,1023 1802,963 1050,981"/>
                <Baseline points="1055,1010 1092,1008 1129,1008 1166,1007 1203,1005 1240,1005 1277,1004 1314,1003 1351,1002 1388,1002 1426,1001 1463,1001 1500,1001 1537,1001 1574,1001 1611,1001 1648,1001 1685,1001 1722,1001 1759,1002 1797,1002"/>
                <TextEquiv>
                    <Unicode>panem transubstantiauit &amp; vinum: illud in canone mis-</Unicode>
                </TextEquiv>
            </TextLine>
            <TextLine id="r2l17" custom="readingOrder {index:15;}">
                <Coords points="1053,1071 1813,1060 1812,1004 1775,1023 1053,1024"/>
                <Baseline points="1058,1053 1095,1052 1133,1051 1170,1050 1208,1050 1245,1049 1283,1048 1320,1047 1358,1047 1395,1046 1433,1046 1470,1044 1508,1044 1545,1044 1583,1044 1620,1044 1658,1044 1695,1045 1733,1046 1770,1047 1808,1049"/>
                <TextEquiv>
                    <Unicode>sae quo ecclesia vtitur generalis, adiecerit quod nullus euan</Unicode>
                </TextEquiv>
            </TextLine>
            <TextLine id="r2l18" custom="readingOrder {index:16;}">
                <Coords points="1050,1116 1793,1114 1800,1059 1049,1072"/>
                <Baseline points="1055,1098 1092,1097 1129,1096 1166,1095 1203,1095 1240,1094 1277,1094 1314,1092 1351,1092 1388,1091 1425,1091 1462,1089 1499,1089 1536,1089 1573,1089 1610,1089 1647,1089 1684,1089 1721,1089 1758,1091 1796,1091"/>
                <TextEquiv>
                    <Unicode>gelistarum legitur expressisse. Et sequitur paulo post. Vnde</Unicode>
                </TextEquiv>
            </TextLine>
            <TextLine id="r2l19" custom="readingOrder {index:17;}">
                <Coords points="1060,1154 1814,1153 1813,1114 1706,1100 1059,1117"/>
                <Baseline points="1064,1140 1101,1140 1138,1140 1175,1140 1212,1139 1250,1139 1287,1137 1324,1137 1361,1137 1398,1136 1436,1135 1473,1134 1510,1134 1547,1134 1584,1133 1622,1133 1659,1133 1696,1133 1733,1134 1770,1134 1808,1136"/>
                <TextEquiv>
                    <Unicode>cum non euangelista Christum hoc dixisse testetur, mira-</Unicode>
                </TextEquiv>
            </TextLine>
            <TextLine id="r2l20" custom="readingOrder {index:18;}">
                <Coords points="1045,1199 1751,1201 1804,1190 1804,1147 1045,1164"/>
                <Baseline points="1050,1185 1087,1184 1124,1184 1162,1184 1199,1182 1237,1182 1274,1182 1312,1181 1349,1181 1387,1181 1424,1179 1461,1179 1499,1179 1536,1179 1574,1178 1611,1178 1649,1178 1686,1178 1724,1178 1761,1178 1799,1178"/>
                <TextEquiv>
                    <Unicode>ris quod aliquis asseuerare tentauerit eum aliquid plus di-</Unicode>
                </TextEquiv>
            </TextLine>
            <TextLine id="r2l21" custom="readingOrder {index:19;}">
                <Coords points="1051,1244 1780,1244 1817,1237 1817,1195 1051,1208"/>
                <Baseline points="1056,1230 1093,1229 1131,1229 1169,1227 1207,1227 1245,1226 1282,1226 1320,1226 1358,1224 1396,1224 1434,1224 1471,1224 1509,1223 1547,1223 1585,1223 1623,1223 1660,1223 1698,1223 1736,1224 1774,1224 1812,1224"/>
                <TextEquiv>
                    <Unicode>xisse: quam aliquis euangelistarum asseueret. Et paulopost</Unicode>
                </TextEquiv>
            </TextLine>
            <TextLine id="r2l22" custom="readingOrder {index:20;}">
                <Coords points="1050,1293 1459,1294 1606,1271 1771,1288 1805,1279 1805,1237 1050,1245"/>
                <Baseline points="1055,1274 1092,1274 1129,1274 1166,1274 1204,1273 1241,1272 1278,1271 1315,1271 1353,1269 1390,1268 1427,1268 1464,1266 1502,1266 1539,1265 1576,1265 1613,1265 1651,1265 1688,1266 1725,1266 1762,1268 1800,1269"/>
                <TextEquiv>
                    <Unicode>Sane multa tam de verbis quam de factis dominicis inueni</Unicode>
                </TextEquiv>
            </TextLine>
            <TextLine id="r2l23" custom="readingOrder {index:21;}">
                <Coords points="1048,1335 1793,1331 1810,1281 1048,1297"/>
                <Baseline points="1053,1319 1090,1318 1128,1317 1165,1316 1203,1316 1241,1315 1278,1314 1316,1314 1353,1314 1391,1313 1429,1313 1466,1313 1504,1313 1541,1313 1579,1313 1617,1313 1654,1312 1692,1311 1729,1311 1767,1311 1805,1310"/>
                <TextEquiv>
                    <Unicode>mus ab euangelistis omissa: quae apostoli vel suppleuis-</Unicode>
                </TextEquiv>
            </TextLine>
            <TextLine id="r2l24" custom="readingOrder {index:22;}">
                <Coords points="1047,1377 1758,1378 1804,1367 1804,1329 1047,1336"/>
                <Baseline points="1052,1364 1089,1363 1126,1362 1164,1362 1201,1361 1238,1359 1276,1359 1313,1359 1350,1358 1388,1358 1425,1356 1462,1356 1500,1356 1537,1356 1574,1356 1612,1355 1649,1355 1686,1356 1724,1356 1761,1356 1799,1356"/>
                <TextEquiv>
                    <Unicode>se verbo vel facto expressisse leguntur. Paulus enim</Unicode>
                </TextEquiv>
            </TextLine>
            <TextLine id="r2l25" custom="readingOrder {index:23;}">
                <Coords points="1047,1423 1802,1419 1801,1369 1047,1381"/>
                <Baseline points="1052,1406 1089,1406 1126,1406 1163,1406 1201,1406 1238,1405 1275,1404 1312,1403 1350,1403 1387,1402 1424,1401 1461,1401 1499,1400 1536,1400 1573,1400 1610,1398 1648,1398 1685,1398 1722,1400 1759,1400 1797,1401"/>
                <TextEquiv>
                    <Unicode>in actibus apostolorum sic ait. Meminisse nos opor-</Unicode>
                </TextEquiv>
            </TextLine>
            <TextLine id="r2l26" custom="readingOrder {index:24;}">
                <Coords points="1054,1472 1699,1451 1761,1469 1808,1455 1808,1420 1053,1423"/>
                <Baseline points="1058,1452 1095,1452 1132,1451 1169,1449 1207,1449 1244,1448 1281,1448 1318,1446 1356,1446 1393,1445 1430,1445 1467,1445 1505,1445 1542,1444 1579,1443 1616,1443 1654,1445 1691,1445 1728,1445 1765,1445 1803,1446"/>
                <TextEquiv>
                    <Unicode>tet verbi domini lesu: qui dixit. beatius est dare qui ad</Unicode>
                </TextEquiv>
            </TextLine>
            <TextLine id="r2l27" custom="readingOrder {index:25;}">
                <Coords points="1048,1509 1814,1511 1813,1460 1783,1452 1048,1475"/>
                <Baseline points="1053,1496 1090,1496 1128,1496 1166,1494 1204,1494 1242,1493 1279,1493 1317,1491 1355,1491 1393,1490 1431,1490 1468,1488 1506,1488 1544,1488 1582,1488 1620,1487 1657,1487 1695,1488 1733,1488 1771,1488 1809,1490"/>
                <TextEquiv>
                    <Unicode>cipere. Haec nullus quatuor euangelistarum descripsit.</Unicode>
                </TextEquiv>
            </TextLine>
            <TextLine id="r2l28" custom="readingOrder {index:26;}">
                <Coords points="1050,1563 1813,1551 1813,1511 1778,1501 1050,1508"/>
                <Baseline points="1055,1541 1092,1539 1130,1539 1167,1538 1205,1538 1243,1536 1280,1536 1318,1536 1356,1536 1393,1535 1431,1535 1469,1535 1506,1535 1544,1534 1582,1533 1619,1533 1657,1533 1695,1533 1732,1532 1770,1532 1808,1532"/>
                <TextEquiv>
                    <Unicode>Nullus etiam horum expressit quod Paulus de Christo</Unicode>
                </TextEquiv>
            </TextLine>
            <TextLine id="r2l29" custom="readingOrder {index:27;}">
                <Coords points="1056,1595 1742,1601 1813,1592 1813,1551 1056,1559"/>
                <Baseline points="1061,1586 1098,1584 1135,1584 1173,1583 1210,1581 1247,1581 1285,1580 1322,1580 1359,1580 1397,1578 1434,1578 1471,1578 1509,1578 1546,1578 1583,1577 1621,1577 1658,1577 1695,1577 1733,1577 1770,1577 1808,1577"/>
                <TextEquiv>
                    <Unicode>ad Corinth. scribens ait. Visus est plusquam quingentis</Unicode>
                </TextEquiv>
            </TextLine>
            <TextLine id="r2l30" custom="readingOrder {index:28;}">
                <Coords points="1054,1647 1767,1641 1819,1637 1819,1596 1054,1597"/>
                <Baseline points="1059,1629 1096,1628 1134,1627 1172,1626 1210,1625 1247,1625 1285,1625 1323,1623 1361,1623 1398,1623 1436,1623 1474,1623 1512,1623 1549,1623 1587,1622 1625,1622 1663,1622 1700,1622 1738,1620 1776,1620 1814,1619"/>
                <TextEquiv>
                    <Unicode>fratribus simul: deinde visus est Iacobo: nouissi-</Unicode>
                </TextEquiv>
            </TextLine>
            <TextLine id="r2l31" custom="readingOrder {index:29;}">
                <Coords points="1057,1683 1814,1684 1814,1635 1057,1650"/>
                <Baseline points="1062,1674 1099,1673 1136,1671 1174,1671 1211,1670 1248,1670 1286,1668 1323,1668 1360,1668 1398,1668 1435,1668 1472,1667 1510,1667 1547,1667 1584,1667 1622,1667 1659,1667 1696,1668 1734,1668 1771,1668 1809,1668"/>
                <TextEquiv>
                    <Unicode>me autem tanquam abortiuo visus est &amp; mihi. Sic est</Unicode>
                </TextEquiv>
            </TextLine>
            <TextLine id="r2l32" custom="readingOrder {index:30;}">
                <Coords points="1051,1726 1160,1744 1239,1723 1813,1733 1813,1682 1051,1691"/>
                <Baseline points="1056,1719 1093,1718 1131,1716 1168,1715 1206,1715 1244,1714 1281,1713 1319,1713 1356,1712 1394,1712 1432,1712 1469,1712 1507,1712 1544,1712 1582,1712 1620,1712 1657,1712 1695,1712 1732,1712 1770,1712 1808,1712"/>
                <TextEquiv>
                    <Unicode>in proposito. Ex quo patet non esse ita certum de</Unicode>
                </TextEquiv>
            </TextLine>
            <TextLine id="r2l33" custom="readingOrder {index:31;}">
                <Coords points="1054,1781 1810,1764 1810,1732 1769,1725 1054,1731"/>
                <Baseline points="1059,1761 1096,1761 1133,1760 1170,1758 1208,1758 1245,1757 1282,1757 1320,1757 1357,1757 1394,1755 1432,1755 1469,1755 1506,1755 1543,1755 1581,1755 1618,1755 1655,1755 1693,1755 1730,1755 1767,1755 1805,1754"/>
                <TextEquiv>
                    <Unicode>forma consecrationis sanguinis Curisti sicut ba-</Unicode>
                </TextEquiv>
            </TextLine>
            <TextLine id="r2l34" custom="readingOrder {index:32;}">
                <Coords points="1060,1824 1738,1823 1817,1817 1817,1769 1060,1783"/>
                <Baseline points="1065,1806 1102,1805 1139,1805 1177,1804 1214,1803 1251,1803 1289,1802 1326,1802 1363,1802 1401,1800 1438,1800 1475,1800 1513,1800 1550,1800 1587,1800 1625,1800 1662,1800 1699,1800 1737,1800 1774,1800 1812,1800"/>
                <TextEquiv>
                    <Unicode>ptismi. Secundo sequitur non requiri terminorum</Unicode>
                </TextEquiv>
            </TextLine>
            <TextLine id="r2l35" custom="readingOrder {index:33;}">
                <Coords points="1062,1870 1814,1848 1813,1816 1787,1810 1061,1823"/>
                <Baseline points="1067,1850 1104,1848 1141,1848 1178,1848 1215,1847 1252,1847 1289,1847 1326,1845 1363,1845 1400,1845 1438,1845 1475,1844 1512,1844 1549,1844 1586,1844 1623,1844 1660,1844 1697,1842 1734,1842 1771,1842 1809,1842"/>
                <TextEquiv>
                    <Unicode>synonymitatem: immo nec conuertibilitatem: li-</Unicode>
                </TextEquiv>
            </TextLine>
            <TextLine id="r2l36" custom="readingOrder {index:34;}">
                <Coords points="1063,1911 1481,1917 1690,1886 1722,1911 1814,1907 1813,1861 1788,1855 1062,1870"/>
                <Baseline points="1067,1898 1104,1896 1141,1895 1178,1893 1215,1892 1252,1891 1289,1890 1326,1889 1363,1889 1400,1889 1437,1889 1474,1889 1511,1887 1548,1887 1585,1887 1622,1887 1659,1887 1696,1887 1733,1887 1770,1887 1808,1886"/>
                <TextEquiv>
                    <Unicode>cet propositiones inter se aequiualeant. Vlterius sequitur:</Unicode>
                </TextEquiv>
            </TextLine>
            <TextLine id="r2l37" custom="readingOrder {index:35;}">
                <Coords points="1068,1962 1570,1941 1805,1959 1813,1907 1722,1911 1691,1887 1651,1913 1068,1909"/>
                <Baseline points="1073,1944 1109,1941 1146,1940 1183,1938 1220,1937 1256,1935 1293,1935 1330,1934 1367,1934 1403,1932 1440,1932 1477,1932 1514,1932 1550,1932 1587,1932 1624,1932 1661,1932 1697,1932 1734,1933 1771,1934 1808,1934"/>
                <TextEquiv>
                    <Unicode>quod non potens bibere vnum non debet ordinari sa-</Unicode>
                </TextEquiv>
            </TextLine>
            <TextLine id="r2l38" custom="readingOrder {index:36;}">
                <Coords points="1057,2006 1736,1999 1735,1945 1056,1963"/>
                <Baseline points="1061,1985 1094,1984 1127,1983 1161,1983 1194,1982 1228,1982 1261,1982 1295,1980 1328,1980 1362,1980 1395,1980 1428,1980 1462,1979 1495,1979 1529,1979 1562,1979 1596,1979 1629,1979 1663,1979 1696,1979 1730,1979"/>
                <TextEquiv>
                    <Unicode>cerdos: quia non potest sumere species vini.</Unicode>
                </TextEquiv>
            </TextLine>
            <TextLine id="r2l40" custom="readingOrder {index:37;}">
                <Coords points="1068,2077 1216,2069 1271,2090 1388,2067 1449,2088 1572,2067 1595,2085 1627,2063 1817,2056 1816,1994 1067,2012"/>
                <Baseline points="1073,2064 1109,2062 1146,2060 1183,2059 1220,2058 1257,2057 1294,2057 1331,2057 1368,2055 1405,2055 1442,2055 1478,2055 1515,2055 1552,2055 1589,2054 1626,2054 1663,2054 1700,2054 1737,2052 1774,2051 1811,2049"/>
                <TextEquiv>
                    <Unicode> Contra praedicta arguitur. species sen-</Unicode>
                </TextEquiv>
            </TextLine>
            <TextLine id="r2l41" custom="readingOrder {index:38;}">
                <Coords points="1063,2121 1749,2127 1819,2106 1819,2056 1592,2085 1063,2077"/>
                <Baseline points="1068,2109 1105,2109 1142,2108 1179,2108 1217,2108 1254,2106 1291,2106 1329,2106 1366,2106 1403,2105 1441,2105 1478,2105 1515,2105 1552,2103 1590,2103 1627,2103 1664,2103 1702,2103 1739,2102 1776,2102 1814,2102"/>
                <TextEquiv>
                    <Unicode>sibiles panis sunt sacramentum: &amp; species sensibi-</Unicode>
                </TextEquiv>
            </TextLine>
            <TextLine id="r2l42" custom="readingOrder {index:39;}">
                <Coords points="1055,2179 1213,2160 1661,2174 1703,2151 1762,2168 1822,2158 1822,2109 1054,2120"/>
                <Baseline points="1059,2153 1096,2153 1134,2153 1172,2153 1210,2153 1248,2151 1286,2151 1324,2151 1362,2151 1400,2151 1438,2150 1475,2150 1513,2150 1551,2149 1589,2148 1627,2148 1665,2147 1703,2147 1741,2146 1779,2145 1817,2144"/>
                <TextEquiv>
                    <Unicode>les vini: &amp; illud aggregatum est sacim. ergo sequitur</Unicode>
                </TextEquiv>
            </TextLine>
            <TextLine id="r2l43" custom="readingOrder {index:40;}">
                <Coords points="1065,2220 1699,2198 1752,2218 1810,2197 1809,2162 1703,2150 1661,2174 1466,2158 1065,2177"/>
                <Baseline points="1070,2204 1106,2201 1143,2199 1180,2198 1217,2196 1253,2196 1290,2195 1327,2195 1364,2195 1400,2193 1437,2193 1474,2193 1511,2193 1547,2193 1584,2193 1621,2193 1658,2192 1694,2192 1731,2190 1768,2190 1805,2189"/>
                <TextEquiv>
                    <Unicode>quod plura sunt sacramenta Eucharistiae: &amp; sic essent</Unicode>
                </TextEquiv>
            </TextLine>
            <TextLine id="r2l44" custom="readingOrder {index:41;}">
                <Coords points="1056,2265 1759,2239 1811,2259 1810,2197 1755,2216 1699,2197 1668,2218 1055,2221"/>
                <Baseline points="1061,2247 1098,2244 1135,2243 1172,2241 1210,2240 1247,2240 1284,2238 1321,2238 1359,2238 1396,2238 1433,2238 1470,2238 1508,2238 1545,2237 1582,2237 1619,2237 1657,2237 1694,2235 1731,2234 1768,2234 1806,2232"/>
                <TextEquiv>
                    <Unicode>plura quam septem sacramenta nouae legis contra omnes</Unicode>
                </TextEquiv>
            </TextLine>
            <TextLine id="r2l45" custom="readingOrder {index:42;}">
                <Coords points="1065,2310 1776,2292 1810,2285 1810,2258 1065,2263"/>
                <Baseline points="1070,2286 1106,2286 1143,2285 1180,2285 1217,2285 1253,2285 1290,2283 1327,2283 1364,2283 1400,2283 1437,2283 1474,2282 1511,2282 1547,2282 1584,2280 1621,2280 1658,2280 1694,2279 1731,2278 1768,2277 1805,2276"/>
                <TextEquiv>
                    <Unicode>doctores.  Confirmatur. Consecratio est sacra-</Unicode>
                </TextEquiv>
            </TextLine>
            <TextLine id="r2l46" custom="readingOrder {index:43;}">
                <Coords points="1069,2357 1810,2329 1809,2288 1754,2286 1068,2311"/>
                <Baseline points="1074,2331 1110,2331 1147,2330 1183,2330 1220,2330 1256,2330 1293,2330 1329,2328 1366,2328 1402,2328 1439,2328 1476,2327 1512,2327 1549,2326 1585,2325 1622,2325 1658,2324 1695,2323 1731,2322 1768,2321 1805,2319"/>
                <TextEquiv>
                    <Unicode>mentum eucharistiae. ergo intentum.  Pro solutione</Unicode>
                </TextEquiv>
            </TextLine>
            <TextLine id="r2l47" custom="readingOrder {index:44;}">
                <Coords points="1057,2393 1817,2378 1816,2341 1774,2328 1056,2344"/>
                <Baseline points="1061,2378 1098,2376 1136,2376 1173,2376 1211,2375 1248,2375 1286,2374 1323,2373 1361,2373 1398,2372 1436,2372 1473,2372 1511,2370 1548,2370 1586,2369 1623,2369 1661,2367 1698,2366 1736,2366 1773,2364 1811,2363"/>
                <TextEquiv>
                    <Unicode>huius argumenti pono propositiones. Prima est. octo</Unicode>
                </TextEquiv>
            </TextLine>
            <TextLine id="r2l48" custom="readingOrder {index:45;}">
                <Coords points="1062,2433 1810,2425 1809,2381 1739,2376 1433,2400 1346,2380 1311,2400 1062,2390"/>
                <Baseline points="1067,2420 1103,2420 1140,2420 1177,2420 1214,2419 1251,2418 1288,2418 1325,2418 1362,2417 1399,2417 1436,2415 1472,2415 1509,2414 1546,2414 1583,2412 1620,2412 1657,2411 1694,2410 1731,2409 1768,2408 1805,2406"/>
                <TextEquiv>
                    <Unicode>sunt sacramenta probatur. quin octo baptizantur in va-</Unicode>
                </TextEquiv>
            </TextLine>
            <TextLine id="r2l49" custom="readingOrder {index:46;}">
                <Coords points="1063,2489 1689,2459 1807,2479 1814,2422 1062,2433"/>
                <Baseline points="1067,2463 1104,2463 1141,2463 1178,2463 1215,2463 1252,2462 1289,2462 1326,2462 1363,2460 1400,2460 1438,2459 1475,2459 1512,2457 1549,2457 1586,2456 1623,2456 1660,2454 1697,2454 1734,2453 1771,2453 1809,2453"/>
                <TextEquiv>
                    <Unicode>riis locis: iam octo isunt ibaptismii: ergo octo sa-</Unicode>
                </TextEquiv>
            </TextLine>
            <TextLine id="r2l50" custom="readingOrder {index:47;}">
                <Coords points="1071,2521 1814,2516 1814,2478 1071,2487"/>
                <Baseline points="1076,2510 1112,2509 1149,2508 1185,2508 1222,2507 1259,2507 1295,2505 1332,2505 1369,2504 1405,2502 1442,2502 1479,2501 1515,2501 1552,2500 1589,2499 1625,2499 1662,2498 1699,2498 1735,2498 1772,2498 1809,2498"/>
                <TextEquiv>
                    <Unicode>cramenta: ab inferiori ad superius. &amp; eodem mo-</Unicode>
                </TextEquiv>
            </TextLine>
            <TextLine id="r2l51" custom="readingOrder {index:48;}">
                <Coords points="1070,2563 1685,2568 1820,2547 1820,2520 1069,2521"/>
                <Baseline points="1074,2555 1111,2553 1148,2553 1185,2552 1222,2551 1259,2550 1296,2549 1333,2549 1370,2548 1407,2547 1444,2547 1481,2546 1518,2546 1555,2544 1592,2544 1629,2544 1666,2543 1703,2543 1740,2543 1777,2543 1815,2543"/>
                <TextEquiv>
                    <Unicode>do probari potest in aliis sacramentis.  Secun-</Unicode>
                </TextEquiv>
            </TextLine>
            <TextLine id="r2l52" custom="readingOrder {index:49;}">
                <Coords points="1066,2610 1784,2611 1820,2607 1819,2547 1685,2568 1065,2562"/>
                <Baseline points="1071,2598 1108,2598 1145,2597 1182,2597 1219,2595 1257,2595 1294,2594 1331,2592 1368,2592 1405,2591 1443,2589 1480,2589 1517,2588 1554,2588 1591,2586 1629,2586 1666,2586 1703,2586 1740,2586 1777,2586 1815,2586"/>
                <TextEquiv>
                    <Unicode>da propositio. duae sunt eucharistiae specie distin </Unicode>
                </TextEquiv>
            </TextLine>
            <TextLine id="r2l53" custom="readingOrder {index:50;}">
                <Coords points="1070,2652 1818,2641 1817,2606 1758,2599 1069,2607"/>
                <Baseline points="1074,2643 1110,2643 1147,2642 1184,2640 1221,2640 1258,2639 1295,2637 1332,2636 1369,2636 1406,2634 1443,2634 1479,2633 1516,2633 1553,2631 1590,2631 1627,2631 1664,2630 1701,2630 1738,2630 1775,2630 1812,2631"/>
                <TextEquiv>
                    <Unicode>ctae. patet. Species panis &amp; vini puta albedo &amp; ru</Unicode>
                </TextEquiv>
            </TextLine>
            <TextLine id="r2l54" custom="readingOrder {index:51;}">
                <Coords points="1067,2699 1819,2692 1826,2644 1066,2652"/>
                <Baseline points="1071,2690 1108,2687 1146,2685 1183,2685 1221,2684 1258,2682 1296,2681 1333,2681 1371,2681 1408,2679 1446,2679 1483,2679 1521,2678 1558,2678 1596,2678 1633,2676 1671,2676 1708,2676 1746,2675 1783,2675 1821,2673"/>
                <TextEquiv>
                    <Unicode>bedo specie distinguuntur: &amp; illae species sunt sacra</Unicode>
                </TextEquiv>
            </TextLine>
            <TextLine id="r2l55" custom="readingOrder {index:52;}">
                <Coords points="1071,2742 1732,2744 1819,2732 1819,2689 1071,2703"/>
                <Baseline points="1076,2729 1112,2729 1149,2729 1186,2729 1223,2727 1260,2727 1297,2727 1334,2726 1371,2726 1408,2726 1445,2724 1481,2724 1518,2723 1555,2723 1592,2723 1629,2721 1666,2721 1703,2721 1740,2720 1777,2720 1814,2720"/>
                <TextEquiv>
                    <Unicode>menta eucharistiae: ergo propositum. Fodem modo </Unicode>
                </TextEquiv>
            </TextLine>
            <TextLine id="r2l56" custom="readingOrder {index:53;}">
                <Coords points="1066,2803 1561,2806 1616,2776 1818,2800 1822,2732 1065,2743"/>
                <Baseline points="1070,2774 1107,2774 1144,2774 1182,2774 1219,2775 1256,2775 1294,2775 1331,2774 1368,2774 1406,2774 1443,2774 1480,2772 1518,2772 1555,2771 1592,2771 1630,2769 1667,2768 1704,2768 1742,2766 1779,2766 1817,2765"/>
                <TextEquiv>
                    <Unicode>de ordinibus potes logice dicere, tamen duo sunt</Unicode>
                </TextEquiv>
            </TextLine>
            <TextEquiv>
                <Unicode>pli: dimitte nobis debita nostra: &amp; hoc me lateat: aliqui
dicunt quod oportet dicere: dimitte nobis debita nostra
sicut &amp; nos: aliqui dicunt vnum: alii aliud: omnes tamen con
ueniunt: si dicam Elicitur ntur ad finem: certus sum de gratia: &amp;
tamen per nulla verba adaequata certitudinaliter id asse
runt: sed proferens totam oronem dominicam iam sum certus quod i
fine ex pacto diuimo datur mihi gratia per aliquam verba:
quamquam me latet quae sint illa. sic potest esse in proposito. licet
non sit opus ita dicere de facto: cum modus communis si
cut videtur rationabilis: ita &amp; verus. Sed dubites: quo
modo plus habeamus in canone quam aliquis euangeli
starum tangat. Ad hoc respondetur de celeb. mis. Cum Mat
thae. Quaesiuisti (inquit) quae sit forma verborum: quam ipes
se Christus expressit: cum in corpus &amp; sanguinem suus
panem transubstantiauit &amp; vinum: illud in canone mis-
sae quo ecclesia vtitur generalis, adiecerit quod nullus euan
gelistarum legitur expressisse. Et sequitur paulo post. Vnde
cum non euangelista Christum hoc dixisse testetur, mira-
ris quod aliquis asseuerare tentauerit eum aliquid plus di-
xisse: quam aliquis euangelistarum asseueret. Et paulopost
Sane multa tam de verbis quam de factis dominicis inueni
mus ab euangelistis omissa: quae apostoli vel suppleuis-
se verbo vel facto expressisse leguntur. Paulus enim
in actibus apostolorum sic ait. Meminisse nos opor-
tet verbi domini lesu: qui dixit. beatius est dare qui ad
cipere. Haec nullus quatuor euangelistarum descripsit.
Nullus etiam horum expressit quod Paulus de Christo
ad Corinth. scribens ait. Visus est plusquam quingentis
fratribus simul: deinde visus est Iacobo: nouissi-
me autem tanquam abortiuo visus est &amp; mihi. Sic est
in proposito. Ex quo patet non esse ita certum de
forma consecrationis sanguinis Curisti sicut ba-
ptismi. Secundo sequitur non requiri terminorum
synonymitatem: immo nec conuertibilitatem: li-
cet propositiones inter se aequiualeant. Vlterius sequitur:
quod non potens bibere vnum non debet ordinari sa-
cerdos: quia non potest sumere species vini.
 Contra praedicta arguitur. species sen-
sibiles panis sunt sacramentum: &amp; species sensibi-
les vini: &amp; illud aggregatum est sacim. ergo sequitur
quod plura sunt sacramenta Eucharistiae: &amp; sic essent
plura quam septem sacramenta nouae legis contra omnes
doctores.  Confirmatur. Consecratio est sacra-
mentum eucharistiae. ergo intentum.  Pro solutione
huius argumenti pono propositiones. Prima est. octo
sunt sacramenta probatur. quin octo baptizantur in va-
riis locis: iam octo isunt ibaptismii: ergo octo sa-
cramenta: ab inferiori ad superius. &amp; eodem mo-
do probari potest in aliis sacramentis.  Secun-
da propositio. duae sunt eucharistiae specie distin 
ctae. patet. Species panis &amp; vini puta albedo &amp; ru
bedo specie distinguuntur: &amp; illae species sunt sacra
menta eucharistiae: ergo propositum. Fodem modo 
de ordinibus potes logice dicere, tamen duo sunt</Unicode>
            </TextEquiv>
        </TextRegion>
    </Page>
</PcGts>
