2388 3293
319 313 1076 381 gi & non ab aere: cum aer hoc non possit facere. re-
309 374 1064 430 linquitur ergo quod corpus durum immediate tangit corpus
294 415 1078 486 durum, quod est nostra sexta conclusio principalis
303 459 782 534 in hac quaestione probanda.
319 519 1063 602 ⁋ Contra quam sic obiicitur. accepto a-
307 584 1066 641 assere plano magnae latitudinis in quo figatur fixe
310 641 1067 694 annulus ferreus vel plures: ponatur a. asser super b
310 688 1079 737 asserem planum immediate: venient multi aequa-
305 727 1058 780 liter leuantes a. asserem per annulos ferreos a. b. isto
301 766 1061 826 admisso dabitur vacuum: vel aer ingredietur sub-
307 813 1070 869 ito ad replendum vacuum. Forte dicis vt aliqui
305 857 1067 913 quod immediate post hoc ingredietur aer inter illa:
306 901 1070 953 & nullus aer immediate post hoc ingredietur. Hoc
309 946 1067 1001 non soluit argumentum: quia asser a. aeque distanter
300 991 1069 1036 leuatur & successiue. sit hoc instans in quo incipit
299 1036 1070 1080 leuari per remotionem de praesenti: & simus nos in hoc
303 1076 1063 1127 instanti. Tunc sic. immediate post hoc erit aliqua di-
306 1125 1057 1171 stantia inter istos asseres: licet nulla distantia erii
316 1167 1061 1218 mediate post hoc inter ipsos. deinde ex conclusione
313 1211 1064 1265 nullus est aer inter hos asseres: & aer per te successi
303 1263 1066 1312 ue mouetur: ergo quocunque tali aere dato prius
306 1301 1061 1353 veniet ad partes extremas quam centrales, non enim
301 1338 1065 1399 est rationabiliter dictum quod asser a, non possit aequa
306 1386 1070 1440 distanter separari ab assere b. Propterea omnibus illis
305 1434 1057 1491 consideratis, vt finem responsionibus inutilibus impo
305 1472 1072 1531 namus: dico quod aer subito / hoc est in instanti syn
312 1524 1064 1579 categorematice mutabitur per totum illd spatium: & ante
297 1565 1057 1612 quidlibet instans erit aer in distantia inter lapides.
300 1617 1072 1665 Sicut enim prudens inter praecepta diuina vel huma
303 1653 1072 1706 na in compossibilia constitutus elongat se a maiore /
307 1704 1076 1756 minus acceptans: quod tunc eum non ligat in opposi-
303 1742 1057 1797 tum: sic est de ordine naturae. & philosophus hombinus
313 1791 1066 1839 vtrobique experientias & inconvenientia, debet ma
301 1837 1064 1884 iora euitare. mutatio autem subita aeris est mini
294 1880 1064 1930 mum inconveniens inter haec omnia. reuera non est in-
298 1927 1076 1981 conveniens stante casu. vbi tamen ista non continge-
297 1966 1072 2022 rent, esset inconueniens. ⁋ Secundo arguitur con-
301 2017 1073 2063 tra eandem conclusionem. si duo asseres coniungan-
304 2058 1070 2107 tur in aqua quantuncunque artificiose: iam inter illos
297 2099 1067 2150 asseres erit humiditas quae non erit extra subiectum
294 2141 1064 2200 sed in aqua inclusa inter asseres. Respondetur. stat
297 2195 1070 2246 quod illic non detur humiditas. & si per longam mo-
292 2230 1074 2289 ram asserum in aqua fiat humiditas, erit per no-
298 2280 1058 2333 uam actionem aquae asseres humectantis. ⁋ Ter-
291 2320 1058 2378 tio arguitur. Ex dictis sequitur quod duo circuli super idem
302 2363 1069 2421 centrum constituti essent aequales. consequens est
294 2412 1057 2462 falsum, & contra Euclidem. iii. Elementorum, con
297 2460 1069 2520 clusione sexta. consequentiam probo: quia omnes
298 2495 1070 2548 circuli habentes diametros aequaies sunt aequa-
291 2537 1073 2602 les. sed sic est si corpora se immediate tangant: vt
300 2601 1069 2651 patet de locante & locato. Respondetur. hoc ar-
300 2627 1064 2692 gumentum est nullius momenti. & si aliquid vale-
294 2686 1057 2733 ret concluderet quod corpus molle non posset imme
288 2715 1075 2788 diate tangere corpus durum: quod nullus vnquam con
1149 332 1898 379 cessit. Insuper superficies concaua Mercurii imme
1155 370 1906 416 diate tangit superficiem conuexam Lunae: & illic
1146 412 1906 466 nihil mediat: nec caeli sunt corpora deira. Sed ad rem,
1153 459 1910 505 eadem diametros in eodem puncto terminat su
1159 503 1916 555 perficiem conuexam corporis locati & concauam
1152 548 1909 593 corporis locantis. Euclides autem intelligit in circulis
1143 594 1909 653 eccentricis & non concentricis. ⁋ Hactenus quomodo
1147 636 1907 684 non inconuenit corpora dura secundum superfi-
1149 682 1907 727 cies tersas & politas immediate se tangere: & quo
1146 726 1909 783 modo multotum euasiones non sunt apparentes
1150 776 1903 824 quocirca eas refellimus. De molli autem & duro
1144 816 1910 862 non est facta difficultas. nam in separatione cor-
1146 858 1897 914 poris duri a molli semper molle relinquit vestigium
1149 904 1897 955 post se: & circa centrum tendit ad acutiem. vt vide
1144 950 1901 1000 mus de caera applicata mensae. & sic non est aeque
1146 991 1903 1037 distans subtractio partium corporis mollis a duro
1140 1030 1907 1086 & per consequens aer successiue ingreditur primas
1155 1086 1906 1133 partes superficiales: quia illae magis distant: & prius
1146 1121 1898 1178 ieuantur a corpore duro. Ex omnibus his con-
1141 1170 1903 1214 cluditur quod non disconuenit os hominis immediate
1144 1211 1891 1262 tangere petram / immo philosophi hoc negare non
1140 1264 1901 1312 debent. sed hic aliud etiam contingit de penetra-
1137 1297 1909 1346 tione corporum durorum, quod non admitteret
1150 1342 1373 1404 philosophus.
1164 1420 1904 1507 ⁋ Distinctionis Quadragesimae nonae
1227 1502 1824 1595 Quaestio Vigesimasecunda.
1477 1586 1905 1672 Vperioribus huius di
1477 1655 1897 1710 tinctionis locis: de beatitu-
1468 1703 1895 1760 dine & corporum dotibus tra
1470 1746 1889 1796 ctauimus: superest iuxta pro
1464 1791 1892 1848 missa loqui de aureolis. Pro
1464 1833 1895 1895 quarum intelligentia scito du
1466 1878 1891 1934 plex esse beatorum praemium
1461 1920 1897 1984 quoddam essentiale: quod est bea
1152 1965 1910 2024 titudo formalis: & est aurea: quam quis consequitur
1153 2012 1904 2056 per actus meritorios: vel paruulus virtute passio
1143 2065 1892 2114 nis Christi. Aliud est praemium accidentale non
1149 2106 1895 2158 quasi sit accidens: sic enim est praemium essentiale
1150 2157 1903 2195 verum comparatiue ad essentiam beatitudinis
1149 2194 1897 2239 vltimae vocatur accidens. Hoc praemium acci-
1152 2232 1910 2284 dentale partitur. Quoddam enim est fructus. de
1149 2278 1906 2330 quo in. xxx. distinct. diximus: quoddam aureo-
1146 2323 1903 2372 la: quod est praemium datum beato ratione victo-
1150 2366 1898 2420 riae excellentis quam quis tandem consequitur
1147 2412 1904 2459 propter deum. ⁋ Et est triplex aureola, martyrum
1141 2458 1907 2513 doctorum, & virginum: quia circa ista tria potis-
1149 2498 1906 2543 simum oppugnamur. nam tyranni ab orbe con-
1149 2543 1897 2601 dito bonos semper oppresserunt: quorum mul
1141 2592 1900 2644 ti iustitiam non obstante conditione mortis relin
1149 2633 1904 2688 nuere noluerunt: quibus aureola martyrum respon
1150 2661 1892 2727 det. Simiter daemon suis versutiis / multis mala sug
1143 2728 1908 2780 gerit: vt eos a via morum prosternat: cui resistere est
