2352 3307
289 376 1047 453 alibi, non erunt irremunerata. Potes insistere quod mo
291 446 1049 491 dica scientia sufficiat. nam interdum aliqui dicunt
285 488 1045 537 aliquos sermones memoriter bono animo: qui
283 528 1054 585 nesciunt congrue loqui. sed hi non vacabunt praemio
288 573 1052 626 aurcolae dummodo vtiliter insistant. Nec semper do-
297 622 1043 668 ctiori dabitur maior aureola: sed plus & vtilius
295 662 1049 713 laboranti, siue conuertat aliquos ad fidem & bo
291 706 1054 766 nos mores siue non: quia hoc non est situm in fa-
295 751 488 811 cultate eius.
291 809 1048 892 ⁋ Tertio arguitur. Vel dabitur au
294 880 1042 930 reola pro actu docendi falsum: vel solum pro actu
285 926 1042 979 docendi verum, non primum: alioquin pro haeresi da
292 969 1052 1025 retur aureola: quod est absurdum, nec secundum: quia si
292 1016 1048 1066 vnus in materia probabili credat dicere verum: vt pu
282 1065 1052 1118 ta si Adam non peccasset, Christus fuisset incar-
288 1100 1045 1151 natus: & alter praedicando oppositum: alter praedicat
294 1145 1042 1206 verum & alter falsum: & non est maior ratio quod da
289 1192 1039 1237 bitur aureola pro actu praedicandi verum quam pdicam
288 1236 1043 1283 di falsum: cum non constet vter eorum praedicet verum.
282 1280 1045 1339 ⁋ Respondetur. dummodo homo habeat rationes
283 1325 1049 1386 apparentes pro se, & no constet de opposito: ha-
283 1369 1049 1418 bebit aureolam pro tali doctrina: quia est igno-
289 1414 1040 1469 rantia ei inuincibilis. & sic vterque istorum habebit
288 1458 1046 1512 aureolam ratione suae praedicationis: si bono & sim
299 1503 1048 1563 plici animo id faciat. Sed si quis praedicet minus
285 1557 1039 1603 probabile quod pauciores tenent: & minores sint ra
283 1600 1043 1648 tiones, & cum hoc relinquendo certum: non apparet
291 1637 1034 1693 quod ratione talis concionis dabitur aureola. Nec ill
282 1683 1039 1730 dabitur aureola qui plebeculae indoctae proponit
292 1722 1042 1785 sublimia quae a plebe capi nequeunt: quia secundum
295 1770 1046 1825 exigentiam auditoris debet esse sermo docentis:
285 1812 1040 1867 iuxta illud Apostoli. i. ad Corinth. iii. Ego fra-
285 1854 1049 1910 tres non potui vobis loqui quasi spiritualibus, sed
294 1911 1042 1961 quasi carnalibus. Tanquai paruulis in Christo lac
288 1948 1048 2019 vobis potum dedi, non escam: nondum enim po
286 1991 392 2060 teratis.
280 2053 1033 2131 ⁋ Quarto arguitur. Ex conclusione
282 2113 1036 2172 sequitur quod ille qui insistit correctioni fraternae ha
279 2159 1046 2219 bebit aureolam doctorum, quod si concedas: infero quod
292 2203 1040 2272 aicus possit habere aureolam, qui nullas vnquam cal-
288 2246 1045 2298 lebit literas. Si dicas. is non habebit aureolam: Con-
282 2292 1046 2345 tra hoc argumentor. Ratio quare aureola doctorum
286 2336 1039 2381 dabitur alicui, maxime competit huic: ergo ha-
291 2377 1033 2429 bebit aureolam doctorum. antecedens probo. nam docto
277 2425 1022 2484 ri datur aureola, quia daemonem & eius effectus pe
285 2471 1039 2517 niciosos scilicet peccata ab hominum pectoribus
283 2515 1040 2562 fugat. sed ille facit huiusmodi: quia lites & dissi-
283 2560 1043 2617 dia inter fratres sedat & extinguit: consulit dubiis:
272 2604 1030 2660 malos arguit vt emendentur: & plures filios spiri
292 2646 1028 2696 uales Christo generat quam theologus. ergo si theo
286 2696 1040 2745 logo aureola doctorum detur: & huic dabitur. Quod
279 2736 1030 2795 si concedas, sicut concedendum videtur, infero vlterius.
274 2790 1041 2853 vel ratione cuiussibet actus correctionis fraternae
1129 393 1898 455 dabitur aureola: vel ratione multorum. si secundum
1128 446 1894 496 quaero abs te: quot fratrum correctis requiratur ad
1128 490 1893 542 correctionem fraternam. si ratione cuiustibet: multi
1132 531 1899 592 sunt laici qui fratres correxerunt decedentes in gra
1131 577 1892 632 tia: ergo omnes illi habebunt aureolas doctorum. Et ex
1137 625 1885 680 vtroque infero. si quis laborans pro fratris correctio
1128 667 1891 716 ne habebit aureolam doctorum: seipsum corrigens
1137 713 1885 760 habebit doctorum aureolam. & sic quilibet poenitens
1132 753 1895 799 decedens in gratia, doctorum aureolam habebit: & a
1128 796 1891 846 fortiori innocens: & ex consequente mulieres. nam
1131 841 1895 891 licet mulieres non debeant publice docere, iuxta
1129 887 1885 930 Apostolum: tamen si aliqua bona vidua inter alias
1128 934 1894 991 mulieres contentiones sedet: tam exemplo quam verbo
1126 984 1896 1033 alias docens: videtur (licet non possit esse sacerdos)
1125 1019 1888 1069 habitura aureolam doctorum vel doctricum. Responde
1122 1063 1895 1117 tuipse ad formam. ⁋ Dicam aliqua ad materiam ar
1128 1109 1891 1161 gumenti. Aureolae proprie dantur actibus heroicis
1131 1156 1879 1205 vel vitae heroincae. quo modo diu in carne viuere
1122 1198 1891 1248 & nullam carnis illecebram admittere, vel si admittatur
1131 1244 1893 1292 poenitere antequam adimpleatur opus: vitam communem
1125 1287 1895 1334 hominum exuperat: & talis vltra praemium essentiale
1128 1332 1891 1385 habebit aureolam virginum. Sic se honeste ac san
1122 1378 1886 1428 cte in via componere, in vtroque homine: homines
1128 1423 1891 1472 verbo & exemplo trahere ad Christum, est se & alios
1116 1465 1894 1517 lucrari. talibus etiam aureola doctorum debetur. Et
1117 1507 1889 1561 concedo quod laicus de quo est facta mentio in argu-
1116 1558 1886 1607 mento, pot excellenter & heroice viuere: se & alios
1117 1593 1889 1644 erudiendo: sic vt doctorum aureolam sit habiturus.
1116 1638 1892 1692 & vbi proba matrona ita faceret, opinor illud idem.
1125 1686 1886 1732 Similiter de eremita, qui accedentibus sana mini-
1119 1728 1885 1775 strat consilia, dicendum puto. Licet autem ratione cuiussi
1126 1775 1886 1826 bet actus quis mereatur aliquid de praemio accidenm
1123 1819 1885 1873 tali: non vocatur aureola quousque multi actus ha
1129 1861 1889 1910 peantur, quemadmodum quamuis qualibet gutta aliquid a
1117 1901 1894 1962 lapide tollat: ante notabilem ablationem partium non
1107 1959 1877 2004 vocatur cauatio, nec quaelibet parua nali depressio
1128 1999 1883 2051 virum simum denominare sufficit. ⁋ Quinto argui
1119 2041 1879 2092 tur. Si quis praedicet facto in bonitate vitae, cuius exen-
1129 2084 1876 2135 plaris vita reliquos vicinos ad virtutes accendat,
1116 2134 1880 2183 illi debetur aureola: quia bene viuit, & sua exemplari
1128 2179 1880 2232 vita intendit alios erudire, & ab eorum animis daemo
1123 2219 1894 2271 nes per spiritualia arma effugare. ⁋ Respondet. illi
1129 2260 1895 2314 dabitur vltra sua merita aureola doctorum. Nec tamen
1115 2310 1880 2354 ex illo sequitur quod melius sit versari in tumultu po
1129 2350 1883 2406 pulari bene viuendo quam viuendo seorsum: quia si
1116 2404 1874 2449 alios illic non doceat facto: non habebit doctorum au
1122 2439 1880 2493 reolam. forte enim in plebe auertetur a bono: & damna-
1120 2484 1876 2540 bitur: qui in secessu fuisset saluus. multo autem ma
1128 2533 1883 2584 gis laborandum est pro bona & secura vita quam pro obti-
1111 2579 1877 2625 nenda aureola: cuius expectatio frequenter est du-
1111 2617 1874 2673 bia. & est simile ac si stultus religiosus vagaretur
1119 2656 1886 2714 per regiones adipiscendo indulgentias, coenobio
1120 2703 1261 2763 dimisso.
1119 2754 1891 2861 ⁋ Haec de doctorum aureola dixisse
