2329 3293
277 343 1049 402 roboris habeant: in primis videamus. postea con-
274 395 1033 443 tra alium modum paululum instabimus. demum in
282 440 1039 487 illam sententiam descendemus quae nobis rationabi
285 486 1038 538 lior videbitur. ⁋ Arguitur sic. Si de ratione mat
289 528 1043 578 tyrii esset actualis perpessio mortis pro Christo-
283 570 1034 624 sequeretur: si essent duo omnino aequales in pro
276 621 1036 676 posito grauissimorum suppliciorum suscipiendorum
280 672 1043 719 pro Christo, in hoc solum differentes quod furor ty-
276 709 1033 761 tanni in vnum saeuiat & non in alium: quod vnus esse:
292 758 1034 809 martyr & non alter. sed consequens est falsum, quod pro-
289 797 1033 843 batur sic. quoruncumque actus interiores sunt eiusdem
282 842 1046 889 tationis & intensionis, eorum merita sunt eiusdem
282 886 1039 933 rationis & aequalia. sed actus interiores istorum
276 928 1033 976 duorum sunt eiusdem rationis: quia in vtroque est vo
282 974 1043 1028 litio sustinendi grauissima supplicia ne deseratur
282 1017 1036 1075 fides i aut ne idola colantur: quae volitio in vtroque
292 1064 1027 1111 est formaliter imperatiua exequutionis. suppos
280 1110 1046 1164 no enim quod vterque admoneatur a tyranno vt neget
277 1153 1046 1206 fidem & colat idola: aut grauissimis suppliciis af
277 1196 1037 1250 ficietur: & vterque respondeat se nequaquam negaturum
282 1239 1037 1286 fidem, sed ad quaecumque grauissima supplicia para
282 1287 1037 1329 tissimum. quod vterque praeterea ducatur ad locum tor
288 1327 1043 1374 mentorum  & cum cruciatur vnus si ex ipsa perpes-
285 1372 1037 1429 sione augeatur voluntas martyrii in eo qui pati-
288 1419 1037 1466 tur: quod etiam augeatur in altero videndo socium patien
282 1456 1028 1514 tem. Addatur quod cum ille prior inter tormenta emis
283 1505 1040 1556 tit spiritum: aut propter euidentiam miraculorum
282 1555 1033 1600 aut propter mortem tyranni relinquatur alter: iam
279 1596 1033 1648 non videtur quid desit isti quod ad martyrium requi
282 1640 1031 1685 ratur. ⁋ Ad hoc argumentum conceditur sequela
275 1681 1032 1732 & consequens. & quarido improbas falsitatem conse
289 1730 1026 1781 quentis. quoruncumque actus interiores sunt eiusdem
283 1771 1025 1829 rationis &c. distinguo quod actus interiores sint eius
285 1813 1036 1870 dem rationis: vel entitatiue. & sic conceditur. vel
274 1859 1034 1909 accidentaliter & in denominatione martyrii: & sic
270 1905 1034 1958 nego: quia deest vni mors quam aduersarius dicit esse
273 1952 1027 2003 requisitam ad martyrium. ⁋ Secundo arguitur. eo
273 1996 1031 2051 modo per aliquid mere naturale, quod no est in po
278 2038 1038 2097 testate studiose operantis, aliquis de non martyre
274 2083 1039 2127 fiet martyt. Hoc concludit contra arguentem de vir-
285 2124 1036 2181 ginitate. nam si aliqua cognoscatur renitens, &
276 2175 1034 2224 propositum continuet castitatis: perditur virginitas
279 2216 1042 2271 per aliquid quod non est in potestate eius. Similiter.
273 2269 1036 2318 ebrius hominem occidens ex culpa praeuia, peccat
288 2306 1037 2347 per aliquid mere naturale, quod no est in eius pote-
273 2350 1030 2396 state tunc secundum eum. ⁋ Tertio. pauper non habens
280 2392 1036 2434 quod dare possit est vel esse potest liberalis: ergo fi-
280 2433 1024 2486 delis non habens illum a quo crucietur potest esse
270 2481 1027 2528 martyr. Consequentia est nulla. & eodem modo con
276 2524 1021 2571 cluditur de virginitate. Facit duas alias rationes
280 2568 1033 2615 in quaestione prima huius materiae : ad quas non
268 2610 1031 2662 respondeo, quia non sunt magnae molis intelli-
282 2658 1028 2709 genti positionem. ⁋ Facit tamen vnam rationem in quae-
279 2696 1028 2752 stione quarta: quae videtur maioris acrimoniae. &
270 2751 1037 2814 est haec. Si ad rationem martyrii exigatur de necessi-
1113 332 1889 400 tate tolerantia mortis: autem actus martyrii erit post
1110 400 1870 450 mortem: & hoc non quia actus martyrii est merito
1120 443 1867 490 rius. post mortem autem non est actus mtritorius. aut
1116 488 1871 538 in instanti aliquo praecedente instans mortis: & hoc
1114 532 1870 580 non: quia inter tale instans & instans mortis est te-
1120 576 1871 626 pus medium: ergo potest naturaliter aut superna-
1114 621 1867 675 turaliter non consequi mors. ponatur quod non sequatur
1122 662 1880 711 mors per potentia diuinant iam vel ad martyrium
1113 707 1868 757 non exigitur actualis tolerantia mortis: vel actus
1122 751 1873 798 iste qui concessus est esse martyrium non est mar-
1111 799 1881 855 tyrium, quod non est dicendum. ⁋ Ad hoc argumentum
1113 840 1880 885 dicitur quod actus martyrii est ante mortem in a in
1117 884 1874 931 stanti vel bet & si ponatur quod sit vna hora adhuc ad
1119 932 1868 982 mortem vsque: dico quod repugnas posito. ponis enim
1123 977 1877 1024 actum martyrii esse vna hora vel duabus ante
1110 1022 1870 1072 mortem: & postea vis quod non moriatur ad. xx. an
1122 1066 1870 1112 nos. Vel sic, & tibi lucidius erit. quando petitur, an
1122 1111 1864 1154 iste actus sit martyrium: dico quod dependet ex vna
1126 1151 1868 1201 propositione de futuro sc. ls. ex hac iste morietur ex
1111 1193 1861 1249 hac plaga. et si illa fuerit vera: actus datus est mai
1107 1246 1872 1290 tyrium. sin minus, num quam fuit martyrium. Et vbi Mar-
1113 1284 1864 1329 tinus dicit opinantem non velle dicere hoc modos
1120 1330 1868 1376 dico quod nulla est alia via dicendi ipsi opinanti. &
1113 1374 1865 1424 ita videtur dicere bea. Tho. secunda Secundae. quaest.
1123 1419 1874 1466 exxiiii. licet tenebrose loquatur super hoc. sed quic-
1107 1457 1510 1522 quid sit, pro me ita dico.
1110 1512 1870 1603 ⁋ Et quod ita dicere sit rationabile osten
1117 1597 1871 1650 ditur arguendo contra aliam positionem quam Marti
1119 1639 1871 1687 nus insequitur: licet sit partim de nomine certare.
1110 1686 1870 1730 & hoc sic. Nisi hic modus sit verus: dabitur mati
1117 1734 1865 1783 tyr damnatus: immo multi martyres dabuntur
1114 1774 1865 1826 damnati. consequens est inconveniens: ergo & an
1110 1816 1873 1870 tecedens. probo consequentiam: quia stat plerosque
1114 1864 1870 1915 qui habuerunt actum martyrii & habitum, viuere. xx.
1107 1907 1871 1957 annos vel. xxx. post martyrium de lege communi
1117 1951 1870 1998 & multos tales esse damnatos de lege. hoc conce
1117 1995 1877 2039 dere est inconueniens. nam iniuriam facit mar-
1117 2040 1877 2093 tyri qui orat pro martyre. de celebratione missa-
1117 2087 1870 2131 rum ca. Cum Marthae. Propterea vbi orabatur
1116 2125 1855 2173 pro sancto Leone: mutata est persona vt sanctus
1115 2169 1864 2223 Leo pro nobis intercederet: vt eodem loco dicit
1104 2215 1868 2267 maximus pontifex. Sed dicis hoc argumentum
1113 2258 1871 2306 esse contra me arguentem: quia contingi virum
1105 2311 1865 2357 mori post duos dies vel tres ex vulnere illato
1116 2350 1865 2404 post vulnus inflictum. & sic dabitur martyr damna-
1111 2400 1861 2450 tus. Sed non est simile, quia plurimum in campo oc
1117 2441 1871 2485 ciditur martyr: nec datur tempus amplius viuen
1105 2485 1871 2531 di: & ratissime datur alicui tempus viuendi extra
1105 2530 1858 2581 vulnera inflicta vel cruciatus illatos. & si diu vi-
1108 2569 1862 2623 uat dato etiam quod vita eius longaeua non notabi
1110 2615 1865 2665 liter breuietur: non propterea dicendus est martyr.
1108 2662 1865 2720 quare non est tantus color: immo non est color quod mat-
1102 2705 1855 2750 tyr aliquis damnabitur. sed qui moriuntur pro fide in
1101 2749 1861 2810 die illo vel sequaente, vt dubitatur de sancto Matthia,
