2378 3310
261 333 1047 398 tatem & malitiam proprie dicta (vt coniter dicimus) requiri
276 377 1027 428 tur libertas. ergo actus beatificus beati de necessi
264 429 1039 477 tate elicitus, & damnatorius similiter / non esset ma-
277 466 1033 516 lus culpabiliter. Et licet aliqui dicerent facta a demen
267 517 1036 566 te & ebrio omni ratione orbato ex culpa praeuia esse im
283 559 1043 613 putabilia: difficilius est tamen eis dare analogiam de sen
276 598 1033 647 su orbato ex causa meritoria in aliquo qui diceretur
268 654 1036 697 mereri opposito modo. ⁋ Quicquid sit de nomine:
280 691 1033 745 ponitur Tertia conclusio. siue actus damnatorum dicantur
267 735 1037 791 maliiculpae / vel peccata, non patientur aliquam poenam
273 779 1043 831 inflictam ratione illorum actuum probatur: quia non sunt in statu
270 828 1037 881 merendi & demerendi: ergo non infligetur poena ra
267 868 1037 918 tione quoruncumque actuum quos eliciunt. signanter de poe
267 909 1034 966 na inflicta loquor: quae a culpa distinguitur: & eius est re
268 955 1040 1006 ordinatiua per cruciatum. De poena enim acta non est pos
264 1001 1040 1053 sibile dare culpam quin suam poenam habeat annexan,
265 1046 1028 1090 eo modo quo idem potest habere se. iuxta illud Augu
264 1092 1036 1143 stini. v. Confessionum. lussisti domine & ita est. & quae
276 1134 1025 1179 sequuntur. Secundo arguitur ad idem. beati non continuo
268 1177 1037 1237 merentur nouun praemium distinctum a praemio quod primo
275 1216 1027 1272 die beatitudinis habent: ergo nec damnati demeren-
264 1269 1016 1321 tur nouam poenam infligi. Tertio, dato opposito sequ
273 1310 1031 1357 tur haec conclusio quo ad damnatos: infinitam poena
270 1355 1028 1411 quilibet. damnatus habebit. & alia conclusio quo ad
264 1398 1037 1448 beatos: infinitum praemium quilibet beatus habebit:
274 1442 1024 1497 capiendo infinitum syncategorematice. ⁋ Quar
264 1487 1024 1537 ta conclusio. Deus potest iuste infligere poenam ratione
273 1531 1031 1582 actuum quos faciunt. Probatur. nam omnis male agens
276 1576 1041 1626 a iusto iudice & misericorde potest puniri. sed danati
264 1620 1027 1670 male agunt. igitur. Secundo probatur idem. Deus potest face
264 1665 1031 1716 re omne quod non implicat contradictionem: quia
264 1712 1037 1760 non est apud eum impossibile omne verbum. & semper
265 1752 1036 1801 iuste agit: quia non potest flecti cum regula Lesbia
268 1799 1034 1845 ad sinistrum. ⁋ Quinta conclusio. Deus magnam
258 1840 1028 1890 misericordiam exhibet damnatis. probatur. iuste & cum
258 1884 1034 1932 misericordia sicut dixit vna probatio conclusionis
276 1934 1035 1982 praecedentis / potest deus punire male acta damnato
261 1980 1021 2028 rum: & tamen hoc non facit: ergo in misericordia eos
267 2021 1026 2078 punit, non tamen in tali misericordia quali in hoc mundo.
261 2080 1030 2162 ⁋ Contra primam conclusionem cum
268 2153 1034 2202 tertia simul arguitur. Ex eis sequitur quod inaequali-
265 2196 1034 2242 ter peccantes aequaliter punientur, contra dicta in
275 2239 1031 2292 distinctione. xlvi. Distinguo. vel in viatore: & sic
267 2284 1030 2336 negatur. vel in illis qui sunt extra viam: & sic con
277 2339 1025 2387 tedo / loquendo de poena inflicta. secus est de poe
264 2375 1030 2424 na acta quae cum peccato coincidit. Obiicies. ex il-
265 2419 1024 2474 lo sequitur quod aliquod erit malum impunitum. solu
264 2463 1030 2509 tionem habes ex dictis quod non in viatore: de sepa
259 2506 1028 2561 rato autem a via & de poena acta non sequitur. Contra
265 2551 1021 2595 hoc arguitur. Damnatus punitur poena vermis:
262 2595 1021 2645 hoc est, habet stimulum conscientiae de malo per
267 2640 1025 2690 petrato, eo quod ratione illius torquetur. sed stimulus
270 2688 1031 2738 ille non extinguitur in damnato. igitur. ⁋ Responde
261 2726 1031 2785 bitur primo ad materiam argumenti: deinde ad for
1116 324 1882 389 mam. Quo ad materiam beatus Augustinus. xxi. de
1122 375 1895 427 ciuitate dei, ca. ix. relinquit sub dubio: an in infer-
1126 424 1888 481 no erunt vermes materiales. rationabilior tamen est il-
1123 466 1879 522 la sententia quod non. quia nulla erunt animalia praeter
1111 512 1892 560 homines post diem iudicii: nec generatio nec cor-
1120 553 1889 612 ruptio. frustra enim talia fierent: cum amplius non
1126 596 1888 644 sint futuri homines, propter quos reliqua creata sunt:
1116 645 1876 693 iuxta illud psalmographi. Omnia subiecisti sub
1116 689 1891 742 pedibus eius: oues & boues &c. psal. viii. & illud
1116 738 1891 788 secundi physicorum. Nos sumus quodammodo finis
1116 776 1891 827 omnium. ergo nec erunt vermes. sermo est igitur de
1123 822 1889 869 verme spirituali: qui nihil aliquod est quam remorsus coscien-
1114 865 1892 917 tiae, tristitiam generans de malo perpetrato: non ra-
1110 909 1891 959 tione honesti / sed quia est causa afflictionis. Dicitur
1123 953 1880 1004 iunt vermis metaphorice. nam sicut ex putrefactione
1114 1003 1886 1044 mixti generatur vermis vt in animalium cadaue
1111 1041 1886 1093 ribus: sic ex putredine peccati inest displicentia ho
1114 1086 1874 1134 minem spiritualiter corrodens / more corporalis ver
1105 1128 1882 1177 mis ingratissimi / suam matrem corrodentis. Ma-
1104 1174 1888 1233 gnitudo autem istius tristitiae ex hoc ostenditur: si quis
1105 1221 1876 1269 socium probro & contumelia iniuste affecerit: in
1108 1265 1886 1316 se postea reuersus dolet. hoc quemlibet in se experi-
1104 1311 1873 1364 mento cognoscere arbitror, nec damnatus si vellet
1107 1361 1878 1407 posset se ab hac tristitia exuere. nam Vermis eo-
1111 1401 1873 1446 rum non morietur: & ignis eorum non extingue
1104 1441 1886 1491 tur. Esaiae vltimo. ⁋ Hoc supposito in viatori-
1110 1484 1879 1536 bus aliquid rationis habentibus: deuenio ad formam
1105 1531 1880 1584 argumenti de damnatis: & dico quod multos & vari
1113 1576 1877 1624 os malos actus eliciunt malorum habituum genera
1104 1621 1877 1663 tiuos: & fortasse isti actus eis placent: & placet eis
1101 1662 1877 1708 hos actus elicuisse. quare non est in eis tristitia se-
1120 1706 1880 1764 quens ad illos actus, quemadmodum si peruersus in
1107 1753 1870 1807 via iniuste dicat alicui iniurias: is non dolet: sed po
1110 1797 1870 1845 tius gaudet & exultat in rebus pessimis. sed non potest
1108 1843 1871 1890 daemon etsi vellet / poenam vermis secludere: quae sequi
1098 1890 1870 1933 tur ex actibus in via a se elicitis: quia detinetur in
1104 1927 1871 1978 sua poena ratione demeritorum in quibus decessit.
1098 2001 1867 2073 ⁋ Contra quartam conclusionem ar
1098 2066 1867 2118 guitur. Ex ea sequitur quod diues epulo habebit tan
1099 2113 1871 2173 tam poenam quantam Lucifer vel Mahumetus.
1104 2154 1871 2203 consequens est falsum: & consequentia patet: quia
1104 2199 1870 2248 infinitam poenam vterque habebit: si ponatur inesse
1108 2243 1877 2300 quod quarta conclusio denotat. ⁋ Respondetur per
1104 2291 1868 2341 propositiones: quarum Prima est. infinitam poe-
1096 2332 1868 2387 nam quilibet damnatus habebit. quae probatur sic.
1101 2376 1865 2425 infinita peccata quilibet damnatus habebit: & poe
1101 2421 1871 2479 na respondebit peccato ex hypothesi: ergo infini
1098 2466 1870 2517 tam poenam quilibet damnatus habebit. maior pro-
1111 2510 1871 2559 patur: quia duo peccata quilibet damnatus habe-
1098 2551 1877 2598 bit / tria / quatuor / & sic in abyssum. igitur. ⁋ Secun
1101 2594 1864 2660 da propositio. maiorem poenam habebit diues epu
1107 2642 1864 2703 lo quam habeat Mahumetus / immo infinite maiorem.
1101 2686 1864 2750 patet per crementum peccatorum. ⁋ Tertia proposi
1113 2729 1858 2799 io. sper Mahumetus erit in maiore poena quam diues epu
