2300 3314
456 377 1219 433 naret, & Oaa manum apponeret & puniretur, ne arca
454 430 1226 486 domini duceretur a brutis. De Bethsamitis dicitur quod prohi
450 470 1223 523 bebantur videre arcam nudam sub poena mortis. Nume
450 511 1225 564 ri. iiii. nimis diu etiam passi sunt eam stare sub dio sine
462 561 1222 609 uminibus & cultu debito. & propterea septuagita de
450 605 1213 662 populo, hoc est optimates & primores occisi sunt
451 658 1225 702 & quinquaginta milia plebis. Et hoc est quod Lauren
445 693 1208 747 tius Valla dicit. Plebs minutiores: populus maio
460 750 1220 798 res natu significat. Nos autem non habemus prohibitio-
462 782 1216 841 nem videndi Eucharistiam vel tangendi in casu quo lo
457 836 1021 886 cuti sumus. propterea non est idem.
463 875 1216 958 ⁋ Quarto arguitur. capiatur Euchari-
462 927 1220 998 stia & ponatur cum hostiis non consecratis in domo pi-
450 983 1222 1034 storis: & detur illa cum alia Sorti adulto existenti in mor
450 1028 1213 1089 tali. hoc supposito sic arguitur. Eucharistiam hanc Sor
459 1072 1222 1133 tes sumit sine peccato mortali. Dicis, non credit illam
450 1115 1219 1169 esse Eucharistiam: sed ex ignorantia inuincibili excu
459 1163 1217 1216 satur. & sic nihil contra conclusionem. Contra hoc arguitur
463 1206 1220 1261 hanc hostiam ( demonstrando species panis) Sortes in
460 1252 1226 1308 mortali scienter sumit. haec hostia est Eucharistia: er-
456 1297 1228 1353 go Eucharistiam Sortes scienter in mortali sumit:
462 1346 1219 1396 & non peccat. igitur. Respondetur concedendo illam con-
462 1387 1222 1441 clusionem. sed hanc nego. Sortes sumit scienter Eu
471 1432 1214 1501 charistiam in mortali peccato sine nouo peccato
465 1471 1072 1546 hic enim scientia in (Eucharistiam) cadit.
471 1520 1228 1592 ⁋ Quinto arguitur. sit Sortes in pec
456 1588 1216 1638 cato mortali tempore sumptionis prioris medieta.
456 1634 1219 1686 tis Eucharistiae, & sua peccata detestetur in sumptione
456 1675 1225 1733 secundae medietatis. hoc enim est possibile de lege. vel
463 1720 1226 1777 econverso sit Sortes in gratia in sumptione primae
463 1764 1222 1811 medietatis in ore, & in secunda medietate accepta sit
456 1811 1220 1863 in mortali. Tunc sic. Sortes sumit Eucharistiam in
462 1856 1220 1912 mortali peccato: & non peccat: quod patet, quia conferi
465 1898 1229 1945 ei gratia Eucharistiae: & meretur pro tempore illo partia
456 1940 1222 1988 li quo est in gratia. ergo conclusio nulla. ⁋ Respondetur
475 1988 1211 2040 hoc argumentum non est contra conclusionem in qua loc
462 2033 1222 2085 propono de illo qui est in mortali peccato toto tempore
468 2080 1229 2134 sumptionis Eucharistiae. Si quis autem fuerit in gratia in
472 2126 1223 2176 aliqua parte temporis quo Eucharistiam sumit in ores
459 2164 1223 2216 meretur si habeat actu interiorem bonum, & datur ei gratia
474 2222 1219 2270 virtute operis operati. Et forte hoc non solum verum
472 2262 1229 2312 est in tempore adaequato quo Eucharistia est in ore,
462 2307 1225 2354 sed etiam pro toto tempore quo corpus Christi est inisto
466 2347 1213 2400 macho: & illic manet. Ex hac solutione sequitur qui
463 2389 1229 2446 aliquis mortaliter peccat Eucharistiam sumendo: &
466 2434 1234 2495 tamen habet vel habebit gratiam Eucharistiae. patet pro tem
471 2481 1231 2531 pore inadaequato. si erat in mortali peccato in princi-
480 2525 1225 2571 pio sumptionis, iam peccat. Et preterea per detestatio
469 2576 1235 2627 nem sufficientem datur ei gratia Eucharistiae: & vt opi-
475 2614 1220 2660 nor ita magna ac si fuisset in gratia toto tempore quo
469 2654 1230 2715 habuit Eucharistiam. Hic gratiam datam virtute operis
471 2704 1226 2754 operati, gratiam Eucharistiae voco. Et patet illud. si
477 2745 1229 2795 duo sumant duas hostias magnam & paruam pigre
474 2793 1228 2845 & impigre, aequales gratias Eucharistiae habent. etiam da
1296 369 2066 432 to quod deus illas gratias pure successiue det: quima deus
1291 432 2066 479 non dat aequaliter arithmetice cum aequalibus parti-
1296 473 2060 536 bus, sed geometrice. ergo magnitudo temporis gratiae
1291 523 2051 576 non facit ad maiorem gratiam Eucharistiae. secus e
1299 562 2056 608 de gratia virtute operis operantis. Forte deus dat gra-
1299 606 2057 657 tiam Eucharistiae ea sumenti quocumque tempore sumptiois
1300 656 2060 704 quo est in gratia, siue in principio, medio, vel fine.
1297 700 2056 757 tibi enim de opposito constare non potest: & illud est
1294 740 2051 800 conforme misericordiae dei: nostra fragilitate ex
1299 787 2053 845 parte peccatorum mortalium considerata. ergo est probabi
1306 828 1636 900 e, & mihi vero simile.
1302 872 2060 958 ⁋ Sexto arguitur directe contra con-
1297 941 2062 995 clusionem in ea parte qua commui opinioni contra
1306 986 2056 1038 eo. Alii in commui opinione dant medium inter me
1303 1035 2059 1083 reri & demereri in sumenda Eucharistia: quod ego non
1296 1078 2063 1132 pono: ergo viam dei angustam facio, quam alii latam te-
1308 1118 2048 1186 nent. ⁋ Respondetur, non minus late immo latius quam ali
1306 1165 2062 1215 loquor. Nam vbi ipsi in via media ponunt hominem
1294 1208 2056 1260 stare in mortali peccato, & non peccare sumendo Eu-
1302 1254 2071 1303 charistiam: ego dico talem non peccare si fecit indagi-
1303 1301 2063 1364 nem & detestationem ad quam tenetur: nec amplius in
1305 1344 2064 1405 peccato vllo manere. & si decederet sic, saluaretur. Si
1302 1393 2059 1449 non fecit indaginem & detestationem ad quam te-
1297 1433 2061 1502 netur: manet in peccato, & mortaliter peccat sumen
1297 1474 1712 1548 do scienter Eucharistiam.
1302 1507 2053 1592 ⁋ Septimo arguitur. ex insto modo con
1305 1587 2061 1647 clusionis quam pono nemo potest scire an digne Eu
1303 1638 2066 1687 charistiam sumat: quod est inconveniens. patet. quia nemo
1299 1678 2055 1738 scit an amore vel odio dignus sit. Et vlterius sequi-
1296 1723 2063 1770 tur quod cum exponat se periculo peccati mortalis:
1306 1770 2066 1825 mortaliter peccet. ⁋ Respondetur. illud argumentum
1295 1816 2062 1864 non est speciale contra conclusionem meam: sed est mihi
1296 1861 2060 1918 & aliis commune. sed quia ad pauca aspiciens prima
1306 1901 2063 1952 fronte oppositum crederet: hoc sic ostendo. notu est
1297 1945 2057 1999 sicut doctor Seraphicus dicit tenendo opinionem
1300 1992 2060 2049 communem: quod si non probabiliter fecit quod debuit: pec
1303 2038 2054 2095 cat sumendo Eucharistiam: etsi fecit probabiliter quod
1312 2082 2062 2135 debuit, non peccat. sed eum latebit quando probabiliter fe-
1308 2124 2056 2176 cit indaginem: quando vero non: ergo solutio erit commu-
1300 2173 2061 2223 nis aliis & mihi. Et in primis dico argumentum esse
1306 2214 2065 2260 difficile vt ei satisfiat propter difficultatem cogno-
1315 2256 2066 2313 cendi quando sumus in peccato mortali, quando vero non.
1315 2301 2066 2357 ⁋ Circa hoc tamen aliqua dicam: sapientum pau-
1299 2344 2056 2406 ca dicta recitans. loannes Gerson in fine opuscu
1296 2392 2063 2443 li sui quod inscribitur, opus tripartitum / ponit triplicem
1315 2437 2060 2490 veritatem, quam si quis habeat: & sic decedat / etiam sine
1302 2483 2059 2538 confessione, saluabitur: licet in purgatorio sit pu-
1300 2525 2056 2573 niendus. Et illae veritates nihil aliquod volunt in effectu
1303 2573 2057 2625 nisi hoc quod homo doleat de praeteritis, proponendo
1305 2614 2057 2665 se velle cauere a futuris, & confiteri pro loco & tpore.
1306 2659 2057 2711 Sed istud non sufficit, quod sic declaro. Contingit ho-
1306 2704 2057 2763 minem cum his propositis esse in vno mortali vel plu
1315 2748 2051 2795 ribus, quod patet sic, contingit virum etiam eruditum ha
1308 2792 2066 2852 bere plura beneficia quam debeat: sic scilicet vt sit in pec
