2307 3323
230 324 995 424 ⁋ Contra quartam conclusionem ar-
234 386 1000 457 guitur. Stat notorium peccatorem non esse in mortali: &
240 438 995 509 per consequens ei danda est Eucharistia. ⁋ Respo
240 479 998 538 detur. consequentia est nulla. Notorius enim pecca-
236 522 997 597 tor est ille qui notorie peccat, & non sufficienter suum
241 581 995 631 crimen per poenitentiam purgat. cum autem purgaut
243 623 998 673 rit suum crimem iudicio prudentum: dabo ei in pu
236 661 1004 724 blico etiam Eucharistiam. si vero tempus in quo iu-
250 701 1005 764 dicio prudentum debet abstinere, non sit consum-
242 742 1004 814 matum, dicam publice, amice bene & laudabiliter
248 791 1006 859 poenitentiam tuam inchoasti, perseueres modicum
247 837 998 893 vt illos aedifices quos scandalizasti: & postea da
240 871 1007 939 bo tibi Eucharistiam. Sic enim praecipit Apostolus
249 921 1004 984 Peccantem coram omnibus argue vt caeteri timorem ha-
238 966 1004 1023 beant. Primae ad Timotheum quinto. ⁋ Secundo
249 1022 1010 1075 contra eandem conclusionem arguitur. Stat me ne-
245 1052 1006 1128 gare Eucharistiam coram multis qui crimen illius non
245 1110 995 1157 cognoscunt: ergo sum reuelator peccati secreti
251 1143 1012 1215 Respondetur concedendo antecedens. sed consequentiam
252 1188 1004 1248 cum consequente nego: quia peccatum est notorium: & pro
254 1233 1015 1302 pterea ego non reuelo ipsum: sed parietes illud ex
254 1286 1015 1340 plicant: & peccatum ipsum suum factorem in hominium ocu-
251 1318 1006 1383 lis foetere facit: & apud multos qui de peccato nihil ar
248 1365 1016 1422 te sciuernut, & ita ego licite facio. Illud patet. ii.
244 1419 1015 1468 qui. i. Quae Lotharius rex. & c. sequerti De mani-
249 1460 1012 1518 festa. vbi glos. in verbo splurimis) ergo non requi
248 1504 536 1579 ritur omnium scientia.
245 1560 1018 1642 ⁋ Contra quintam conclusionem ar
252 1628 1016 1701 guitur per illud quod definitum est in concilio Guar-
256 1688 1021 1738 maciensi: vt recitatur. ii. qui. v. c. Saepe. quod suspectis
255 1722 1014 1783 de furto detur Eucharistia: ergo datur existentibus
249 1766 1016 1835 in peccato. ⁋ Respondetur. illic est sermo de dubio super fui
268 1817 1014 1867 to: an sint aliqui in mortali peccato: an scilicet res furat
264 1853 1015 1910 sint. Et statuit concilium quod se purgarent in illo du
267 1897 1021 1955 bio, existimans illos religiosos nolle, si quid furti ha
261 1949 1021 1999 berent, sumere corpus Christi, quemadmodum
266 1985 1027 2043 defertur iuramento in casu dubio in iudicio. sed hoc
267 2035 1021 2088 iam exoleuit. Ex illo tamen non sequitur quod Euchari-
265 2078 1021 2135 stia sit danda alicui quem certum est esse in peccato
267 2129 1018 2186 mortali. Ferme simile seruant aliquorum religiosorum
260 2164 1021 2230 praelati tempore quo aliquid est furto ablatum. Nemo
259 2219 1027 2264 enim audit confessiones religiosorum quos cele-
263 2255 1030 2315 brare oportet, nisi prior conuentus, vt furtum de
260 2305 486 2372 praehendatur.
430 2373 1022 2465 Vbitatur an possimus lici
350 2428 1027 2509 Q. lte audire missam sacerdotis excommu-
412 2484 1031 2548 inicati vel notorii fornicarii. Responde
372 2527 1025 2589 ctur. vel sacerdos est publice & nominatim
274 2579 1034 2637 excommunicatus: & tunc in loco in quo est publi-
280 2629 1020 2682 cum: teneor talem sacerdotem euitare in quibuscumque
270 2674 1034 2716 actibus. vbi vero est occultum, talem teneor eui
268 2710 1034 2781 tare in secreto: non autem in publico. argumentum est
1074 299 1838 369 ad hoc in c. Si sacerdos. de offi. iudi. ordi. hoc pa
1080 361 1832 411 tet etiam de senten. excommunica. c. Cum non ab
1073 399 1839 456 homine. vt si quis Aberdoniae excommunitatus fuerit
1072 446 1838 497 nominatim, & hoc sciuero: talem in publico non eui
1080 495 1841 543 tabo Hadigtonae. Si autem fuerit generali sententia
1086 531 1846 588 iuris vel hominis suspensus, excommunicatus, vel in-
1085 576 1849 631 terdictus, non teneor ipsum euitare in diuinis vel in
1073 622 1841 681 aliis: nisi in sententiam excommunicationis pro sa-
1081 664 1841 724 crilega manuum iniectione in clericum adeo notorie
1086 712 1844 764 inciderit: vt nulla tergiuersatione celari possit. Il-
1084 754 1850 807 lud in concilio Constantiensi ordinatum est. Ex hoc patet
1084 798 1850 865 quod non est habendus oculus ad ius antiquum ante illud
1086 842 1837 904 decretum. Secundo sequitur quod nullo iure humano
1080 895 1840 945 obligati sumus euitare notorie fornicarium sacerdo
1089 931 1847 1000 dote, simoniacum, vel aliter notorie irretitum, in diui
1078 977 1852 1032 nis vel extra diuima: nisi per sententiam iudicis suspen-
1084 1031 1841 1075 sio fuerit contra eum specialiter publicata & ex-
1083 1060 1858 1128 presse. Tertio sequitur: quod iniectio notoria manus in
1090 1113 1857 1170 clericum facit virum euitari sicut ante concilium
1101 1165 1862 1210 Constantiense. Patet: quia illum casum concilium exce-
1099 1200 1856 1255 pit. Quarto sequitur ex dictis in principio quaestionis
1083 1241 1856 1297 de notorietate: quod clericum percutiens non est vitan-
1095 1284 1862 1340 dus nisi percutiens id confessus fuerit, vel conui-
1093 1334 1859 1386 ctus fuerit in iudicio, vel ad minus percusserit de
1093 1374 1865 1434 cem videntibus: alioquin non erit notorium. Dixi in
1093 1421 1861 1477 secundo corollario nullo iure humano) teneor
1099 1466 1861 1520 tamen iure diuino quando indubitanter scio aliquem
1093 1512 1861 1565 sacerdotem peccatorem: non facere eum celebrare:
1092 1552 1862 1611 quia per oppositum sum causa eius peccati: quod fu-
1105 1594 1871 1664 giendum est a me. & si videam quod audiendo ab eo
1098 1648 1862 1694 rem diuinam eum foueam in peccato, & possim eum re-
1090 1695 1859 1741 trahere, ab eo diuina non audiendo: tunc debeo
1093 1735 1868 1786 non audire. ratio est, quia illud est de iure naturae &
1101 1782 1877 1832 diuino ante omnem humanam constitutionem.
1102 1819 1871 1870 modo concilium Constantiense iura humana so
1105 1867 1865 1924 lum remouebat. Sed hic notato quod illud cum magna
1113 1908 1865 1962 discretione fieri debet. Et primo requiritur quod coster
1110 1953 1865 2006 viro apparentissime quod possit hac via retrahere
1107 2001 1871 2054 sacerdotem a peccato. Secundo requiritur quod non aperiat
1105 2041 1868 2099 viam imprudentibus contemnendi suos curatos, quam
1102 2085 1865 2142 crebro sunt propensi in suos insurgere. Tertio ne
1101 2132 1877 2191 videatur contemptor concilii Costantiensis: quod
1114 2176 1874 2226 magno libramine legem antiquam de non audienda
1107 2226 1868 2277 missa notorii fornicarii abrogauit. ⁋ Nunc habu
1101 2265 1858 2322 isti quod occulto peccatori est danda Eucharistia quando
1104 2314 1867 2371 petit directe vel indirecte in publico pro tempore
1100 2348 1867 2407 quo tenerer dare ei si non esset in peccato. Indire
1106 2395 1864 2451 cte autem petit sedendo cum aliis quibus Eucharistiam
1102 2439 1876 2495 ministro. & ratio est, non possum excipere licite
1113 2484 1858 2542 contra eum quare non ministrem ei Eucharistiam
1105 2531 1861 2583 Si vero petat in conclaui, non dabo illi quamuis m
1111 2578 1858 2629 lies conqueratur. Non possum tamen suadere ta
1105 2625 1873 2671 li quod sumat Eucharistiam, sed teneor ei seorsum
1107 2666 1876 2715 in aure dissuadere. ltem notorio peccatori non est
1110 2716 1864 2764 danda Eucharistia licet in nullo peccato sit, & hoc
