2311 3324
418 299 1166 352 ristia: quod est inconueniens: ergo oportet dare pri
424 353 1175 395 mun. Quarto arguitur ad idem, consecretur panis de-
418 390 1171 438 cem pedibus longus, sub qualibet parte illius ho
409 438 1171 479 stiae est corpus Curisti totum: ergo & in qualibet
424 478 1175 535 alia hostia. Quinto arguitur auctoritate Hilarii
420 515 1172 570 Papae: & recitatur de consecratione / distinctione secunda.
417 562 1176 623 Vbi pars est corporis, ibi & totum. Exemplificat
420 605 1172 668 de colligente mana in magna quantitate vel par-
418 652 1178 709 ua. Sexto arguitur. illud est facilius intellectu qui se
418 694 1165 747 quendo imaginationem aliam: & aliud non habemus
424 740 1167 795 tide credendum: ergo solus hic modus est tenendus
417 783 1169 840 Doctor autem Seraphicus ad argumentum dicit quod
418 832 1172 879 hostia non est diuisibilis in partes infinitas: quia in
426 875 1168 927 diuisione continui est status naturalis quantum ad
408 929 1174 975 partem secundum formam. Contra, non est status par
409 961 1175 1014 tium in suo toto: quicodsit de minimo naturali.
416 1001 1178 1056 Propterea concedo quod est in infinitis partibus ho-
417 1048 1168 1100 stiae: sed solum semel est corpus Curisti in Euchari
409 1094 1168 1147 stia: quia si bis vel ter illic esset: oporteret dare in
411 1141 1166 1191 terruptionem illic essendi: sicut ad veritatem istius
408 1183 1168 1237 Sortes bis fuit Parisiis. & concedo quod in infinitis tem
417 1225 1175 1289 poribus partialibus sumitur corpus Curisti in Eu-
418 1273 551 1336 charistia.
413 1326 1165 1415 ⁋ Sed contra hanc conclusionem quam
409 1403 1160 1457 solam veram censeo, arguitur sic, non est inten
415 1446 1178 1499 tio sacerdotis quamlibet partem illius hostiae consecra
414 1493 1178 1536 re: sed ad veram consecrationem requiritur intentio mi-
408 1543 1169 1588 nistri. igitur. ⁋ Secundo arguitur ad idem. in specu
402 1578 1163 1629 lo est solum vna imago: quod si frangatur in duas vel
405 1624 1159 1677 tres partes, in qualibet illarum partium incipit esse imago
408 1667 1178 1714 de nouo, praesente obiecto illius imaginis productiuo
408 1711 1173 1768 ergo licet sit totale corpus Curisti in totali hostia
408 1755 1177 1811 non inconvenit corpus Christi incipere esse sub qua
402 1795 1175 1861 libet illarum partium, vi prioris consecrationis: ergo argu-
402 1844 1183 1896 mentum in oppositum neminem debes terrere. ⁋ Ad
411 1896 1162 1945 primam istarum rationum respondetur: quod intentio presbuy
408 1938 1178 1985 teri est consecrare pane triticeum ante se positum: & ni
409 1978 1178 2034 hil illius excipit: ergo quicquid triticei est ante illum
414 2020 1165 2073 vere consecrat: queadmodum si ponantur centum ho-
408 2063 1166 2122 stiae ante me: & intendam illas consecrare non ferens
411 2115 1174 2163 intentionem distincte in numerum hostiarum: om
402 2154 1162 2212 nes consecro, siue eas videam, siue non, sicut fecii
408 2199 1169 2252 caecus ille sacerdos de Vorda Mechlinianus. ⁋ Ad
414 2244 1171 2295 secundam dicitur quod non est simile / quia illic est agens naturale.
413 2287 1174 2344 nam cum est obiectum & speculum separatum sufficiens: produ
414 2331 1165 2385 citur naturaliter nouum simulacrum, non sic autem in partibus spo
420 2374 1171 2424 culi contingit ex natura rei specularis: quod experientia in
408 2419 1175 2468 notescit. sed voluntas dei hic facit corpus Christi esse
417 2464 1165 2514 sub speciebus panis post verborum prolationem: quae no
411 2509 1171 2557 bis ex ratione innotescit. ⁋ Tertio arguitur contra solu
417 2552 1175 2612 tionem. Est dare minimum naturale tritici: ergo sub
414 2602 1171 2660 parte illius non erit corpus Christi. ergo nec in quae cuque par
423 2652 1169 2702 te hostiae. Forte dicis & sic dicedum est, quod illud En-
408 2682 1177 2756 thymema est mala consequentia: quia pars illius minimi
1242 283 2006 342 naturalis est in suo toto: & in qualibet parte illius
1248 351 2006 401 erit corpus Curisti totaliter. Contra. saltem capia
1249 389 2006 440 tur pars illius minimi naturalis: sub illa non erit
1245 434 2015 477 corpus Christi. ⁋ Respondetur. pars illius minimi
1251 476 2002 527 naturalis non potest separari a suo toto naturasti
1249 518 2006 574 & quamuis ponatur separata de potentia dei: est diffi
1245 569 2015 615 cultas an illa sit sensibilis aliquo sensu, an non.
1255 607 2006 663 Si secundum / non sufficit ad sacramentum. Si enim
1257 661 2009 709 minimum naturale non fuerit sensibile aliquo sen
1245 695 2017 741 su: non sufficit ad sacramentum Eucharistiae: quia sa
1251 750 2018 798 cramentum est inuisibilis gratiae sensibile signum. Status au
1257 782 2003 840 tem est in minimo sensibili, vel maximo non sensibi-
1250 827 2018 888 li: quod extraneum est a minimo naturali: nec oportet
1249 873 2003 916 cum illo coincidere. tunc consecrato minimo sen-
1251 916 2000 972 sibili: sub illo & qualibet eius parte erit corpus Christi-
1248 957 2015 1022 Si vero detur maximum non sensibile, nec corpus Chri
1248 1005 2006 1050 sti erit sub illo, nec aliqua eius parte: quia non est sen
1243 1052 2014 1105 sibile signum. Contra hoc arguitur. signum quod non
1255 1096 2009 1146 potest sentiri a lusco vel lippo, potest a lynceo sen-
1248 1140 2018 1187 tiri. Et forte Adam vidit melius in statu innocentiae
1251 1181 2018 1236 quam lynceus. & potest dari melius videns quam Adam
1255 1224 2015 1272 ergo non est dandus status quo ad hostia consecran-
1252 1268 2006 1322 dam: quia omne triticeum quod a quocumque sensu po-
1242 1316 2011 1363 test appraehendi est sensibile in potentia propin-
1245 1357 2005 1405 qua: & per consequens consecrabile. Respondetur. il
1258 1406 2009 1462 ud non directe impugnat solutionem datam, sed potius
1257 1447 2014 1492 de sensibili signo. Ad solutionem nostram sat est:
1251 1491 2008 1544 si corpus Curisti sit sub aliqua hostia quantumlibet
1248 1536 2021 1590 parua: erit sub qualibet parte illius homogenea. Sead
1251 1584 2014 1635 quia hoc quod argumentu quaerit non est extraneum
1251 1624 2015 1681 a solutione & materia sacramenti: ad ipsum respon
1249 1670 2020 1726 debo. Probabile est quod Adam in statu innocentiae vi
1252 1710 2006 1757 dit ita clare sicut aliquis viator purus vnquam videbat
1248 1757 2014 1811 vel videbit. Et sic de tactu, gustu, & alio sensu. &
1248 1800 2018 1855 illud quod est minimum sensibile ab eo, pro illo tem-
1247 1846 2021 1905 pore ad Eucharistiam sufficit: & minus non sufficit:
1254 1890 2009 1945 quia non sufficit immutare potentiam visiuam eius. Videmus.
1257 1933 2012 1983 enim quod magnum visibile cum oculo sufficit pro-
1249 1976 2015 2026 ducere visionem, quam paruum visibile & potentia
1248 2021 2002 2072 eadem producere nequeunt. & licet minus visibili
1251 2066 2018 2117 cum Adam sufficiebat magis quam cum lynceo: illo non
1251 2108 2017 2159 obstante est status: & tamen minus minimo sen-
1249 2157 2008 2210 sibili est ab eo intelligibile etiam intuitiue: quia quaelibet
1244 2199 2018 2247 res cadit sub obiecto intellectus creati pro sta-
1252 2244 2008 2293 tu patriae: & forte innocentiae antequam Adam pec-
1248 2293 2011 2344 cauit. Corpus enim quod corrumpitur aggrauat
1242 2332 2016 2381 animam. ⁋ Sed contra illud arguitur. sequeretur
1245 2383 2006 2429 quod laicus in sensu composito posset consecrare cor
1245 2425 2009 2474 pus Christi: & facere ipsum esse sub speciebus pa
1252 2465 2012 2519 nis vel vini: quod est inconveniens. Secundo seque-
1251 2505 2003 2560 retur quod corpus Christi erit in multitudine hostia
1242 2548 1999 2605 rum & in nulla illarum, quod est inconueniens. Declaro
1255 2593 2008 2650 vtramque sequelam: diuidatur species vini consecrati in
1254 2641 2012 2688 partes insensibiles: tunc in nulla erit corpus Chri
1243 2688 2021 2757 sti: cum nulla illarum sit sensibilis, nec sufficiens ad
