2336 3329
535 316 1283 406 secundum quod tibi melius conducit. ⁋ Secundo datur alia
535 391 1285 450 analogia. sit linea finita Parisiis, infinita vel finita
532 438 1274 488 orientem versus non refert. angelus ( vt ex secundo
522 482 1281 539 patet), pot se mutare subito per totam lineam illam: & sic
528 525 1270 575 ita diu stare sicut ei placet: nec propterea erit aequali:
528 555 1280 630 lineae. Quia ita fieri potest: patet de anima mea: quae sic se ha
521 604 1270 675 bet cum corpore meo: & tamen non est aequalis corpor
516 659 1269 717 meo. Si dicas te adhuc non capere: memor sis quod
525 694 1273 747 multa sunt alia certa quae non capis: vt vides quod ba-
518 732 1268 802 culus vniformiter fortis vel filum vniformiter for
522 784 1279 844 te in vna parte frangitur & non in alia: & nescis rationem da-
519 833 1277 894 re. Similiter calor remittitur, & nescis dare causam quae-
514 874 1271 937 re. vnus gradus ante alium remittatur: & tamen scis quod est re-
510 920 1273 969 missio. Si non bene capias crede aliis: sicut mater
516 966 1267 1027 mea credit mihi (quae nunquam Scotiam egressa est) quod
509 1007 1255 1062 collegium montis est in vrbe Parisiensi. ⁋ Ex his
507 1055 1275 1111 analogiam te manuducentem habes: quod non inconvenit
504 1096 1274 1152 corpus Curisti longum septem pedibus esse in euchari
509 1128 1259 1192 stia & in qualibet eius parte: & tamen est ordo partium
509 1180 1265 1243 in ordine ad totum & non in ordine ad locum: non
507 1234 1261 1290 curando de relatione siue distinguatur a fundamen-
499 1271 1269 1331 to & termino, sicut domini reales tenent: siue non: sicut
507 1317 1262 1369 domini nominales dicunt. aequaliter enim currit manu-
501 1366 1262 1420 ductio: & est vtrique positioni cmmunis. Pes enim Christi
507 1397 1262 1460 in eucharistia distat aequali interuallo a capite sicut
496 1449 1256 1508 in caelo: & collum capiti immediate coniungitur: & rea
508 1484 1258 1552 liter in ordine ad totum medians inter caput & pe-
504 1529 1262 1598 ctus. & omnino qualis est ordo partium corporis Chri
497 1580 1257 1642 sti in caelo vel fuit quando moriturus erat: talis nunc est
501 1630 1261 1687 ordo partium in ordine ad totum: nec vlla partium
498 1670 1252 1721 est confusio: cum in toto distent inter se sicut in cae-
505 1720 1259 1774 lo: tamen in ordine ad locum circumeuntem eucharistiam, vel
489 1762 1244 1821 ad eucharistiam quaelibet pars corporis Christi &
496 1808 1242 1860 totum est in qualibet tali parte: & calor cordis in ord
499 1841 1251 1910 ne ad totum corpus no est cum frigiditate cerebri:
498 1885 1251 1956 secus est in ordine ad eucharistiam. & licet eucha-
486 1942 1251 1994 ristia corrumpatur vel annihiletur: potest tamen deus facere
499 1975 1243 2042 idem de illo corpore. ⁋ Vlterius patet quod corpus Chri-
488 2017 1233 2090 sti in eucharistia est sub modo quantitatiuo in o
486 2062 1240 2119 dine ad totum: sed non est sub modo quantitatiuo in
492 2121 1246 2176 ordine ad locum: vel est sub modo quantitatiumo in
480 2157 1235 2216 trinsece, no autem extrinsece. Nec cures de aliorum modo
484 2199 1247 2267 loquendi, dicentium quod in eucharistia est quantitas: sed
486 2255 1243 2296 non est sub modo quantitatiuo. Semper sententiam acci
481 2294 1231 2346 pito verbis neglectis: & fundamentum per analogiam
486 2329 1235 2401 capias: & consequenter loquaris secundum tua principia
483 2381 1240 2441 si nominalis sis: de aliorum verbis non curando. si autem
486 2427 1236 2489 reales sectari volueris: dum sententialiter ad rem loqua
479 2464 881 2541 ris: in verbis non lucteris.
477 2517 1230 2624 ⁋ Contra hunc modum arguitu Ocltam
474 2597 1235 2667 in. iiii. sententiarum, & in suo tractatu quem compo
486 2640 1224 2709 suit de sacrameuto eucharistiae: quaerens de illo or
474 2689 1230 2760 dine partium in toto. Aut est ordo partium situalis, ita quod
479 2740 1223 2815 vna pars superior: alia inferior: vna ante alia retro: vna
1365 351 2123 417 orientem versus: alia occidentem versus: aut est ordo
1362 408 2109 464 partitionis: aut totius & partis: quomodo oculus est
1357 451 2105 508 pars capitis non pedis: aut ordo causalitatis, quomod
1362 499 2113 549 vna pars est causa alterius: aut ordo originis, vel natu-
1363 541 2119 586 rae, vel temporis. ⁋ ltem omne quantum cotinuum est lon-
1363 586 2117 647 gum, latum, & profundum: sed hae dimensiones requirunt lo
1355 622 2113 690 calem partium distantiam. ⁋ Respondetur ad primum
1355 678 2110 732 quod nimis prolixe deducit. dico temen quod est situs partium in
1356 720 2113 779 ordine ad totum, non autem in ordine ad locum, nec habe
1353 762 2104 810 as oculum ad situs praedicamentum more realium. sed tu rea
1357 795 2120 859 lis optime nosti quod situs in abstracto nihil aliud est
1356 840 2115 911 quam res taliter situata. Potes tamen dicere quod non est or-
1351 890 2106 948 do situs, nec est corpus de praedicamento situs: quia ad
1344 933 2108 994 corpus de praedicameto situs requiritur partium inter-
1350 975 2101 1040 capedo in ordine ad locum ambientem: & cum non sit
1346 1016 2111 1086 situs corporis Christi in eucharistia, non sedet in eu-
1354 1073 2102 1128 charistia: nec stat in eucharistia. Nam omnia illa vo
1356 1115 2111 1173 cabula sunt de praedicamento situs: modo negato genere
1351 1153 2098 1212 de pronomine aliquid demonstrante, negantur omnes species
1347 1199 2098 1261 eius. ⁋ Ad secundum dicitur quod corpus Christi est lon
1342 1241 2101 1300 gum septem pedibus. & quanoo dicit: hae dimensiones
1350 1293 2099 1348 requirunt localem partium distantiam: dico hoc esse fal-
1338 1333 2105 1395 sum. Oclcam & Gabriel multiplicant aliquas alias
1345 1377 2094 1437 rationes: sed quia nullius ponderis ipsas iudico: non
1337 1425 2099 1480 respondeo. Ingeniosus mox dicet consequenter: rudis
1340 1469 2093 1538 autem nihil intelliget in hac materia: propterea partranseo
1342 1519 2100 1613 ⁋ Manipulos sparsos colligendo mo
1336 1594 2102 1659 dus iste dicere vult quod est ordo partium in toto, &
1339 1641 2084 1706 manus dextra extra sinistram in ordine ad totum, non
1331 1688 2092 1747 amen in ordine ad locum. & omnino breuiter dicas de cor
1346 1732 2092 1782 pore Christi in eucharistia: sicut de corpore Chri-
1334 1776 2087 1838 sti in caelo, & eius extensione in ordine ad totum: &
1332 1823 2092 1872 cape analogiam de corpore pedali cadente per perpen
1332 1851 2077 1926 diculum: & res erit quodammodo tibi puia. sed in or
1332 1897 2077 1958 dine adlocum quaelibet pars est sic cum qualibet par-
1326 1951 2083 2002 te: quia quacumque parte Eucharistiae stilo tacta, verum
1330 1995 2079 2056 est dicere: in illa parte est corpus Curisti totum cate
1332 2042 2085 2101 gorematice & syncategorematice. Nec sequitur: ca
1326 2088 2078 2147 put est inferius in eucharistia & pedes superius: er
1321 2135 2084 2190 go est stans super caput in eucharistia: quia nonest
1319 2163 2069 2235 ordo situs corporis Christi: bene autem quatitatis. pro
1314 2222 2076 2281 pterea secundum hanc viam concedere habes quod cor
1326 2265 2077 2322 pus Curisti est longum septem pedibus in eucharistia
1315 2310 2074 2368 in ordie ad totum. haec autem per manuductionem corpo
1314 2352 2074 2409 ris Curisti descedentis in vacuo ostendere potes:
1313 2393 2071 2453 in quo vacuo Sortem ponis. Hunc itaque modum
1311 2436 2068 2507 teneo magis probabilem: & per consequens simpli
1314 2480 2068 2537 citer teneo in hac graui materia. Tum primo, quia
1318 2526 2073 2587 est communis modus sapientum: vt Hugonis san
1307 2575 2072 2627 cti Victoris, Altisiodori, Alexandri Halensis, do
1310 2617 2064 2676 ctoris Seraphici, Ricardi Mediltoni: doctoris sub
1315 2662 2067 2717 tilis: Adae. Adam enim dicit quod non inconvenit cor
1313 2706 2055 2765 pus habere partes in ordine ad totum: & non in or
1301 2750 2065 2816 dine ad locum, quod patet extra vniuersum. sed illa
