2335 3324
481 319 1250 387 transubstantiationem cuiuslibet panis, vnus & idem ange
492 373 1246 427 lus in variis locis: sicut panis transubstantiatus
487 419 1260 482 est in variis locis. ⁋ Octauo arguitur. duo corpora
495 461 1255 522 de praedicamento substantiae possunt esse in eodem loco.
486 517 1252 569 ergo idem corpus potest esse in pluribus locis seperatis cir-
484 555 1262 615 cumscriptiue. Antecedens patet. Christus exiuit vterum
492 610 1247 654 virgineum claustris integris: & resurrexit de sepulcro
498 641 1246 702 opertorio immoto. consequentia patet: quia ita facile quis
493 686 1250 739 defendit vnum vt aliud: & tamen loquimur de potentia
486 738 1250 787 absoluta dei: igitur illud non est negandum. Propter has
492 776 1261 838 rationes teneo partem affirmatiuam ad titulum quaestionis:
480 822 1253 885 puta quod deus potest ponere illud corpus circumscri
474 863 1102 928 ptiue in pluribus locis: tot quot ei libet.
474 928 1243 1010 ⁋ Contra hanc conclusionem affirmatiuam
473 992 1241 1057 arguitur sic primo. sequitur ex ipsa quod qualitates con
484 1042 1241 1107 trariae possunt inhaerere naturaliter eidem subiecto
477 1090 1243 1139 primo. consequens est contra Aristotelem quarto meta
486 1138 1237 1192 physicae: vbi vult quod ad contrarie opposita sequami
475 1175 1241 1233 contradictorie opposita. Et quod sequatur patet. sit
475 1218 1238 1280 Sortes in Aetnrma mote prope ignem, & eodem tempore in sty
487 1265 1247 1319 gia palude. tunc simul frigefit & calefit. Pro solu-
475 1311 1241 1365 tione huius argumenti doctor Subtilis ponit tres
487 1355 1241 1417 regulas: quarum paucis eas complectendo) haec est
474 1402 1246 1450 summa. Quae sunt priora ipso vbi quemadmodum
480 1446 1238 1502 sunt absoluta & relationes intrinsecus aduenientes
481 1490 1247 1545 vniformiter insunt corpori in pluribus locis & in
487 1533 1237 1587 vno tatum: quam vero sunt posteriora vel simul natura:
481 1582 1244 1629 quemadmodum sunt relationes extrinsecus aduenien
475 1628 1242 1684 tes: non vniformiter insunt corpori in pluribus locis:
481 1664 1238 1712 & in vno tantum. Ex quo sequitur secundum eum, si a corpus
475 1713 1244 1764 est album in vno loco: & a. est in alio loco: est al-
481 1753 1233 1810 bum in alio loco. eodem modo de quanto & speciebus eius
478 1798 1241 1852 potest tamen iacere in vno loco: & non in alio loco: sed
481 1848 1238 1892 stare vel currere. Apparenter potes contra eum obii-
475 1894 1235 1942 cere ex ipsius dictis. si talis respectus etiam extrinse
475 1938 1244 1994 cus adueniens sit in vno loco & non in alio: sequitur
487 1975 1241 2032 contradictio: scilicet quod talem respectum recuperet & non
475 2026 1244 2083 recuperet: arguendo vt ipse arguit, de absolutis &
478 2070 1229 2124 relatione intrinsecus adueniente. Similiter vult ip
477 2112 1237 2175 se, si aliquod corpus sit extensum in a. loco: & sit in b
471 2158 1229 2208 loco: & non sit extensum: sequitur quod est extensum & non
469 2203 1235 2264 extensum. Simiter si in duobus locis sit aliquod corpus, &
477 2248 1238 2305 in vno loco habeat albedinem: & non in alio: iam ha
469 2288 1229 2348 bet albedinem & non habet albedinem. de hoc modo ar-
471 2339 1225 2389 guendi quaestione sequenti loquemur. Secundum eum ergo
472 2380 1229 2429 vel ignis est maioris actiuitatis quam frigus sit resisten
468 2423 1241 2472 tiae, vel econverso: vel aequaliter. Si primum, calefiet, &
481 2470 1238 2520 nullo modo frigefiet: si secundum, frigehiet & non calefiet:
478 2515 1225 2568 si tertium, non calefiet: & si frigus sit maioris actiuita
481 2557 1236 2623 tis, quam calor resistentiae, frigefiet. Stat ei frigus aequaliter
474 2610 1226 2670 actiuitati caloris resistere: & esse magis actiuum qui ca
471 2645 1235 2697 lor sit resistens. Nec inconvenit dicere quod frigus in Grae
477 2695 1229 2737 cia impediat calorem in Sicilia: quando est idem passum.
483 2736 1232 2813 Contra hoc arguitur. Sortes potest ferre maius pondus
1324 319 2099 384 in vno loco quam in duobus. ponatur non posse leuanre vl
1329 376 2089 428 tra vnam libram sine fractione in vno loco. sit in duo
1339 424 2095 470 bus locis: iam potest leuare duas libras. Respondetur.
1345 470 2099 527 quicquid sit illic de motu locali quem non praecedit vbi:
1327 513 2099 562 tn facile sic diceretur, si habeat vnam libram in hume
1326 562 2101 609 ris, iam non potest leuare aliam libram in alio loco: quia im
1338 604 2092 656 peditur ac si esset in eodem loco: & si simul conetur leua-
1335 647 2090 704 re duas libras in duobus locis, nihil leuabit: quia non
1330 688 2098 744 erit actio a proportione inaequalitatis minoris. septi
1323 745 2093 788 mo Physicorum. Posteriores omnes huic doctori non
1330 780 2095 836 addicti aliter respondent: & magis apparenter. pro
1336 823 2093 880 pterea hos potius imitabor. difficile est creditu quod
1336 866 2081 914 frigus in tata distantia calorem impedifet: identitas
1336 914 2093 965 enim passi nihil facit: sed esse in sphaera actiuitatis &
1329 956 2101 1005 & passi alterius: dato quod nullum esset passum ab ae-
1326 1006 2102 1060 re. Secundo nulla est contradictio quod vnum absolu
1324 1043 2093 1091 tum corpori alicui insit in vno loco: & non in alio.
1336 1088 2081 1137 Patet per manuductionem claram. albedo potest potenu
1335 1133 2096 1195 esse corpori in vno loco & non in alio: ergo illud
1320 1180 2089 1233 potest informare in vno loco & non in alio. Modum
1321 1224 2090 1279 tamen eius ingeniosum & probabilem reputo quo ad
1336 1268 2087 1321 omnia absoluta,. quae autem de respectibus dicta sunt,
1326 1313 2077 1362 videant sui. ⁋ Respondetur ergo aliter ad argu-
1330 1360 2081 1406 mentum: & concedo quod idem passum calefit & fri
1323 1402 2086 1456 gefit simul & semel miraculo praesupposito. nimirum
1323 1447 2092 1508 passum applicatur variis agentibus vario modo acti
1323 1493 2090 1548 uis quae se impedire non possunt in tanto interuallo,
1333 1536 2083 1591 plus respectu vnius passi quam si essent diuersa: quen-
1327 1588 2078 1629 admodum ipse diceret quod aliquid simul mouebitui
1327 1623 2081 1678 motibus contrariis localiter si ponatur in variis locis
1329 1667 2087 1717 & nego quod contrarie opposita contradictorie oppo
1321 1710 2081 1758 sita inferant. Arist. autem non concessisset nostrum
1324 1757 2084 1805 fundamentum quod verum iudicamus: non enim magnificabat
1320 1801 2077 1865 deum sicut fideles: nec ad hoc tempore suo tenebatur.
1318 1856 2081 1953 ⁋ Secundo arguitur contra positionem.
1321 1941 2071 1995 ex ea sequitur quod idem possit mereri & demereri sil
1315 1985 2080 2040 & semel. consequens est falsum. consequentia tamen proba
1321 2026 2087 2076 tur. ponatur Sortes romae mortaliter peccans: & poe-
1323 2071 2081 2123 niteat Parisiis: vel faciat actum meritorium. Hic di
1321 2118 2077 2169 citur coniter, si mereatur in vno loco: in alio loco merebi
1314 2159 2068 2214 tur: vel si demereatur in vno loco: in alio demerebitur.
1314 2206 2074 2257 meritum enim & demeriium dependet in acceptatione vel
1320 2249 2078 2303 deacceptatione diuina. Non prolixe hoc pronunc impu
1314 2299 2071 2354 gnabo. nam in alia lectione hoc feci. Sed dico quod
1311 2340 2072 2394 potest aliquis habere gratiam & mortale peccatum
1315 2381 2071 2432 simul & semel si deo placeat: & puniri poena sen-
1318 2426 2081 2484 sus, & beatificari: non tamen potest beatificari & damna
1309 2472 2078 2525 ri poena damni in eodem tempore propter priuatio-
1318 2518 2064 2569 nem quam poena damni importat de carentia bea-
1310 2556 2071 2608 titudinis: licet possit puniri poena damni in a. lo-
1314 2602 2072 2657 co: & beatificari simpliciter. Si petas: quid deus fa-
1315 2652 2071 2706 ceret illo casu dato, dico quod potest facere quicquid ve in
1305 2694 2068 2746 lit. istorum enim duorum neutrum implicat: sed
1314 2737 1695 2814 quis est consiliarius eius?
