2321 3305
234 338 1004 429 ⁋ Tertio arguitur. ex conclusione se
250 411 992 481 quitur quod priuatiue opposita verificantur de eodem.
241 478 991 524 consequens est falsum, quia illa contradictorie op
244 510 989 563 posita inferunt. quod sequatur patet sic. ponatur Sorte
234 556 988 609 Romae & Parisiis: potest occidi Romae & non Parisii
234 607 997 660 tunc sic: bene sequitur. Sortes viuit Parisiis: ergo Sor
230 644 991 697 tes viuit. & similiter bene sequitur: Sortes moritur Ro-
234 699 998 747 mae vel est mortuus: ergo Sortes moritur vel est mor
237 734 998 789 tuus. Respondet Alexander. Halensis quaestione
237 780 986 829 xliiii. membro. vii. & doctor Subtilis in hac distin
238 814 983 871 ctione sequitur: concedenndo, si Sortes est mortuu
243 870 992 921 Romae: Sortes est mortuus simpliciter: & in quo
238 912 995 964 cumque loco sit. Contra hoc arguitur. stat materiam Sor
234 961 992 1008 tis esse Romae cum forma eius: & postea animam de
240 1001 998 1048 sinere informare materiam: materia in eodem lo-
238 1049 989 1099 co manente, cum hoc quod viuat Parisiis: hoc facto
225 1085 992 1143 antecedens est verum: Sortes est mortuus Romae: & tamen
234 1142 995 1190 Sortes non est mortuus: quia priuatiue opposita
232 1186 989 1234 nullo modo verificantur de eodem: quia priuatiuum
241 1223 988 1278 dicit negationem positiui sicut nomen infinitum
244 1266 983 1319 licet aptitudinem ad positiuum vltra infinitum po
227 1307 985 1362 nat. ⁋ Aliter ergo respondetur concedendo hanc con
240 1355 992 1408 sequentiam: Sortes est viuus Parisiis: ergo Sortes
244 1407 986 1455 viuit: sed hanc nego, Sortes est mortuus Romae, ergo
241 1444 983 1494 Sortes est mortuus, quia arguitur ab inferiori ad superius
243 1489 983 1538 vel a parte in modo ad suum totum cum dictione negatio
234 1535 991 1585 nem inuoluente: & talis consequentia nihil valet
240 1576 983 1629 quemadmodum non sequitur. anima quiescit in pede: ei
240 1621 977 1676 go anima quiescit. vel Hannibal est caecus oculi
244 1662 988 1719 sinistro in alpibus: ergo Hamnibal est caecus oculo-
234 1708 991 1765 Vel non arguitur ab inferiori ad superius respectu to
228 1741 988 1797 talis extremi: quod ad bene arguendum per illam regu
235 1797 988 1846 lam necesse est. ⁋ Sed contra hoc arguitur. bene se
244 1840 992 1898 quitur: Sortes est mortuus Romae: ergo Sortes
241 1884 998 1933 est mortuus alicubi. patet arguendo ex opposito
241 1929 982 1985 consequentis ad oppositum antecedentis. Sortes null
237 1972 995 2029 bi est mortuus: ergo in hoc loco non est mortuus
240 2017 992 2073 demonstrando Romam: vel non est mortuus Ro-
243 2060 992 2115 mae. ⁋ Respondetur. prior consequentia est nulla: nec ar
237 2106 991 2161 guitur ex opposito consequentis ad oppositum ante
231 2151 991 2201 cedentis: sed oportet sic arguere. Sortes non est mor
232 2197 978 2252 tuus alicubi: ergo Sortes non est mortuus Romae
243 2239 986 2288 Nam ista: Sortes nullibi est mortuus contradicit huic:
239 2284 995 2328 Sortes alicubi est mortuus. ⁋ Sed contra hanc so
234 2328 986 2374 lutionem argumentor pure theologice. si non sequa
240 2372 998 2423 tur Sortes est mortuus Romae. ergo est mortuus:
244 2418 983 2462 ergo eodem modo non sequitur: Christus est mo
228 2457 988 2506 tuus Hierosolymis: ergo Christus est mortuus. &
234 2503 998 2559 sic stabit antecedens verum: & consequens falsum. ⁋ Et
228 2550 994 2610 confirmatur haec ratio: quia nullam aliam certitudinem
238 2591 988 2646 habemus in consequenti nisi ex veritate anteceden-
240 2639 988 2695 tis: ergo haec consequentia est bona. ⁋ Praeterea Apo-
236 2682 982 2733 stoli communicarunt in triduo: ergo tunc stat corpus
234 2725 986 2786 Curisti fuisse viuum: & tunc bene sequitur: corpus Chri
1075 320 1826 388 sti viuit in stomacho Petri in triduo: ergo Christus
1074 387 1822 433 viuit in triduo. antecedens est tibi dubium: ergo consequens
1074 428 1814 484 non est abs te negandum: per regulam consequentialem: quia
1078 473 1821 529 si scis consequentiam bona: & consequens negandum
1070 509 1825 573 etiam antecedens scis esse negandum. ⁋ Ad primum di
1074 566 1821 623 citur quod consequentia non valet quantumuis theologice a
1065 612 1816 657 gumenteris: quia omne verum omni vero consonat. modo ta
1072 645 1819 696 lem locum arguendi inutilem ostendimus: & per conse
1075 695 1819 749 quens neutra illarum consequentiarum valet. ⁋ Ad
1075 741 1819 786 cofirmationem, quia colorem prima fronte secum as
1071 782 1823 833 fert: ad formam respondebo. & nego quod nullam aliam
1078 822 1819 879 certitudinem consequens habet: nisi ex veritate illi
1065 873 1820 921 us antecedentis & bonitate consequentiae: constat ei non
1066 910 1820 964 bis ex articulis fidei quod Christus mortuus est ab-
1072 961 1832 1005 solute: quia humanitas est mortua absolute in tri
1071 1000 1816 1061 duo. Exemplum in simili: non sequitur: tu es (demor
1074 1049 1819 1092 strando te qui mihi hoc argumentum facis) ergo ego
1075 1088 1820 1140 sum: & tamen cosequens est tibi certum: sed aliter certi
1065 1141 1810 1187 tudinem consequentis habes quam a bonitate illiu
1071 1178 1820 1229 consequentiae. sic in proposito veritatem istius: Christus
1065 1222 1819 1269 mortuus est, habeo certitudine fidei ex symbolis
1060 1269 1813 1326 apostolorum & concilio Niceno. ⁋ Ad aliud nego
1065 1313 1820 1365 quod apostoli communicarunt in triduo. na communicarunt in vlti
1059 1359 1815 1411 ma coena: & corpus Christi non erat sub illis speci
1065 1395 1817 1451 bus tempore quo passus est Christus: scilicet hora nona
1071 1440 1823 1507 quae est hora tertia pomeridiana. inter sextam namque
1064 1486 1817 1539 & septimam vesperi dedit apostolis Christus sui corpo-
1068 1530 1828 1583 ris coionem: & sic viginti horae fuerunt ab hoc ad
1066 1573 1832 1629 passionem mortis: quibus non mansit corpus Chri-
1075 1618 1829 1670 sti ita diu: quia si panis fuisset illic: non ita diu mansis-
1059 1656 1832 1718 set non corruptus vel in aliam specien mutatus: & non
1068 1712 1828 1764 amplius tunc manet corpus Christi: vt post hac di
1072 1753 1829 1801 cetur distinctione. xii. Quia ita sit, patet. si quis vomitum
1068 1794 1817 1852 patiatur quemadmodum colicam hombens vel dolorem
1077 1840 1810 1895 vehementem stomachi, si cibum aliquem comeda
1072 1894 1822 1939 quem euomet ad vnam horam vel dimidiam: cibum altera
1065 1932 1823 1982 tum totaliter videmus. Nec apostol communicarunt in triduo de
1067 1981 1822 2032 nouo: sed manserunt moesti cum Christo: alii fugientes:
1068 2018 1816 2070 alii eum continuo insequentes. & erant in peccato mortali: de
1066 2070 1817 2120 resurrectione haesitantes: immo aptlorum vertex graui-
1059 2104 1825 2157 ter peccauerat mortaliter, Christum negando in atrio
1062 2150 1826 2210 pontificis. Vlterius dicitur quod apostoli non communicarunt ante pe-
1059 2196 1811 2253 tecosten: quod colligitur Actuum. ii. illic enim scribitur: quod
1063 2242 1826 2287 apostoli & conversi manserunt in fractione panis: hoc est in
1068 2286 1822 2335 eucharistia. Et propterea festum corporis Christi in feria
1069 2330 1829 2389 v. post octauas pentecostes rite institutum est: quia il-
1068 2373 1817 2431 lo tempore coepit sacium eucharistiae a fidelibus frequenta
1062 2418 1813 2467 ri: vt in festo corporis Curisti legimus iuxta vsum Ro-
1059 2462 1817 2520 manum lectione sexta. & in prosa illius diei idem habetur. Et
1065 2517 1814 2568 est ratio. Nam cum Christus diceret apostolis in vltima coena
1066 2562 1815 2609 quando hoc sacim instituit: hoc facite in meam commemo
1072 2605 1820 2656 rationem: id erat post absentiam corporalem eius: sed man
1068 2639 1817 2693 sit cum eis post resurrectionem quadraginta diebus
1068 2686 1820 2740 crebro eos visitans in persona: ergo tunc in eius comme
1053 2727 1828 2799 morationem non erat opus corpore Curisti in eucha-
