2319 3324
242 358 1010 425 petere potest. probatio. sortes potest esse in duo-
242 412 1003 466 bus locis: & qua ratione in duobus locis, eadem ra-
244 464 1004 511 tione in tribus. iiii. & infinitis locis. creatura tamen
249 510 1013 553 ex beneplacito dei potest esse vbique: deus autem
251 542 1012 598 suapte natura est in omni loco si vlius fuerit. Nec
246 585 1004 645 super hoc mirabere quod creatura posset esse vbique
246 638 1007 688 quia oportet beatum Tho. & Gandensem concedere
248 674 1009 732 hanc: creaturam esse vbique est possibile: vtpote si esset
252 718 1009 774 tmntum vnus locus, & in hoc esset sortes: tunc sortes de
245 762 1004 828 facto est vbique. sed isti negare habent hanc: creatu-
249 808 1006 871 ra potest esse vbique circumscriptiue. Exemplum in si
243 850 1015 919 mili. possibile est sortem esse omnem hominem: sed sor
259 904 1000 960 tes impossibiliter est omnis homo: quia nullus homo
261 939 1012 1008 potest esse omnis homo, noscitur autem ex artibus hanc
256 994 1012 1047 consequentiam esse nullam. omnis homo est omnis homo: er
248 1033 1015 1095 go omnis homo possibiliter est omnis homo. antece
248 1074 1018 1136 dens enim est possibile & consequens impossibile.
260 1120 1010 1176 ⁋ Secunda propositio, negatio in casu distribuit
242 1163 1018 1220 terminum homo positum ante se. patet. si ponatur ea
258 1208 1007 1262 dem negatio in fronte propositionis ante subiectum
250 1256 1016 1320 & post subiectum, haec negatio in fronte propositio
250 1296 1006 1356 nis distribuit terminum homo: haec negatio in fron
259 1349 1012 1397 te propositionis est negatio posita post subiectum,
251 1386 1016 1443 igitur. ⁋ Tertia propositio. possibile est altissimum
249 1429 1016 1489 ascendere. patet. si a. angelus ponatur in superficie primi
255 1476 1021 1535 caeli: & cum hoc in pede graduum ascendendo. eodem
255 1519 1009 1570 modo possibile est infimum descendere: vt si ange
259 1567 1015 1624 lus ponatur cum centro terre & in vertice domus. in
255 1608 1015 1666 sensu diuiso nulla est difficultas naturaliter quin
257 1654 1021 1710 altissimum possit ascendere: & infimum descendere.
258 1700 1016 1752 ⁋ Quarta propositio. sortes Romae vulneratur: sed
248 1740 1013 1801 sortes non vulneratur romae. posito quod sortes sit rato
249 1789 917 1856 mae: & illic vulneretur: & non vulneretur romae.
674 1991 1024 2064 Vaeritur quinto
657 2043 1021 2102 circa eandem distinctio
664 2097 1020 2154 nem. An corpori Chri-
656 2143 1021 2201 sti eaedem proprietates in-
656 2179 1021 2242 sint in eucharistia quae in
657 2229 1024 2292 caelo. Duo pro solutione
639 2270 1022 2336 quaestionis declarabuntur
642 2315 1036 2376 utermini in titulo quaestio
651 2361 1027 2424 nis positi: postea ponen
266 2406 1029 2459 tur conclusiones: quae impugnabuntur & soluentur.
267 2452 1036 2510 ⁋ Corpus capitur tripliciter. vno modo quamlibet
255 2495 1028 2553 rem extensam significat: & sic vocatur corpus de
264 2534 1027 2601 praedicamento quatitatis: hoc est iste terminus corpus
262 2585 1037 2646 supponit pro aliquo, connotando quod tres dimensiones
264 2627 1031 2679 habeat: & sic definitur. Corpus est longitudo / latitu
264 2671 1028 2739 do / cum profunditate, quae definitio potest exponi logices
259 2715 1018 2766 ita vt propositio de actu exercito capiatur loco vni
261 2751 1036 2830 de actu signato. id est connotat. & sic Aristoteles
1078 351 1850 412 capit in praedicamento quantitatis: hoc modo albe-
1077 407 1843 460 do est corpus. ⁋ Secundo modo capitur pro altera par-
1079 444 1843 497 te essentiali scilicet pro materia. nam dicimus quod homo con-
1080 488 1834 551 ponitur ex corpore & anima copulatiue. & sic capitur quando
1078 547 1840 590 dicimus: hoc est corpus meum: ita quod terminus for-
1085 579 1836 630 malis consecrationis panis est corpus pro altera par-
1084 621 1842 686 te compositi. & non accipitur pro aggregato ex mate-
1084 666 1838 729 ria & forma corporeitatis: siue forma mixti. & quam-
1083 711 1838 761 diu corpus Curisti iacuit in sepulcro puta trigita
1077 760 1838 806 nouem horis, sic erat corpus: quia materia sine for-
1077 797 1843 851 ma substantiali. Inconuenit enim dicere illic fuisse
1086 849 1837 902 formam cadaueris. Similiter corpus sancti Andreae
1091 887 1840 943 veneramur in Apulia capiendo aggregatum mate
1078 929 1841 990 triae & formae ratione partis. & istud melius con-
1088 975 1841 1039 gruit sanctorum honori quam oppositum, quia istud ca-
1093 1018 1835 1075 dauer nunquam fuit pars sancti Andreae. ⁋ Tertio
1084 1064 1850 1120 modo capitur corpus vt est superius ad homo:
1079 1111 1840 1165 animal. & sic significat rem compositam ex mate-
1081 1151 1837 1210 ria & forma absolute: hoc est corpus de praedica
1089 1197 1844 1251 mento substantiae: & sic omne animal est corpus:
1080 1239 1843 1300 sic si sortes esset definitiue in loco, esset corpus de
1083 1288 1844 1354 praedicamento substantiae: & eius materia corpus
1083 1328 1847 1384 secundo modo: sed non primo modo: & sic talis
1089 1368 1852 1443 propositio est distinguenda: plato est corpus. vel enim
1092 1418 1853 1476 corpus est de praedicamento substantiae: & sic est praedi
1082 1463 1856 1518 catio quiditatiua & essentialis. si de praedicamento
1091 1505 1844 1571 quantitatis, accidentalis & accidentis: quia praedica-
1083 1551 1861 1610 tum potest negari de subiecto ipso supponente
1092 1597 1853 1658 quando esset definitiue in loco. si tantum valeat quan-
1096 1643 1848 1700 tum materia: est praedicatio disparata: & per conse-
1088 1685 1857 1745 quens nullius praedicabilis praedicatio. ⁋ Secundus
1092 1734 1855 1785 terminus est proprietas: & duobus modis capitur:
1089 1774 1859 1838 prime intentionaliter: & secunde. in prima significan
1083 1818 1847 1873 tia tantum valet quantum accidens: vt accidens capitur
1100 1862 1849 1925 prime intentionaliter. Secunde intentionaliter tantum
1094 1906 1847 1964 valet quantum terminus qui accidentaliter praedicatur de
1092 1952 1858 2019 pronomine demonstrante corpus. multi enim termi
1088 1996 1858 2051 ni accidentaliter praedicantur de sorte, quam nullum accidens
1099 2040 1859 2093 important: vt crispitudo: curuitas: fessio: statio. cri-
1094 2082 1861 2144 spitudo namque & crispus sunt termini synonymi.
1090 2128 1862 2193 crispitudo enim crines significat & ex cosequenti to
1095 2170 1865 2226 tum compositum connotando quod crines taliter se habeant:
1098 2224 1862 2287 puta sursum reflectantur more Libycorum. sed quia hoc
1104 2258 1862 2317 est accidentale crinibus vel sorti: & non de essentia
1099 2312 1867 2369 crinium, vocatur accidens. & sic haec est distinguenda:
1106 2347 1855 2420 crispitudo est accidens. vel accidens capitur prime
1089 2394 1861 2445 intentionaliter: & sic est falsa: immo est substantia
1097 2434 1856 2502 prime intentionaliter: vel secunde intentionaliter: & tunc
1103 2480 1856 2541 est vera. Primo modo subiectum stat significatiue
1095 2525 1856 2585 & personaliter. secundo modo materialiter. ⁋ Ex his
1095 2568 1868 2638 patet quod titulus quaestionis duobus modis capitur:
1101 2618 1871 2675 & est aequiuocus. In vno sensu est idem quaerere:
1107 2657 1864 2716 vtrum omnia accidentia, quae insunt corpori Chri-
1108 2702 1859 2758 sti in caelo, insint eidem corpori in eucharistia. Se-
1094 2747 1867 2805 cundo modo sensus est: an omnia praedicata accidenta
