2332 3312
483 279 1244 352 sti. Quaero quid demonstras quando dicis, hoc est
484 328 1233 398 corpus Curisti? vel illud erat panis: & sic habetur
483 383 1241 433 quipanis est homo. si demonstres corpus Christi
481 429 1235 476 quod nunqui erat panis: notum est intelligenti quod non das
490 466 1232 519 iuam de inesse. Fodem modo de inesse ostedit hanc
489 509 1229 572 de futuro falsam de virtute sermonis. panis erii
490 562 1226 616 materia eucharistiae: sed ad hunc sensum admittitui
484 607 1232 667 panis est materia eucharistae. hoc est panis praesupe
484 651 1227 707 ponitur ad hoc vt fiat hoc modo eucharistia. Prae
481 693 1238 751 ter rationem autem est opinio Durandi quod panis materia
472 731 1226 795 mutetur in corpus Curisti sicut alimentum in alitum vir
477 782 1224 835 tute diuina. iam enim corpus Christi immoderatum
478 824 1229 879 corpus haberet, quod est absurdum: quia nihil con-
471 867 1233 926 uertitur in corpus gloriosum. & licet Christus realiter
466 915 1222 973 comederit post resurrectionem: illud resoluebat
465 955 1226 1017 in aliam materiam. nutritio autem non est de ratio
471 1002 1220 1060 ne comestionis: sed in os intrare & descendere in
467 1034 1220 1107 stomachum, ler statin eijciatur. male coaptat dicta Da-
463 1090 1226 1141 masceni libro quaerto capite. xiiii. licet falso alleget
474 1131 1227 1192 vbi dicit: quomodo naturaliter per comestione pa
466 1175 1226 1237 nis: & vinum & aqua per potum in corpus & sangui
463 1218 1216 1281 nem bibentis & credentis transmutatur. ex verbis il-
454 1264 1218 1325 lis vult solum quod ibi est transmutatio panis & vini
462 1304 1212 1362 in corpus & sanguinem: vt patet intelligenti Da
463 1352 1214 1415 masce. Deficit in alio quod non mutetur corpus per ali-
460 1397 1222 1443 mentum conversum in alitum. Constat enim quod non ma-
454 1447 1208 1502 net idem corpus metaphysice: & per consequens non con
453 1490 1214 1540 uertitur in corpus gloriosum. Vbi pterea dicit modum
465 1519 1208 1585 ommunem non intelligibilem: oppositum est verum: & eius di-
458 1574 1221 1626 cendi modus multas absurditates inuoluit: & a sa-
453 1621 1214 1677 pientum coetu explodendus est. ⁋ Tertia conclusio
457 1664 1213 1712 patet de summa trinitate & fide catholica. c. Fir-
456 1709 1208 1780 miter. & de celebr. mis. Cum Marthae. Et quia prima com
451 1741 759 1816 clusio est perspicua
460 1813 1200 1897 ⁋ Contra secundam arguo. ipsa est
448 1869 1200 1938 contra beatum Ambrosium in libro de sacramentis: qui
447 1919 1211 1983 multis argumentis astruere nititur: quod haec est pos
448 1957 1202 2017 sibilis, panis est corpus Christ: quod probat: quia ex vir
444 2015 1205 2072 ga Moysi factus est coluber, quae specie essentiali dif
450 2055 1197 2106 ferunt. Confirmo illud. vxor Loth vt dicitur Gene
441 2086 1200 2157 sis. xix. ca. conversa est in effigiem salis: & rex Assy
431 2133 1191 2199 riorum Nabuchodonosor in bouem. Danielis. iiii
442 2182 1202 2236 ⁋ Praeterea corpus Curisti potest assumere panem
439 2222 1195 2279 in vnionem hypostaticam sicut deus vniuit naturam hu
432 2273 1185 2337 manam: & tunc illa erit vera, aliquis panis est corpr
442 2313 1199 2369 Christi. ⁋ Respondetur. supponamus cum Aristotele
435 2357 1196 2419 modum illorum philosophorum falsum tenentium, mate
442 2401 1200 2455 riam esse totam substantiam rei: licet naturaliter
436 2440 1184 2508 difficile esset illum improbare: quia concederent istas / asi
436 2493 1197 2556 nus potest esse bos: ignis potest esse aqua. sed quia
423 2528 1194 2602 accidentia alia requiruntur ad esse asini quam bouis: hac
436 2580 1182 2632 negarent, asinus est bos. lste enim modus est haera
431 2617 1190 2679 ticus de homine vt fide constat: & praeter rationem in aliis
429 2659 1189 2745 Propterea quo ad hoc supponamus modum Ari
1308 300 2089 357 stotelis. quo supposito dico: quod beatus Ambrosius
1315 355 2081 419 vult ostendere: quonam pacto virtute diuina vna
1317 390 2079 453 substantia possit in aliam mutari: non sicut album po
1308 442 2084 504 test esse nigrum: quia eadem res numero quae est alba, est
1323 483 2079 550 vel potest esse nigra. secus est de serpente & virga
1318 520 2079 589 Et pro modo loquendi idem est apud Aristotelem
1300 576 2084 633 in Meteoris: & in de generatione: vbi concedit vnam
1299 613 2090 679 substantiam in alia corrumpi & generari: vt aer in
1300 661 2075 720 aquam convertitur: non quod eadem res quae est aer possit esse
1299 701 2085 771 aqua: sed quod aqua aeri succedit. sic corpus Christi
1294 752 2085 816 substantiae panis succedit. Sed discrime est de a-
1302 793 2081 853 re & aqua & in proposito: quia in primis manet ma-
1305 834 2073 899 teria comunis: hic autem non: sed desinit esse secundum
1302 876 2076 948 se & quodlibet sui panis. sic de virga Moysi eadem
1299 930 2068 983 materia numero qui informabatur forma virgae
1297 960 2078 1036 informatur forma serpentis, & econverso: & hoc mira
1303 1012 2073 1076 culose. an autem caute virga a magis fuerit ablata-
1291 1058 2078 1120 & loco eius serpens callide appositus / non refert
1299 1101 2072 1169 nec est idem in proposito. Et pari forma negatur
1288 1144 2079 1204 quod Nabuchodonosor erat bos: vel vxor Loth ef
1300 1188 2064 1250 figies salis / in sensu quem praetendit argumentum: nec est
1293 1226 2069 1290 literalis: sed mortua est, quia retro aspexit ad So
1288 1280 2074 1346 domam. & conversa est in statuam salis, id e ipsa est ima-
1293 1319 2069 1379 go sapientiae. & illud quadrat verbis Curisti Lu-
1297 1370 2068 1422 cae. xvii. Memores estote vxoris Loth. & astipu-
1286 1395 2068 1479 latur conterraneus Sedulius. Loth Sodomis fugien
1287 1455 2073 1521 te chaos dum respicit vxor In statuam mutata salis
1290 1487 2056 1558 stupefacta remansit Ad poenam conversa suam: quod ne-
1287 1540 2063 1602 mo retrorsum Noxia cotenti vitans discrimia mun
1287 1591 2063 1645 di Aspiciens saluandus erit, nec debet arator Di
1297 1633 2054 1695 gnum opus exercens vultum in sua terga referre. Na
1288 1669 2061 1737 buchodonosor autem conversus est in bouem / id est in bo
1287 1720 2048 1782 uinam mentem. xxiii. quaestione quarta. Nabuchodo
1291 1763 2064 1824 nosor. vt alias dicetur. Ex illo patet omnes tales
1280 1795 2048 1875 esse impossibiles: panis erit corpus Christi, panis
1291 1853 2054 1918 potest esse corpus Christi: & quamlibet talem in recto, panis
1277 1899 2050 1957 incipit esse corpus Christi. sed istae sunt conceden
1282 1942 2051 2001 dae, panis mutatur in corpus Curisti: vbi praedicatum
1275 1985 2055 2046 est hoc totum, mutatum in corpus Christi. panis tran
1285 2025 2057 2092 substantiatur in corpus Christi. Haec aut est multi-
1284 2074 2049 2135 plex, ex pane fit corpus Christi. vel enim ex di-
1276 2120 2038 2176 cit circumstantiam causae materialis: quemadmodum
1282 2153 2051 2220 dicimus, ex ferro fit cultellus: & sic est falsa. vel di-
1275 2212 2053 2271 cit circumstantiam termini a quo: & sic est vera: quia
1275 2250 2049 2319 pane desinente esse, incipit esse corpus Christi.
1276 2294 2052 2362 ⁋ Ad secundum vbi arguis, Christus potest assume
1277 2339 2052 2399 re hypostatice panem, iam illa est concedenda. Re-
1272 2376 2031 2444 spondetur dupliciter. primo quod illa tunc concede
1265 2431 2037 2490 retur / quemadmodum si deus vniret hypostatice
1270 2471 2043 2536 asinum: iam concederetur haec. homo est asinus
1268 2507 2042 2579 sic captis terminis. Secundo dico quod si deus dimit
1266 2558 2035 2624 teret humanitatem sicut potest de potentia sua ab
1266 2593 2037 2666 soluta: & assumeret panem: tunc concedendum
1264 2637 2033 2708 foret quod panis realiter est corpus Christi, puta assum
1254 2694 2031 2766 ptum a Christo: & Christus panis, saltem in concre-
