<?xml version="1.0" encoding="UTF-8" standalone="yes"?>
<PcGts xmlns="http://schema.primaresearch.org/PAGE/gts/pagecontent/2013-07-15" xmlns:xsi="http://www.w3.org/2001/XMLSchema-instance" xsi:schemaLocation="http://schema.primaresearch.org/PAGE/gts/pagecontent/2013-07-15 http://schema.primaresearch.org/PAGE/gts/pagecontent/2013-07-15/pagecontent.xsd">
    <Metadata>
        <Creator>prov=University of Rostock/Institute of Mathematics/CITlab|PLANET AI GmbH/Gundram Leifert/gundram.leifert@planet-ai.de:name=cod-Bda113-model2(htr_id=24733)::::v=2.6.6
prov=University of Rostock/Institute of Mathematics/CITlab|PLANET AI GmbH/Tobias Gruening/tobias.gruening@planet-ai.de:name=de.uros.citlab.module.baseline2polygon.B2PSeamMultiOriented:v=2.6.6
prov=University of Rostock/Institute of Mathematics/CITlab|PLANET AI GmbH/Tobias Gruening/tobias.gruening@planet-ai.de:name=/net_tf/LA73_249_0mod360.pb:de.uros.citlab.segmentation.CITlab_LA_ML:v=2.6.6
Transkribus</Creator>
        <Created>2020-04-17T22:21:35.595+02:00</Created>
        <LastChange>2020-06-19T01:59:43.266+02:00</LastChange>
        <TranskribusMetadata docId="371227" pageId="14532277" pageNr="42" tsid="32167313" status="IN_PROGRESS" userId="25065" imgUrl="https://files.transkribus.eu/Get?id=RJZXKXPUKVXELLCSOWJOIQPO&amp;fileType=view" xmlUrl="https://files.transkribus.eu/Get?id=HDRVZMTBGCHICBKUDJBFENSY" imageId="10488654"/>
    </Metadata>
    <Page imageFilename="0042.jpg" imageWidth="2348" imageHeight="3330">
        <ReadingOrder>
            <OrderedGroup id="ro_1592575750511" caption="Regions reading order">
                <RegionRefIndexed index="0" regionRef="TextRegion_1589115417590_338"/>
                <RegionRefIndexed index="1" regionRef="TextRegion_1589115417590_337"/>
            </OrderedGroup>
        </ReadingOrder>
        <TextRegion orientation="0.0" id="TextRegion_1589115417590_338" custom="readingOrder {index:0;}">
            <Coords points="473,323 1281,323 1281,2853 473,2853"/>
            <TextLine id="r1l2" custom="readingOrder {index:0;}">
                <Coords points="474,439 1238,445 1238,405 1195,388 474,400"/>
                <Baseline points="479,432 516,432 554,432 592,432 629,432 667,432 705,432 742,432 780,432 818,432 856,434 893,434 931,434 969,434 1006,434 1044,435 1082,435 1119,435 1157,435 1195,435 1233,435"/>
                <TextEquiv>
                    <Unicode>Propterea satius fuisset Gregorio Ariminensi Au</Unicode>
                </TextEquiv>
            </TextLine>
            <TextLine id="r1l4" custom="readingOrder {index:1;}">
                <Coords points="487,493 1232,499 1232,458 1033,440 487,452"/>
                <Baseline points="492,480 528,480 565,479 602,479 639,479 675,479 712,479 749,479 786,479 822,479 859,479 896,479 933,479 969,479 1006,480 1043,480 1080,480 1116,480 1153,480 1190,482 1227,482"/>
                <TextEquiv>
                    <Unicode>gustinum cum opinione communi flectere, sicut poterat, qua</Unicode>
                </TextEquiv>
            </TextLine>
            <TextLine id="r1l6" custom="readingOrder {index:2;}">
                <Coords points="484,535 1232,544 1232,500 1200,484 484,494"/>
                <Baseline points="489,521 525,522 562,522 599,522 636,522 673,523 710,524 747,524 784,524 821,524 858,524 894,524 931,524 968,524 1005,524 1042,524 1079,524 1116,524 1153,524 1190,524 1227,524"/>
                <TextEquiv>
                    <Unicode>extreme discedere dubie. ⁋ Tertio arguitur. plu-</Unicode>
                </TextEquiv>
            </TextLine>
            <TextLine id="r1l8" custom="readingOrder {index:3;}">
                <Coords points="489,573 1241,589 1241,544 1166,531 489,538"/>
                <Baseline points="494,567 531,567 568,567 605,567 642,567 679,567 716,567 753,567 790,567 827,567 865,567 902,567 939,567 976,567 1013,567 1050,569 1087,569 1124,569 1161,569 1198,569 1236,570"/>
                <TextEquiv>
                    <Unicode>est credendum multitudini quam paucitati: sed plures</Unicode>
                </TextEquiv>
            </TextLine>
            <TextLine id="r1l10" custom="readingOrder {index:4;}">
                <Coords points="489,618 1247,623 1247,589 1127,574 932,591 489,572"/>
                <Baseline points="494,611 531,611 568,612 606,612 643,612 681,612 718,612 755,612 793,612 830,612 868,612 905,612 942,612 980,612 1017,612 1055,612 1092,612 1129,612 1167,612 1204,612 1242,612"/>
                <TextEquiv>
                    <Unicode>sunt infideles quam fideles: ergo plus infidelibus cre</Unicode>
                </TextEquiv>
            </TextLine>
            <TextLine id="r1l12" custom="readingOrder {index:5;}">
                <Coords points="493,661 1231,676 1218,617 918,635 493,616"/>
                <Baseline points="498,656 534,657 570,657 607,657 643,657 680,657 716,657 752,657 789,657 825,657 862,657 898,657 934,657 971,656 1007,656 1044,656 1080,656 1116,656 1153,656 1189,657 1226,657"/>
                <TextEquiv>
                    <Unicode>dendum est. Respondetur. quia no possum commod</Unicode>
                </TextEquiv>
            </TextLine>
            <TextLine id="r1l14" custom="readingOrder {index:6;}">
                <Coords points="480,721 1238,722 1238,678 1196,663 480,673"/>
                <Baseline points="485,701 522,701 559,701 597,701 634,701 672,702 709,702 746,702 784,702 821,701 859,701 896,701 933,701 971,701 1008,701 1046,701 1083,701 1120,701 1158,701 1195,701 1233,702"/>
                <TextEquiv>
                    <Unicode>paucis huic argumento satisfacere: circa materiam</Unicode>
                </TextEquiv>
            </TextLine>
            <TextLine id="r1l16" custom="readingOrder {index:7;}">
                <Coords points="486,768 1138,771 1138,721 1029,705 983,724 486,715"/>
                <Baseline points="491,744 523,746 555,746 587,747 619,747 651,747 683,747 715,747 747,747 779,747 812,747 844,747 876,747 908,747 940,747 972,747 1004,746 1036,746 1068,746 1100,746 1133,747"/>
                <TextEquiv>
                    <Unicode>illam integra quaestio sequens tractabitur.</Unicode>
                </TextEquiv>
            </TextLine>
            <TextLine id="r1l21" custom="readingOrder {index:8;}">
                <Coords points="486,837 965,822 1231,841 1221,771 973,794 859,767 486,775"/>
                <Baseline points="491,819 527,821 564,821 601,821 638,821 674,821 711,821 748,821 785,821 821,821 858,821 895,821 932,822 968,822 1005,822 1042,822 1079,822 1115,822 1152,822 1189,822 1226,822"/>
                <TextEquiv>
                    <Unicode>⁋ Hactenus vidimus realiter aliquans</Unicode>
                </TextEquiv>
            </TextLine>
            <TextLine id="r1l23" custom="readingOrder {index:9;}">
                <Coords points="492,874 1244,879 1244,837 492,836"/>
                <Baseline points="497,869 534,869 571,870 608,870 645,870 682,870 719,870 756,870 793,870 830,870 868,870 905,870 942,872 979,872 1016,872 1053,872 1090,872 1127,872 1164,872 1201,872 1239,872"/>
                <TextEquiv>
                    <Unicode>opiniones esse oppositas, &amp; non ad nomen: et per con</Unicode>
                </TextEquiv>
            </TextLine>
            <TextLine id="r1l25" custom="readingOrder {index:10;}">
                <Coords points="481,923 1246,923 1228,876 1198,894 481,876"/>
                <Baseline points="486,914 523,914 561,914 599,914 637,914 674,914 712,914 750,914 788,914 825,914 863,914 901,914 939,915 976,915 1014,915 1052,915 1090,915 1127,917 1165,917 1203,917 1241,918"/>
                <TextEquiv>
                    <Unicode>sequens non erat possibile domimno loanni Pico comple</Unicode>
                </TextEquiv>
            </TextLine>
            <TextLine id="r1l27" custom="readingOrder {index:11;}">
                <Coords points="480,967 1233,972 1247,923 480,929"/>
                <Baseline points="485,957 522,957 560,957 598,957 636,957 674,957 712,957 749,957 787,957 825,958 863,959 901,959 939,959 977,959 1014,960 1052,960 1090,960 1128,960 1166,961 1204,962 1242,962"/>
                <TextEquiv>
                    <Unicode>re quod mente conceperat. Licitum est in materia fi</Unicode>
                </TextEquiv>
            </TextLine>
            <TextLine id="r1l29" custom="readingOrder {index:12;}">
                <Coords points="484,1006 893,1007 938,1030 989,1007 1250,1013 1250,970 1219,963 484,966"/>
                <Baseline points="489,1001 526,1001 564,1001 602,1002 640,1002 678,1002 715,1002 753,1002 791,1002 829,1002 867,1003 904,1004 942,1004 980,1004 1018,1004 1056,1005 1093,1005 1131,1005 1169,1005 1207,1005 1245,1007"/>
                <TextEquiv>
                    <Unicode>dei impertinenti tenere hanc partem vel illam si</Unicode>
                </TextEquiv>
            </TextLine>
            <TextLine id="r1l31" custom="readingOrder {index:13;}">
                <Coords points="477,1058 1250,1067 1242,1011 943,1030 477,1009"/>
                <Baseline points="482,1047 520,1046 558,1046 596,1046 634,1046 672,1046 710,1046 749,1046 787,1046 825,1047 863,1047 901,1047 939,1049 977,1049 1016,1049 1054,1049 1092,1050 1130,1050 1168,1050 1206,1050 1245,1049"/>
                <TextEquiv>
                    <Unicode>ne vlla dei offensa. vtpote: quod quantitas distinguatur</Unicode>
                </TextEquiv>
            </TextLine>
            <TextLine id="r1l33" custom="readingOrder {index:14;}">
                <Coords points="474,1096 1247,1106 1247,1068 1118,1054 474,1064"/>
                <Baseline points="479,1091 517,1091 555,1091 593,1091 631,1091 669,1091 707,1091 746,1091 784,1091 822,1091 860,1091 898,1092 936,1092 974,1092 1013,1092 1051,1093 1089,1094 1127,1094 1165,1094 1203,1094 1242,1094"/>
                <TextEquiv>
                    <Unicode>a re quanta: vel non: &amp; sic in materia fidei quan-</Unicode>
                </TextEquiv>
            </TextLine>
            <TextLine id="r1l35" custom="readingOrder {index:15;}">
                <Coords points="484,1140 1250,1152 1250,1105 1195,1098 484,1097"/>
                <Baseline points="489,1133 526,1133 564,1133 602,1134 640,1134 678,1134 715,1134 753,1136 791,1136 829,1136 867,1137 904,1137 942,1137 980,1139 1018,1139 1056,1139 1093,1139 1131,1139 1169,1139 1207,1139 1245,1139"/>
                <TextEquiv>
                    <Unicode>do no constat vtra pars sit vera: sed sunt oculatis</Unicode>
                </TextEquiv>
            </TextLine>
            <TextLine id="r1l37" custom="readingOrder {index:16;}">
                <Coords points="475,1179 1241,1193 1241,1146 475,1139"/>
                <Baseline points="480,1178 517,1178 555,1178 593,1178 631,1179 669,1179 706,1179 744,1179 782,1179 820,1181 858,1181 895,1181 933,1181 971,1182 1009,1182 1047,1182 1084,1183 1122,1184 1160,1184 1198,1184 1236,1184"/>
                <TextEquiv>
                    <Unicode>mi viri contraria illic tenentes. Sed eruditi viri est</Unicode>
                </TextEquiv>
            </TextLine>
            <TextLine id="r1l39" custom="readingOrder {index:17;}">
                <Coords points="477,1225 1250,1242 1233,1191 478,1181"/>
                <Baseline points="482,1221 520,1221 558,1221 596,1223 634,1223 672,1223 710,1224 749,1224 787,1224 825,1224 863,1226 901,1226 939,1226 977,1226 1016,1227 1054,1227 1092,1227 1130,1229 1168,1229 1206,1229 1245,1229"/>
                <TextEquiv>
                    <Unicode>tenere in his omnibus viam apparentiorem: hoc est si</Unicode>
                </TextEquiv>
            </TextLine>
            <TextLine id="r1l41" custom="readingOrder {index:18;}">
                <Coords points="480,1273 1247,1281 1247,1243 1212,1237 480,1227"/>
                <Baseline points="485,1266 522,1266 560,1266 598,1266 636,1268 674,1268 712,1268 749,1269 787,1269 825,1269 863,1269 901,1271 939,1271 977,1271 1014,1271 1052,1272 1090,1272 1128,1272 1166,1272 1204,1272 1242,1272"/>
                <TextEquiv>
                    <Unicode>sit in materia fidei inniti fidei quantum fieri potest: &amp; in </Unicode>
                </TextEquiv>
            </TextLine>
            <TextLine id="r1l43" custom="readingOrder {index:19;}">
                <Coords points="484,1319 1143,1338 1238,1333 1239,1289 485,1274"/>
                <Baseline points="489,1310 526,1310 563,1310 600,1311 637,1311 675,1311 712,1311 749,1313 786,1313 823,1313 861,1314 898,1314 935,1314 972,1316 1009,1316 1047,1317 1084,1317 1121,1317 1158,1319 1195,1319 1233,1319"/>
                <TextEquiv>
                    <Unicode>lumine naturali partem in lumine naturali apparen</Unicode>
                </TextEquiv>
            </TextLine>
            <TextLine id="r1l45" custom="readingOrder {index:20;}">
                <Coords points="478,1361 1231,1366 1231,1329 1184,1323 478,1330"/>
                <Baseline points="483,1355 520,1355 557,1356 594,1356 631,1356 668,1356 705,1356 743,1358 780,1358 817,1358 854,1358 891,1359 928,1359 965,1359 1003,1361 1040,1361 1077,1361 1114,1361 1151,1361 1188,1361 1226,1362"/>
                <TextEquiv>
                    <Unicode>tiorem insequi. Tenere enim nouas &amp; friuolas inuentie</Unicode>
                </TextEquiv>
            </TextLine>
            <TextLine id="r1l47" custom="readingOrder {index:21;}">
                <Coords points="480,1408 1246,1412 1246,1380 1173,1365 480,1368"/>
                <Baseline points="485,1398 522,1400 560,1400 598,1400 636,1401 674,1401 711,1401 749,1403 787,1403 825,1403 863,1403 900,1403 938,1404 976,1404 1014,1404 1052,1404 1089,1404 1127,1406 1165,1406 1203,1406 1241,1407"/>
                <TextEquiv>
                    <Unicode>nes ostentationis gratia, non arguit eruditum virum: sed va</Unicode>
                </TextEquiv>
            </TextLine>
            <TextLine id="r1l49" custom="readingOrder {index:22;}">
                <Coords points="468,1460 875,1442 1012,1472 1243,1464 1243,1412 468,1408"/>
                <Baseline points="473,1443 511,1443 549,1443 587,1444 626,1445 664,1445 702,1445 740,1446 779,1446 817,1446 855,1446 893,1448 932,1448 970,1448 1008,1449 1046,1449 1085,1449 1123,1451 1161,1451 1199,1451 1238,1452"/>
                <TextEquiv>
                    <Unicode>num &amp; minus solidum. eruditus autem est qui rectiorem viam</Unicode>
                </TextEquiv>
            </TextLine>
            <TextLine id="r1l51" custom="readingOrder {index:23;}">
                <Coords points="473,1493 1225,1513 1241,1471 1194,1452 474,1459"/>
                <Baseline points="479,1488 516,1488 554,1488 592,1488 630,1488 668,1490 705,1490 743,1490 781,1491 819,1491 857,1492 894,1493 932,1493 970,1494 1008,1494 1046,1494 1083,1494 1121,1494 1159,1494 1197,1494 1235,1494"/>
                <TextEquiv>
                    <Unicode>in omnibus sequi nouit: &amp; inter opposita recte iudica</Unicode>
                </TextEquiv>
            </TextLine>
            <TextLine id="r1l53" custom="readingOrder {index:24;}">
                <Coords points="480,1543 1060,1542 1160,1562 1231,1549 1232,1514 481,1499"/>
                <Baseline points="485,1533 522,1532 559,1532 596,1533 633,1533 670,1533 707,1533 744,1534 781,1535 818,1535 855,1536 892,1536 929,1536 966,1538 1003,1538 1040,1538 1077,1539 1114,1539 1151,1539 1188,1539 1226,1539"/>
                <TextEquiv>
                    <Unicode>re: qui non minus est circa hoc laudandus quam prim</Unicode>
                </TextEquiv>
            </TextLine>
            <TextLine id="r1l55" custom="readingOrder {index:25;}">
                <Coords points="487,1595 1249,1593 1249,1552 1218,1546 487,1552"/>
                <Baseline points="492,1578 529,1578 567,1578 604,1578 642,1578 680,1578 717,1578 755,1578 792,1578 830,1580 868,1580 905,1580 943,1581 980,1581 1018,1583 1056,1583 1093,1584 1131,1584 1168,1586 1206,1586 1244,1587"/>
                <TextEquiv>
                    <Unicode>veri inuentor. decimi Ethicorum vltimo. teste phomo. Te</Unicode>
                </TextEquiv>
            </TextLine>
            <TextLine id="r1l57" custom="readingOrder {index:26;}">
                <Coords points="477,1638 1010,1628 1207,1652 1246,1636 1246,1593 477,1597"/>
                <Baseline points="482,1623 521,1623 561,1622 601,1622 641,1622 681,1622 721,1623 761,1623 801,1623 841,1624 881,1625 921,1625 961,1626 1001,1626 1041,1626 1081,1628 1121,1628 1161,1629 1201,1629 1241,1629"/>
                <TextEquiv>
                    <Unicode>neatur pro doctrina tanquam esset celte in silice sculpta</Unicode>
                </TextEquiv>
            </TextLine>
            <TextLine id="r1l59" custom="readingOrder {index:27;}">
                <Coords points="489,1686 933,1670 1232,1694 1232,1651 1186,1638 489,1627"/>
                <Baseline points="494,1670 530,1668 567,1668 603,1668 640,1667 677,1667 713,1667 750,1667 787,1668 823,1668 860,1669 897,1670 933,1670 970,1671 1007,1671 1043,1672 1080,1673 1117,1673 1153,1674 1190,1674 1227,1674"/>
                <TextEquiv>
                    <Unicode>quod in via morum modus certior est tenendus: qui eni se ex</Unicode>
                </TextEquiv>
            </TextLine>
            <TextLine id="r1l61" custom="readingOrder {index:28;}">
                <Coords points="480,1730 959,1715 1001,1743 1073,1721 1234,1736 1234,1694 1161,1677 1114,1698 1063,1677 480,1685"/>
                <Baseline points="485,1715 522,1713 559,1712 596,1712 633,1712 671,1712 708,1712 745,1712 782,1712 819,1713 857,1713 894,1715 931,1715 968,1716 1005,1716 1043,1718 1080,1718 1117,1718 1154,1719 1191,1718 1229,1718"/>
                <TextEquiv>
                    <Unicode>ponit periculo peccati peccat. Quando autem sunt dua</Unicode>
                </TextEquiv>
            </TextLine>
            <TextLine id="r1l63" custom="readingOrder {index:29;}">
                <Coords points="486,1767 1205,1774 1246,1768 1246,1727 486,1730"/>
                <Baseline points="491,1755 528,1755 566,1755 603,1755 641,1755 678,1757 716,1757 753,1757 791,1758 828,1758 866,1758 903,1760 941,1760 978,1761 1016,1761 1053,1761 1091,1763 1128,1763 1166,1763 1203,1764 1241,1764"/>
                <TextEquiv>
                    <Unicode>opiniones de peccato &amp; non peccato, ambe convenien</Unicode>
                </TextEquiv>
            </TextLine>
            <TextLine id="r1l65" custom="readingOrder {index:30;}">
                <Coords points="474,1800 1237,1820 1237,1783 1190,1768 474,1775"/>
                <Baseline points="479,1800 516,1799 554,1799 591,1800 629,1800 667,1800 704,1800 742,1802 780,1802 817,1803 855,1803 893,1805 930,1805 968,1806 1006,1806 1043,1808 1081,1808 1119,1808 1156,1808 1194,1808 1232,1808"/>
                <TextEquiv>
                    <Unicode>tes in vno extremo de non peccato: &amp; dissentientes</Unicode>
                </TextEquiv>
            </TextLine>
            <TextLine id="r1l67" custom="readingOrder {index:31;}">
                <Coords points="480,1853 1068,1852 1139,1872 1240,1858 1241,1826 481,1808"/>
                <Baseline points="485,1845 522,1845 560,1844 597,1844 635,1844 672,1845 710,1845 747,1846 785,1847 822,1847 860,1848 897,1850 935,1850 972,1851 1010,1852 1047,1853 1085,1853 1122,1853 1160,1853 1197,1853 1235,1853"/>
                <TextEquiv>
                    <Unicode>inter se de alio extremo de peccato &amp; non peccato</Unicode>
                </TextEquiv>
            </TextLine>
            <TextLine id="r1l69" custom="readingOrder {index:32;}">
                <Coords points="493,1897 1237,1901 1229,1856 1138,1872 1068,1851 1034,1870 493,1850"/>
                <Baseline points="498,1889 534,1889 571,1889 608,1889 644,1889 681,1890 718,1890 754,1890 791,1891 828,1892 865,1892 901,1893 938,1893 975,1895 1011,1895 1048,1895 1085,1895 1121,1896 1158,1896 1195,1896 1232,1896"/>
                <TextEquiv>
                    <Unicode>vt verbi causa, dare beneficium idoneo relicto magis</Unicode>
                </TextEquiv>
            </TextLine>
            <TextLine id="r1l71" custom="readingOrder {index:33;}">
                <Coords points="480,1943 1178,1955 1249,1947 1250,1907 481,1898"/>
                <Baseline points="485,1932 524,1931 564,1932 604,1932 644,1932 684,1932 724,1934 764,1934 804,1935 844,1935 884,1937 924,1937 964,1938 1004,1939 1044,1940 1084,1940 1124,1941 1164,1941 1204,1941 1244,1941"/>
                <TextEquiv>
                    <Unicode>idoneo secundum vnam positionem est peccatum: non autem se-</Unicode>
                </TextEquiv>
            </TextLine>
            <TextLine id="r1l73" custom="readingOrder {index:34;}">
                <Coords points="483,1981 1241,1996 1241,1962 1195,1944 483,1939"/>
                <Baseline points="488,1977 525,1977 562,1977 600,1977 637,1977 675,1977 712,1977 749,1979 787,1979 824,1980 862,1980 899,1982 936,1982 974,1983 1011,1985 1049,1985 1086,1985 1123,1986 1161,1986 1198,1986 1236,1985"/>
                <TextEquiv>
                    <Unicode>cundum oppositam: secundum vtramque non est peccatum dare be</Unicode>
                </TextEquiv>
            </TextLine>
            <TextLine id="r1l75" custom="readingOrder {index:35;}">
                <Coords points="477,2025 643,2026 666,2049 701,2025 1240,2035 1240,1997 1205,1990 1047,2006 478,1980"/>
                <Baseline points="482,2021 519,2021 557,2021 594,2021 632,2022 670,2022 707,2022 745,2022 783,2024 820,2024 858,2024 896,2025 933,2026 971,2027 1009,2027 1046,2028 1084,2028 1122,2029 1159,2030 1197,2031 1235,2031"/>
                <TextEquiv>
                    <Unicode>neficium magis idoneo: Tunc dico, si sint tot sapien</Unicode>
                </TextEquiv>
            </TextLine>
            <TextLine id="r1l77" custom="readingOrder {index:36;}">
                <Coords points="486,2079 1241,2081 1234,2035 486,2027"/>
                <Baseline points="491,2067 528,2066 565,2066 602,2066 640,2066 677,2067 714,2067 751,2067 789,2069 826,2069 863,2069 900,2070 938,2070 975,2072 1012,2072 1049,2072 1087,2073 1124,2073 1161,2073 1198,2073 1236,2073"/>
                <TextEquiv>
                    <Unicode>tes vel pauio pauciores ( de statu in maximo nune</Unicode>
                </TextEquiv>
            </TextLine>
            <TextLine id="r1l79" custom="readingOrder {index:37;}">
                <Coords points="484,2117 1246,2124 1246,2084 1214,2078 1132,2096 484,2080"/>
                <Baseline points="489,2111 526,2111 564,2111 601,2111 639,2111 677,2111 714,2111 752,2112 789,2112 827,2114 865,2114 902,2114 940,2115 977,2115 1015,2117 1053,2117 1090,2118 1128,2118 1165,2118 1203,2118 1241,2118"/>
                <TextEquiv>
                    <Unicode>ro qui no: vel minimo qui sic: sapientis solius est iu-</Unicode>
                </TextEquiv>
            </TextLine>
            <TextLine id="r1l81" custom="readingOrder {index:38;}">
                <Coords points="480,2160 1224,2177 1250,2125 481,2116"/>
                <Baseline points="485,2154 524,2154 564,2154 604,2154 644,2154 684,2155 724,2156 764,2157 804,2157 844,2159 884,2159 924,2160 964,2160 1004,2162 1044,2162 1084,2162 1124,2162 1164,2162 1204,2162 1244,2162"/>
                <TextEquiv>
                    <Unicode>dicare, dicentes illud esse peccatum: dare beneficium ido- </Unicode>
                </TextEquiv>
            </TextLine>
            <TextLine id="r1l83" custom="readingOrder {index:39;}">
                <Coords points="481,2209 1238,2218 1229,2173 887,2186 843,2162 482,2160"/>
                <Baseline points="486,2198 523,2198 560,2199 598,2199 635,2199 672,2201 710,2201 747,2201 784,2202 822,2202 859,2204 896,2204 934,2205 971,2205 1008,2206 1046,2207 1083,2207 1120,2207 1158,2207 1195,2207 1233,2207"/>
                <TextEquiv>
                    <Unicode>neo magis idoneo relicto, est exponere se pericu</Unicode>
                </TextEquiv>
            </TextLine>
            <TextLine id="r1l85" custom="readingOrder {index:40;}">
                <Coords points="486,2251 1240,2263 1240,2224 1215,2216 486,2205"/>
                <Baseline points="491,2244 528,2243 565,2243 602,2244 639,2244 677,2244 714,2244 751,2246 788,2246 825,2247 863,2247 900,2249 937,2249 974,2250 1011,2250 1049,2252 1086,2252 1123,2252 1160,2253 1197,2253 1235,2253"/>
                <TextEquiv>
                    <Unicode>lo confundenti &amp; obtuenti peccati: &amp; viro imputabi</Unicode>
                </TextEquiv>
            </TextLine>
            <TextLine id="r1l87" custom="readingOrder {index:41;}">
                <Coords points="489,2296 1239,2304 1240,2266 489,2256"/>
                <Baseline points="494,2289 531,2289 568,2289 605,2289 642,2289 679,2289 716,2291 753,2291 790,2291 827,2292 864,2292 901,2292 938,2294 975,2294 1012,2295 1049,2295 1086,2296 1123,2297 1160,2297 1197,2297 1235,2298"/>
                <TextEquiv>
                    <Unicode>tur quicquid sit ex parte rei sine consultatione: &amp; a for</Unicode>
                </TextEquiv>
            </TextLine>
            <TextLine id="r1l89" custom="readingOrder {index:42;}">
                <Coords points="486,2338 1240,2349 1240,2317 1206,2301 1161,2321 1132,2300 958,2314 815,2294 768,2320 712,2291 629,2311 486,2296"/>
                <Baseline points="491,2333 528,2333 565,2334 602,2334 639,2334 677,2334 714,2336 751,2336 788,2336 825,2337 863,2337 900,2338 937,2339 974,2339 1011,2339 1049,2340 1086,2340 1123,2342 1160,2342 1197,2342 1235,2343"/>
                <TextEquiv>
                    <Unicode>tiori si sint plures, non tamen semper habendus est oculus</Unicode>
                </TextEquiv>
            </TextLine>
            <TextLine id="r1l91" custom="readingOrder {index:43;}">
                <Coords points="492,2381 961,2403 1246,2388 1228,2345 1155,2362 1133,2344 492,2341"/>
                <Baseline points="497,2379 534,2379 571,2378 608,2378 645,2378 683,2378 720,2379 757,2379 794,2381 831,2381 869,2382 906,2382 943,2384 980,2384 1017,2384 1055,2385 1092,2385 1129,2385 1166,2385 1203,2384 1241,2384"/>
                <TextEquiv>
                    <Unicode>ad multitudinem dicentium: sed sapientiam cum nunero con-</Unicode>
                </TextEquiv>
            </TextLine>
            <TextLine id="r1l93" custom="readingOrder {index:44;}">
                <Coords points="492,2426 1166,2449 1243,2443 1244,2388 492,2384"/>
                <Baseline points="497,2421 534,2422 571,2423 608,2423 645,2424 682,2424 719,2424 756,2426 793,2426 830,2426 868,2427 905,2427 942,2427 979,2429 1016,2429 1053,2429 1090,2430 1127,2430 1164,2430 1201,2432 1239,2432"/>
                <TextEquiv>
                    <Unicode>siderabis: quia sicut duos vel tres debiliores valet</Unicode>
                </TextEquiv>
            </TextLine>
            <TextLine id="r1l95" custom="readingOrder {index:45;}">
                <Coords points="492,2472 1240,2487 1231,2439 492,2431"/>
                <Baseline points="497,2463 533,2465 570,2466 607,2466 644,2468 681,2469 718,2469 755,2469 792,2470 829,2471 866,2471 902,2471 939,2472 976,2472 1013,2472 1050,2474 1087,2474 1124,2475 1161,2475 1198,2477 1235,2478"/>
                <TextEquiv>
                    <Unicode>vnus fortis: sic vnus oculatus materiam diligenter im-</Unicode>
                </TextEquiv>
            </TextLine>
            <TextLine id="r1l97" custom="readingOrder {index:46;}">
                <Coords points="493,2521 1234,2533 1234,2497 1187,2484 1156,2502 1031,2475 681,2491 659,2472 494,2472"/>
                <Baseline points="498,2510 534,2510 571,2511 607,2511 644,2513 680,2513 717,2513 753,2514 790,2514 826,2514 863,2516 900,2516 936,2516 973,2516 1009,2517 1046,2517 1082,2517 1119,2519 1155,2519 1192,2520 1229,2520"/>
                <TextEquiv>
                    <Unicode>quirens tres alios inferiores valet. Vlterius citius</Unicode>
                </TextEquiv>
            </TextLine>
            <TextLine id="r1l99" custom="readingOrder {index:47;}">
                <Coords points="487,2559 1240,2579 1241,2536 1204,2526 488,2521"/>
                <Baseline points="492,2552 529,2553 566,2554 603,2555 640,2556 677,2556 714,2558 752,2559 789,2559 826,2561 863,2561 900,2561 937,2562 974,2562 1012,2562 1049,2564 1086,2564 1123,2564 1160,2564 1197,2564 1235,2565"/>
                <TextEquiv>
                    <Unicode>imitabere opinionem communiorem sapientum: tam in</Unicode>
                </TextEquiv>
            </TextLine>
            <TextLine id="r1l101" custom="readingOrder {index:48;}">
                <Coords points="490,2600 676,2622 860,2605 957,2628 1247,2616 1248,2572 684,2578 491,2557"/>
                <Baseline points="495,2597 532,2598 569,2598 607,2599 644,2600 681,2601 719,2601 756,2603 793,2603 831,2604 868,2606 905,2606 943,2607 980,2607 1017,2609 1055,2609 1092,2609 1129,2610 1167,2610 1204,2609 1242,2609"/>
                <TextEquiv>
                    <Unicode>via morum qui assentiendi circa propositiones fidei in </Unicode>
                </TextEquiv>
            </TextLine>
            <TextLine id="r1l103" custom="readingOrder {index:49;}">
                <Coords points="481,2646 971,2672 1240,2655 1240,2633 1182,2614 957,2628 901,2608 676,2623 481,2603"/>
                <Baseline points="486,2642 523,2642 560,2643 598,2643 635,2644 673,2645 710,2646 748,2646 785,2648 823,2649 860,2649 897,2651 935,2652 972,2652 1010,2654 1047,2654 1085,2654 1122,2654 1160,2654 1197,2654 1235,2652"/>
                <TextEquiv>
                    <Unicode>quo sensu sunt de fide. ⁋ Amplius dicebam duo-</Unicode>
                </TextEquiv>
            </TextLine>
            <TextLine id="r1l105" custom="readingOrder {index:50;}">
                <Coords points="489,2694 1219,2714 1241,2676 490,2651"/>
                <Baseline points="494,2688 531,2688 568,2688 605,2688 642,2688 679,2688 716,2690 753,2690 790,2691 827,2692 864,2693 901,2694 938,2696 975,2696 1012,2697 1049,2698 1086,2699 1123,2699 1160,2700 1197,2700 1235,2700"/>
                <TextEquiv>
                    <Unicode>bus modis in genere doctrinam ab ecclesia recipi</Unicode>
                </TextEquiv>
            </TextLine>
            <TextLine id="r1l107" custom="readingOrder {index:51;}">
                <Coords points="495,2738 1240,2748 1240,2710 1204,2702 495,2705"/>
                <Baseline points="500,2733 536,2732 573,2732 610,2732 647,2732 683,2733 720,2733 757,2735 794,2735 830,2736 867,2738 904,2739 941,2739 977,2741 1014,2742 1051,2742 1088,2744 1124,2744 1161,2744 1198,2744 1235,2744"/>
                <TextEquiv>
                    <Unicode>vno modo positiue. &amp; hoc trifariam. Primo modo im-</Unicode>
                </TextEquiv>
            </TextLine>
            <TextLine id="r1l109" custom="readingOrder {index:52;}">
                <Coords points="484,2779 1208,2804 1234,2797 1235,2755 485,2734"/>
                <Baseline points="489,2774 526,2775 563,2775 600,2777 637,2777 674,2778 711,2778 748,2780 785,2781 822,2781 859,2783 896,2783 933,2784 970,2786 1007,2786 1044,2787 1081,2787 1118,2789 1155,2789 1192,2790 1229,2790"/>
                <TextEquiv>
                    <Unicode>dubitanter ad sanguinem inclusiue: vt lex dei. Se</Unicode>
                </TextEquiv>
            </TextLine>
            <TextLine id="r1l111" custom="readingOrder {index:53;}">
                <Coords points="492,2854 1227,2868 1228,2807 1197,2800 493,2795"/>
                <Baseline points="498,2822 534,2823 570,2823 606,2823 643,2823 679,2825 715,2825 751,2826 788,2826 824,2828 860,2828 896,2829 933,2831 969,2831 1005,2832 1041,2832 1078,2834 1114,2834 1150,2834 1186,2835 1223,2835"/>
                <TextEquiv>
                    <Unicode>cundo modo recipitur doctrina cui nemo contra</Unicode>
                </TextEquiv>
            </TextLine>
            <TextEquiv>
                <Unicode>Propterea satius fuisset Gregorio Ariminensi Au
gustinum cum opinione communi flectere, sicut poterat, qua
extreme discedere dubie. ⁋ Tertio arguitur. plu-
est credendum multitudini quam paucitati: sed plures
sunt infideles quam fideles: ergo plus infidelibus cre
dendum est. Respondetur. quia no possum commod
paucis huic argumento satisfacere: circa materiam
illam integra quaestio sequens tractabitur.
⁋ Hactenus vidimus realiter aliquans
opiniones esse oppositas, &amp; non ad nomen: et per con
sequens non erat possibile domimno loanni Pico comple
re quod mente conceperat. Licitum est in materia fi
dei impertinenti tenere hanc partem vel illam si
ne vlla dei offensa. vtpote: quod quantitas distinguatur
a re quanta: vel non: &amp; sic in materia fidei quan-
do no constat vtra pars sit vera: sed sunt oculatis
mi viri contraria illic tenentes. Sed eruditi viri est
tenere in his omnibus viam apparentiorem: hoc est si
sit in materia fidei inniti fidei quantum fieri potest: &amp; in 
lumine naturali partem in lumine naturali apparen
tiorem insequi. Tenere enim nouas &amp; friuolas inuentie
nes ostentationis gratia, non arguit eruditum virum: sed va
num &amp; minus solidum. eruditus autem est qui rectiorem viam
in omnibus sequi nouit: &amp; inter opposita recte iudica
re: qui non minus est circa hoc laudandus quam prim
veri inuentor. decimi Ethicorum vltimo. teste phomo. Te
neatur pro doctrina tanquam esset celte in silice sculpta
quod in via morum modus certior est tenendus: qui eni se ex
ponit periculo peccati peccat. Quando autem sunt dua
opiniones de peccato &amp; non peccato, ambe convenien
tes in vno extremo de non peccato: &amp; dissentientes
inter se de alio extremo de peccato &amp; non peccato
vt verbi causa, dare beneficium idoneo relicto magis
idoneo secundum vnam positionem est peccatum: non autem se-
cundum oppositam: secundum vtramque non est peccatum dare be
neficium magis idoneo: Tunc dico, si sint tot sapien
tes vel pauio pauciores ( de statu in maximo nune
ro qui no: vel minimo qui sic: sapientis solius est iu-
dicare, dicentes illud esse peccatum: dare beneficium ido- 
neo magis idoneo relicto, est exponere se pericu
lo confundenti &amp; obtuenti peccati: &amp; viro imputabi
tur quicquid sit ex parte rei sine consultatione: &amp; a for
tiori si sint plures, non tamen semper habendus est oculus
ad multitudinem dicentium: sed sapientiam cum nunero con-
siderabis: quia sicut duos vel tres debiliores valet
vnus fortis: sic vnus oculatus materiam diligenter im-
quirens tres alios inferiores valet. Vlterius citius
imitabere opinionem communiorem sapientum: tam in
via morum qui assentiendi circa propositiones fidei in 
quo sensu sunt de fide. ⁋ Amplius dicebam duo-
bus modis in genere doctrinam ab ecclesia recipi
vno modo positiue. &amp; hoc trifariam. Primo modo im-
dubitanter ad sanguinem inclusiue: vt lex dei. Se
cundo modo recipitur doctrina cui nemo contra</Unicode>
            </TextEquiv>
        </TextRegion>
        <TextRegion orientation="0.0" id="TextRegion_1589115417590_337" custom="readingOrder {index:1;}">
            <Coords points="1281,323 2088,323 2088,2853 1281,2853"/>
            <TextLine id="r1l3" custom="readingOrder {index:0;}">
                <Coords points="1320,441 2080,464 2080,404 2032,399 1920,416 1321,390"/>
                <Baseline points="1325,437 1362,437 1400,435 1437,435 1475,437 1512,437 1550,437 1587,438 1625,439 1662,440 1700,441 1737,441 1775,443 1812,443 1850,444 1887,444 1925,444 1962,444 2000,444 2037,444 2075,443"/>
                <TextEquiv>
                    <Unicode>ire debet: sed eam exponere per alia tantae auctorita-</Unicode>
                </TextEquiv>
            </TextLine>
            <TextLine id="r1l5" custom="readingOrder {index:1;}">
                <Coords points="1320,493 1614,488 1656,507 1784,488 1834,508 2079,495 2087,466 1321,452"/>
                <Baseline points="1325,480 1362,480 1400,480 1438,482 1476,482 1514,482 1551,483 1589,483 1627,485 1665,485 1703,486 1740,486 1778,488 1816,488 1854,488 1892,488 1929,489 1967,489 2005,489 2043,489 2081,489"/>
                <TextEquiv>
                    <Unicode>tis: quando apparet vna pars prio aspectu extreme lo</Unicode>
                </TextEquiv>
            </TextLine>
            <TextLine id="r1l7" custom="readingOrder {index:2;}">
                <Coords points="1321,546 1466,528 1721,553 1828,528 2062,542 2078,495 2025,513 1965,494 1322,493"/>
                <Baseline points="1326,524 1363,524 1400,525 1437,525 1475,526 1512,527 1549,527 1587,528 1624,528 1661,529 1699,530 1736,530 1773,531 1810,531 1848,533 1885,533 1922,533 1960,534 1997,534 2034,534 2072,534"/>
                <TextEquiv>
                    <Unicode>qui contra vnam putata a sapientibus veritatem. hoc modo</Unicode>
                </TextEquiv>
            </TextLine>
            <TextLine id="r1l9" custom="readingOrder {index:3;}">
                <Coords points="1317,576 1989,596 2081,586 2082,551 1409,529 1318,546"/>
                <Baseline points="1322,570 1359,569 1397,569 1435,569 1472,569 1510,570 1548,570 1585,572 1623,572 1661,573 1699,574 1736,575 1774,576 1812,576 1849,578 1887,578 1925,579 1962,579 2000,579 2038,579 2076,578"/>
                <TextEquiv>
                    <Unicode>recipiuntur decretales: Sextus, &amp; Clementinae. Ter</Unicode>
                </TextEquiv>
            </TextLine>
            <TextLine id="r1l11" custom="readingOrder {index:4;}">
                <Coords points="1319,621 2092,639 2093,591 2053,583 1320,577"/>
                <Baseline points="1325,612 1363,612 1401,612 1439,614 1477,614 1515,615 1553,615 1591,616 1629,617 1667,618 1706,618 1744,620 1782,620 1820,621 1858,621 1896,623 1934,623 1972,623 2010,623 2048,623 2087,623"/>
                <TextEquiv>
                    <Unicode>tio modo recipiuntur sanctorum scripta, de quibus Ge</Unicode>
                </TextEquiv>
            </TextLine>
            <TextLine id="r1l13" custom="readingOrder {index:5;}">
                <Coords points="1324,668 2093,677 2093,639 2044,629 1649,643 1616,622 1324,622"/>
                <Baseline points="1329,659 1368,659 1408,659 1448,659 1488,659 1528,660 1568,660 1608,661 1648,662 1688,663 1728,663 1768,665 1808,665 1848,666 1888,666 1928,668 1968,668 2008,668 2048,668 2088,668"/>
                <TextEquiv>
                    <Unicode>lasius papa loquitur in xv. distinctione. Scta Roma</Unicode>
                </TextEquiv>
            </TextLine>
            <TextLine id="r1l15" custom="readingOrder {index:6;}">
                <Coords points="1320,712 2092,720 2092,677 2039,672 1929,691 1320,666"/>
                <Baseline points="1325,702 1363,704 1401,704 1439,704 1477,705 1515,705 1553,705 1591,707 1629,707 1667,708 1706,708 1744,708 1782,710 1820,710 1858,710 1896,711 1934,711 1972,713 2010,713 2048,713 2087,714"/>
                <TextEquiv>
                    <Unicode>na ecclesia. Quae scripta definitionibus pontificum</Unicode>
                </TextEquiv>
            </TextLine>
            <TextLine id="r1l17" custom="readingOrder {index:7;}">
                <Coords points="1320,767 2083,764 2083,721 1320,719"/>
                <Baseline points="1325,750 1362,749 1400,749 1437,749 1475,749 1513,749 1550,750 1588,750 1626,751 1663,752 1701,752 1739,753 1776,753 1814,755 1852,755 1889,755 1927,756 1965,756 2002,756 2040,756 2078,756"/>
                <TextEquiv>
                    <Unicode>postponenda puto: cum scripta pontificum a mul</Unicode>
                </TextEquiv>
            </TextLine>
            <TextLine id="r1l20" custom="readingOrder {index:8;}">
                <Coords points="1323,799 2077,823 2078,764 1323,765"/>
                <Baseline points="1328,792 1365,792 1402,791 1439,791 1477,792 1514,792 1551,794 1588,794 1626,795 1663,795 1700,797 1737,798 1775,798 1812,800 1849,801 1886,801 1924,801 1961,801 1998,801 2035,801 2073,800"/>
                <TextEquiv>
                    <Unicode>tis sapientibus sint condita: &amp; iam per ignem &amp;</Unicode>
                </TextEquiv>
            </TextLine>
            <TextLine id="r1l22" custom="readingOrder {index:9;}">
                <Coords points="1321,847 2075,850 2075,822 1925,807 1321,812"/>
                <Baseline points="1326,836 1363,836 1400,837 1437,837 1474,837 1512,839 1549,839 1586,840 1623,840 1660,841 1698,842 1735,843 1772,843 1809,844 1846,845 1884,845 1921,845 1958,846 1995,846 2032,846 2070,845"/>
                <TextEquiv>
                    <Unicode>aquam pro magna parte sint exposita. In hoc ter-</Unicode>
                </TextEquiv>
            </TextLine>
            <TextLine id="r1l24" custom="readingOrder {index:10;}">
                <Coords points="1323,887 2074,899 2075,850 1324,847"/>
                <Baseline points="1328,879 1365,881 1402,881 1439,881 1476,882 1513,882 1550,884 1587,884 1624,885 1661,885 1698,887 1735,887 1772,887 1809,888 1846,888 1883,890 1920,890 1957,890 1994,891 2031,891 2069,891"/>
                <TextEquiv>
                    <Unicode>tio gradu / quando doctores sacri sibi contradicunt, si</Unicode>
                </TextEquiv>
            </TextLine>
            <TextLine id="r1l26" custom="readingOrder {index:11;}">
                <Coords points="1338,933 2026,955 2077,938 2078,896 1339,902"/>
                <Baseline points="1343,926 1379,926 1415,926 1452,926 1488,927 1525,927 1561,929 1598,929 1634,929 1671,930 1707,932 1743,932 1780,933 1816,933 1853,934 1889,935 1926,935 1962,935 1999,935 2035,935 2072,935"/>
                <TextEquiv>
                    <Unicode>vterque modus est nobis aeque apparens vel pau-</Unicode>
                </TextEquiv>
            </TextLine>
            <TextLine id="r1l28" custom="readingOrder {index:12;}">
                <Coords points="1330,973 2083,996 2084,936 1948,955 1331,935"/>
                <Baseline points="1335,968 1372,969 1409,971 1446,971 1483,972 1520,972 1557,974 1595,974 1632,975 1669,975 1706,975 1743,976 1780,977 1817,977 1855,977 1892,978 1929,978 1966,978 2003,978 2040,980 2078,980"/>
                <TextEquiv>
                    <Unicode>lo minus apparens: possumus hunc modum vel</Unicode>
                </TextEquiv>
            </TextLine>
            <TextLine id="r1l30" custom="readingOrder {index:13;}">
                <Coords points="1320,1019 2080,1032 2080,998 2002,985 1729,999 1320,974"/>
                <Baseline points="1325,1014 1362,1014 1400,1014 1437,1016 1475,1016 1512,1016 1550,1017 1587,1017 1625,1019 1662,1019 1700,1020 1737,1020 1775,1020 1812,1022 1850,1022 1887,1022 1925,1023 1962,1023 2000,1023 2037,1023 2075,1023"/>
                <TextEquiv>
                    <Unicode>illum insequi. Permissiue autem aliqui recipiuntur</Unicode>
                </TextEquiv>
            </TextLine>
            <TextLine id="r1l32" custom="readingOrder {index:14;}">
                <Coords points="1327,1074 1762,1066 1961,1090 2077,1073 2078,1030 1328,1026"/>
                <Baseline points="1332,1059 1369,1059 1406,1059 1443,1061 1480,1061 1517,1061 1554,1061 1591,1062 1628,1062 1665,1064 1702,1064 1739,1065 1776,1065 1813,1067 1850,1067 1887,1067 1924,1068 1961,1068 1998,1067 2035,1067 2072,1067"/>
                <TextEquiv>
                    <Unicode>quorum scripta non positiue ab ecclesia approban-</Unicode>
                </TextEquiv>
            </TextLine>
            <TextLine id="r1l34" custom="readingOrder {index:15;}">
                <Coords points="1320,1108 2069,1131 2084,1076 1320,1072"/>
                <Baseline points="1325,1101 1362,1103 1400,1103 1437,1103 1475,1104 1513,1106 1550,1106 1588,1107 1626,1108 1663,1109 1701,1109 1739,1110 1776,1110 1814,1112 1852,1112 1889,1112 1927,1112 1965,1112 2002,1112 2040,1112 2078,1112"/>
                <TextEquiv>
                    <Unicode>tur: solent tamen tam in schola quam in sermone in veri-</Unicode>
                </TextEquiv>
            </TextLine>
            <TextLine id="r1l36" custom="readingOrder {index:16;}">
                <Coords points="1327,1154 1949,1178 2082,1165 2083,1125 1327,1108"/>
                <Baseline points="1332,1145 1369,1146 1406,1148 1443,1148 1481,1149 1518,1149 1555,1151 1593,1151 1630,1152 1667,1152 1705,1152 1742,1154 1779,1154 1816,1154 1854,1155 1891,1155 1928,1155 1966,1155 2003,1157 2040,1157 2078,1158"/>
                <TextEquiv>
                    <Unicode>tatis testimonium addunci: quorum aliquos licet</Unicode>
                </TextEquiv>
            </TextLine>
            <TextLine id="r1l38" custom="readingOrder {index:17;}">
                <Coords points="1321,1199 2080,1207 2080,1165 2051,1162 1747,1176 1321,1154"/>
                <Baseline points="1326,1190 1363,1190 1400,1191 1438,1192 1475,1193 1513,1193 1550,1194 1588,1194 1625,1196 1663,1196 1700,1197 1737,1197 1775,1199 1812,1199 1850,1199 1887,1200 1925,1200 1962,1200 2000,1200 2037,1200 2075,1200"/>
                <TextEquiv>
                    <Unicode>minus doctos negare non cosueuimus: vt Cassia</Unicode>
                </TextEquiv>
            </TextLine>
            <TextLine id="r1l40" custom="readingOrder {index:18;}">
                <Coords points="1330,1243 2083,1252 2063,1207 1330,1204"/>
                <Baseline points="1335,1235 1372,1236 1409,1236 1446,1236 1483,1237 1520,1238 1557,1238 1595,1239 1632,1239 1669,1241 1706,1241 1743,1241 1780,1242 1817,1242 1855,1244 1892,1244 1929,1244 1966,1244 2003,1245 2040,1245 2078,1245"/>
                <TextEquiv>
                    <Unicode>num: beatum Anselmum: magistrum Sententiarum</Unicode>
                </TextEquiv>
            </TextLine>
            <TextLine id="r1l42" custom="readingOrder {index:19;}">
                <Coords points="1321,1285 2075,1298 2063,1252 1321,1251"/>
                <Baseline points="1326,1280 1363,1280 1400,1280 1437,1281 1474,1281 1512,1281 1549,1283 1586,1283 1623,1284 1660,1284 1698,1286 1735,1286 1772,1287 1809,1287 1846,1289 1884,1289 1921,1289 1958,1289 1995,1290 2032,1289 2070,1289"/>
                <TextEquiv>
                    <Unicode>extra eius errores communes. Aliis autem quo ad</Unicode>
                </TextEquiv>
            </TextLine>
            <TextLine id="r1l44" custom="readingOrder {index:20;}">
                <Coords points="1324,1330 1877,1355 2084,1342 2085,1300 1325,1288"/>
                <Baseline points="1329,1325 1366,1325 1404,1325 1441,1326 1479,1326 1516,1327 1554,1328 1591,1328 1629,1329 1666,1329 1704,1331 1741,1331 1779,1332 1816,1332 1854,1334 1891,1334 1929,1334 1966,1334 2004,1334 2041,1334 2079,1334"/>
                <TextEquiv>
                    <Unicode>hoc vt non negentur, non est concessa haec auctoritas:</Unicode>
                </TextEquiv>
            </TextLine>
            <TextLine id="r1l46" custom="readingOrder {index:21;}">
                <Coords points="1323,1375 2081,1390 2082,1351 2050,1340 1324,1340"/>
                <Baseline points="1328,1368 1365,1368 1402,1369 1440,1370 1477,1370 1515,1371 1552,1371 1589,1372 1627,1373 1664,1373 1702,1374 1739,1374 1776,1376 1814,1376 1851,1376 1889,1377 1926,1377 1963,1378 2001,1379 2038,1379 2076,1379"/>
                <TextEquiv>
                    <Unicode>multo tamen maior ob rationes bonas &amp; multa</Unicode>
                </TextEquiv>
            </TextLine>
            <TextLine id="r1l48" custom="readingOrder {index:22;}">
                <Coords points="1321,1420 2043,1432 2071,1430 2072,1386 1322,1389"/>
                <Baseline points="1326,1412 1363,1413 1400,1413 1437,1414 1474,1415 1511,1416 1548,1416 1585,1416 1622,1418 1659,1418 1696,1419 1733,1419 1770,1419 1807,1421 1844,1421 1881,1421 1918,1422 1955,1422 1992,1422 2029,1422 2066,1422"/>
                <TextEquiv>
                    <Unicode>egregie determinata in materia ancipiti. Finaliter</Unicode>
                </TextEquiv>
            </TextLine>
            <TextLine id="r1l50" custom="readingOrder {index:23;}">
                <Coords points="1326,1468 1973,1484 2087,1476 2088,1432 1327,1420"/>
                <Baseline points="1332,1457 1369,1457 1407,1458 1444,1458 1482,1459 1519,1460 1557,1460 1594,1461 1632,1462 1669,1463 1707,1464 1744,1464 1782,1465 1819,1466 1857,1466 1894,1467 1932,1467 1969,1467 2007,1467 2044,1466 2082,1466"/>
                <TextEquiv>
                    <Unicode>si ad curatum accedat aliquis cum casu aliquo quem iudi</Unicode>
                </TextEquiv>
            </TextLine>
            <TextLine id="r1l52" custom="readingOrder {index:24;}">
                <Coords points="1323,1513 1974,1525 2071,1520 2072,1483 1324,1469"/>
                <Baseline points="1328,1502 1364,1502 1401,1502 1438,1503 1475,1503 1512,1504 1549,1505 1586,1505 1623,1506 1660,1506 1697,1508 1733,1508 1770,1509 1807,1509 1844,1510 1881,1511 1918,1511 1955,1511 1992,1511 2029,1512 2066,1512"/>
                <TextEquiv>
                    <Unicode>cio multorum prudentum intellexit licitum: licet curatus</Unicode>
                </TextEquiv>
            </TextLine>
            <TextLine id="r1l54" custom="readingOrder {index:25;}">
                <Coords points="1317,1558 1974,1572 2084,1562 2085,1518 1318,1520"/>
                <Baseline points="1322,1547 1359,1547 1397,1547 1435,1547 1473,1547 1511,1548 1549,1548 1586,1550 1624,1550 1662,1551 1700,1553 1738,1553 1776,1554 1814,1554 1851,1556 1889,1556 1927,1557 1965,1557 2003,1557 2041,1557 2079,1556"/>
                <TextEquiv>
                    <Unicode>antea oppositum tenuerit, mutet propositum &amp; se con</Unicode>
                </TextEquiv>
            </TextLine>
            <TextLine id="r1l56" custom="readingOrder {index:26;}">
                <Coords points="1314,1591 2090,1617 2091,1562 1315,1560"/>
                <Baseline points="1319,1589 1357,1589 1395,1590 1433,1590 1472,1592 1510,1592 1548,1593 1587,1594 1625,1595 1663,1596 1702,1596 1740,1598 1778,1598 1816,1598 1855,1599 1893,1599 1931,1599 1970,1601 2008,1601 2046,1601 2085,1601"/>
                <TextEquiv>
                    <Unicode>formet iudicio multorum: quorum forte aliqui melius in </Unicode>
                </TextEquiv>
            </TextLine>
            <TextLine id="r1l58" custom="readingOrder {index:27;}">
                <Coords points="1327,1646 2083,1651 2083,1611 2052,1606 1327,1604"/>
                <Baseline points="1332,1634 1369,1635 1406,1635 1443,1636 1481,1637 1518,1638 1555,1638 1593,1640 1630,1640 1667,1641 1705,1642 1742,1643 1779,1643 1816,1644 1854,1644 1891,1644 1928,1644 1966,1646 2003,1646 2040,1644 2078,1644"/>
                <TextEquiv>
                    <Unicode>telligunt quam ipse. alioquin stulte negabit actum iusti-</Unicode>
                </TextEquiv>
            </TextLine>
            <TextLine id="r1l60" custom="readingOrder {index:28;}">
                <Coords points="1330,1683 1987,1712 2083,1699 2084,1651 1330,1647"/>
                <Baseline points="1335,1679 1372,1679 1409,1680 1446,1681 1483,1682 1521,1682 1558,1683 1595,1684 1632,1685 1669,1686 1707,1686 1744,1686 1781,1688 1818,1688 1855,1688 1893,1688 1930,1689 1967,1689 2004,1689 2041,1689 2079,1689"/>
                <TextEquiv>
                    <Unicode>tiae debitae suo subdito. Similiter iudex procedat</Unicode>
                </TextEquiv>
            </TextLine>
            <TextLine id="r1l62" custom="readingOrder {index:29;}">
                <Coords points="1326,1733 1623,1732 1664,1752 2075,1736 2075,1705 2034,1701 1327,1684"/>
                <Baseline points="1331,1722 1369,1724 1408,1724 1447,1725 1486,1726 1525,1727 1564,1728 1603,1728 1642,1730 1681,1730 1719,1731 1758,1732 1797,1733 1836,1733 1875,1734 1914,1734 1953,1734 1992,1734 2031,1734 2070,1733"/>
                <TextEquiv>
                    <Unicode>secundum allegata &amp; probata: &amp; si sententiae op-</Unicode>
                </TextEquiv>
            </TextLine>
            <TextLine id="r1l64" custom="readingOrder {index:30;}">
                <Coords points="1334,1774 2086,1788 2068,1736 1335,1740"/>
                <Baseline points="1340,1767 1377,1769 1414,1769 1451,1770 1488,1770 1525,1771 1562,1772 1599,1773 1636,1773 1673,1774 1710,1775 1747,1775 1784,1776 1821,1776 1858,1778 1895,1778 1932,1778 1969,1778 2006,1778 2043,1779 2081,1779"/>
                <TextEquiv>
                    <Unicode>positae fuerit: suam conscientiam deponat: quia si iudi</Unicode>
                </TextEquiv>
            </TextLine>
            <TextLine id="r1l66" custom="readingOrder {index:31;}">
                <Coords points="1314,1814 2083,1832 2083,1793 2047,1785 1314,1787"/>
                <Baseline points="1319,1812 1358,1814 1398,1814 1438,1814 1478,1815 1518,1815 1558,1816 1598,1817 1638,1818 1678,1818 1718,1820 1758,1820 1798,1820 1838,1821 1878,1822 1918,1823 1958,1823 1998,1823 2038,1824 2078,1824"/>
                <TextEquiv>
                    <Unicode>cet se male agere condemnando innocentem, &amp; credat</Unicode>
                </TextEquiv>
            </TextLine>
            <TextLine id="r1l68" custom="readingOrder {index:32;}">
                <Coords points="1325,1874 2052,1888 2077,1882 2078,1834 1326,1828"/>
                <Baseline points="1331,1857 1368,1857 1405,1857 1442,1859 1479,1859 1516,1860 1553,1860 1590,1860 1627,1862 1664,1862 1701,1863 1738,1864 1775,1865 1812,1865 1849,1866 1886,1866 1923,1868 1960,1868 1997,1868 2034,1869 2072,1869"/>
                <TextEquiv>
                    <Unicode>opinionem plunum falsam: &amp; velit communiori opi</Unicode>
                </TextEquiv>
            </TextLine>
            <TextLine id="r1l70" custom="readingOrder {index:33;}">
                <Coords points="1317,1911 2067,1931 2085,1880 1318,1863"/>
                <Baseline points="1322,1899 1359,1901 1397,1902 1435,1902 1473,1904 1511,1905 1549,1905 1586,1907 1624,1907 1662,1907 1700,1908 1738,1908 1776,1908 1814,1910 1851,1910 1889,1910 1927,1911 1965,1911 2003,1911 2041,1913 2079,1913"/>
                <TextEquiv>
                    <Unicode>nioni se conformare in exequutione iustitiae contra</Unicode>
                </TextEquiv>
            </TextLine>
            <TextLine id="r1l72" custom="readingOrder {index:34;}">
                <Coords points="1314,1956 2084,1963 2074,1927 1314,1909"/>
                <Baseline points="1319,1944 1357,1944 1395,1946 1433,1946 1471,1947 1509,1947 1547,1949 1585,1949 1623,1950 1661,1952 1699,1952 1737,1953 1775,1954 1813,1955 1851,1955 1889,1956 1927,1956 1965,1956 2003,1956 2041,1956 2079,1955"/>
                <TextEquiv>
                    <Unicode>suam conscientiam, peccat. vtrobique enim suae con-</Unicode>
                </TextEquiv>
            </TextLine>
            <TextLine id="r1l74" custom="readingOrder {index:35;}">
                <Coords points="1330,1993 2074,2015 2075,1967 1331,1951"/>
                <Baseline points="1335,1988 1371,1989 1408,1990 1445,1991 1481,1992 1518,1994 1555,1994 1591,1995 1628,1995 1665,1997 1702,1997 1738,1998 1775,1998 1812,1998 1848,1999 1885,2000 1922,2000 1958,2000 1995,2000 2032,2000 2069,2001"/>
                <TextEquiv>
                    <Unicode>scientiae contraueniens peccat. &amp; ratio est: quia facit il-</Unicode>
                </TextEquiv>
            </TextLine>
            <TextLine id="r1l76" custom="readingOrder {index:36;}">
                <Coords points="1317,2038 2068,2060 2052,2007 1318,1996"/>
                <Baseline points="1322,2031 1359,2033 1396,2034 1433,2034 1470,2036 1507,2037 1544,2037 1581,2039 1618,2039 1655,2040 1692,2040 1729,2042 1766,2042 1803,2043 1840,2043 1877,2043 1914,2045 1951,2045 1988,2045 2025,2045 2063,2046"/>
                <TextEquiv>
                    <Unicode>lud quod iudicat esse iniquum: &amp; omnis talis inique agit.</Unicode>
                </TextEquiv>
            </TextLine>
            <TextLine id="r1l78" custom="readingOrder {index:37;}">
                <Coords points="1313,2099 1413,2081 1466,2103 1858,2091 2029,2112 2080,2106 2081,2059 1314,2041"/>
                <Baseline points="1319,2076 1356,2077 1394,2078 1432,2079 1470,2081 1508,2082 1545,2082 1583,2082 1621,2084 1659,2084 1697,2085 1734,2085 1772,2087 1810,2087 1848,2087 1886,2088 1923,2088 1961,2089 1999,2090 2037,2090 2075,2091"/>
                <TextEquiv>
                    <Unicode>Nihil est quod aliqui dicut: potest contrauenire suae</Unicode>
                </TextEquiv>
            </TextLine>
            <TextLine id="r1l80" custom="readingOrder {index:38;}">
                <Coords points="1317,2129 1630,2150 1877,2134 1960,2158 2080,2142 2080,2109 1969,2095 1466,2103 1414,2081 1317,2099"/>
                <Baseline points="1322,2123 1359,2123 1397,2124 1434,2125 1472,2126 1510,2126 1547,2127 1585,2127 1623,2129 1660,2129 1698,2130 1736,2130 1773,2131 1811,2132 1849,2132 1886,2133 1924,2133 1962,2135 1999,2135 2037,2136 2075,2136"/>
                <TextEquiv>
                    <Unicode>conscientiae vt persona priuata: non autem vt persona pu</Unicode>
                </TextEquiv>
            </TextLine>
            <TextLine id="r1l82" custom="readingOrder {index:39;}">
                <Coords points="1329,2185 1979,2198 2068,2193 2069,2155 1330,2135"/>
                <Baseline points="1334,2166 1370,2168 1406,2168 1443,2169 1479,2169 1516,2171 1552,2171 1589,2172 1625,2172 1662,2174 1698,2174 1734,2175 1771,2175 1807,2176 1844,2177 1880,2177 1917,2177 1953,2178 1990,2178 2026,2178 2063,2178"/>
                <TextEquiv>
                    <Unicode>blica. Ille ei homo licet sit persona priuata quo ad</Unicode>
                </TextEquiv>
            </TextLine>
            <TextLine id="r1l84" custom="readingOrder {index:40;}">
                <Coords points="1324,2219 2080,2239 2080,2196 2015,2183 1324,2187"/>
                <Baseline points="1329,2210 1366,2211 1403,2213 1440,2213 1478,2214 1515,2214 1552,2216 1590,2216 1627,2217 1664,2217 1702,2219 1739,2219 1776,2220 1813,2220 1851,2220 1888,2222 1925,2222 1963,2222 2000,2222 2037,2223 2075,2223"/>
                <TextEquiv>
                    <Unicode>aliquas operationes: &amp; publica quo ad alias: non ha</Unicode>
                </TextEquiv>
            </TextLine>
            <TextLine id="r1l86" custom="readingOrder {index:41;}">
                <Coords points="1322,2274 2039,2277 2077,2274 2078,2234 1323,2220"/>
                <Baseline points="1328,2256 1365,2256 1402,2258 1439,2258 1476,2259 1514,2259 1551,2260 1588,2261 1625,2262 1662,2262 1700,2262 1737,2264 1774,2264 1811,2265 1848,2265 1886,2265 1923,2267 1960,2267 1997,2267 2034,2267 2072,2267"/>
                <TextEquiv>
                    <Unicode>bet nisi vnam conscientia: nec potest habere iudicia</Unicode>
                </TextEquiv>
            </TextLine>
            <TextLine id="r1l88" custom="readingOrder {index:42;}">
                <Coords points="1321,2309 2013,2332 2083,2319 2084,2271 1322,2274"/>
                <Baseline points="1326,2300 1363,2300 1401,2301 1438,2303 1476,2303 1514,2304 1551,2305 1589,2306 1626,2306 1664,2307 1702,2307 1739,2309 1777,2309 1814,2310 1852,2310 1890,2310 1927,2312 1965,2312 2002,2312 2040,2312 2078,2313"/>
                <TextEquiv>
                    <Unicode>contraria. itaque si iudicet quod est male actum illum scitum</Unicode>
                </TextEquiv>
            </TextLine>
            <TextLine id="r1l90" custom="readingOrder {index:43;}">
                <Coords points="1327,2356 2080,2371 2065,2317 1328,2309"/>
                <Baseline points="1332,2345 1369,2346 1406,2346 1443,2348 1480,2348 1517,2349 1554,2349 1592,2349 1629,2351 1666,2351 1703,2352 1740,2352 1777,2352 1814,2354 1852,2354 1889,2355 1926,2355 1963,2355 2000,2357 2037,2357 2075,2358"/>
                <TextEquiv>
                    <Unicode>innocentem damnare: contraueniendo peccat. Omne</Unicode>
                </TextEquiv>
            </TextLine>
            <TextLine id="r1l92" custom="readingOrder {index:44;}">
                <Coords points="1317,2401 2060,2419 2070,2376 1318,2356"/>
                <Baseline points="1322,2390 1359,2390 1396,2391 1433,2391 1470,2393 1507,2393 1544,2394 1581,2394 1618,2396 1655,2396 1693,2397 1730,2397 1767,2397 1804,2399 1841,2399 1878,2399 1915,2400 1952,2400 1989,2400 2026,2402 2064,2402"/>
                <TextEquiv>
                    <Unicode>enim quod non est ex fide peccatum est. hoc est contra con</Unicode>
                </TextEquiv>
            </TextLine>
            <TextLine id="r1l94" custom="readingOrder {index:45;}">
                <Coords points="1315,2440 2080,2453 2080,2415 2010,2404 1315,2403"/>
                <Baseline points="1320,2435 1357,2435 1395,2436 1433,2436 1471,2436 1508,2438 1546,2438 1584,2439 1622,2439 1659,2439 1697,2441 1735,2441 1773,2441 1810,2442 1848,2442 1886,2443 1924,2444 1961,2444 1999,2444 2037,2444 2075,2445"/>
                <TextEquiv>
                    <Unicode>scientiam. Ad Romanos. xiiii. Si vero iudicet istum</Unicode>
                </TextEquiv>
            </TextLine>
            <TextLine id="r1l96" custom="readingOrder {index:46;}">
                <Coords points="1321,2483 2075,2504 2066,2446 1995,2466 1322,2446"/>
                <Baseline points="1326,2480 1363,2480 1400,2481 1437,2481 1474,2481 1512,2483 1549,2483 1586,2483 1623,2484 1660,2484 1698,2484 1735,2486 1772,2486 1809,2486 1846,2487 1884,2487 1921,2487 1958,2487 1995,2489 2032,2489 2070,2489"/>
                <TextEquiv>
                    <Unicode>esse innocentem: &amp; eo non obstante debet debito necessi</Unicode>
                </TextEquiv>
            </TextLine>
            <TextLine id="r1l98" custom="readingOrder {index:47;}">
                <Coords points="1326,2532 2075,2551 2076,2508 1327,2486"/>
                <Baseline points="1331,2523 1369,2525 1408,2526 1447,2526 1486,2526 1525,2528 1564,2528 1603,2529 1642,2529 1681,2529 1719,2529 1758,2531 1797,2531 1836,2531 1875,2532 1914,2532 1953,2532 1992,2532 2031,2534 2070,2534"/>
                <TextEquiv>
                    <Unicode>tatis vel congruitatis hunc damnare: non male</Unicode>
                </TextEquiv>
            </TextLine>
            <TextLine id="r1l100" custom="readingOrder {index:48;}">
                <Coords points="1327,2575 2009,2597 2073,2585 2074,2551 1327,2531"/>
                <Baseline points="1332,2567 1368,2568 1405,2570 1442,2570 1479,2571 1516,2573 1553,2573 1589,2573 1626,2574 1663,2574 1700,2574 1737,2576 1774,2576 1811,2576 1847,2576 1884,2576 1921,2576 1958,2576 1995,2576 2032,2576 2069,2577"/>
                <TextEquiv>
                    <Unicode>agit in hoc, nec suae conscientiae contrauenit. quia</Unicode>
                </TextEquiv>
            </TextLine>
            <TextLine id="r1l102" custom="readingOrder {index:49;}">
                <Coords points="1321,2622 1833,2621 1885,2641 1947,2623 2070,2646 2071,2584 1601,2576 1526,2597 1321,2575"/>
                <Baseline points="1326,2612 1363,2613 1400,2613 1437,2615 1474,2615 1511,2616 1548,2616 1585,2617 1622,2618 1659,2618 1696,2618 1733,2618 1770,2619 1807,2619 1844,2619 1881,2619 1918,2621 1955,2621 1992,2621 2029,2622 2066,2622"/>
                <TextEquiv>
                    <Unicode>facere contra conscientiam est facere contra dictamen</Unicode>
                </TextEquiv>
            </TextLine>
            <TextLine id="r1l104" custom="readingOrder {index:50;}">
                <Coords points="1324,2673 2075,2673 2075,2647 2034,2629 1325,2628"/>
                <Baseline points="1329,2657 1366,2657 1403,2658 1440,2659 1477,2660 1514,2660 1551,2661 1588,2661 1625,2661 1662,2661 1699,2663 1736,2663 1773,2663 1810,2663 1847,2663 1884,2663 1921,2664 1958,2664 1995,2664 2032,2665 2070,2666"/>
                <TextEquiv>
                    <Unicode>practicum de aliquo faciendo vel non faciendo. </Unicode>
                </TextEquiv>
            </TextLine>
            <TextLine id="r1l106" custom="readingOrder {index:51;}">
                <Coords points="1324,2711 2072,2719 2055,2674 1324,2672"/>
                <Baseline points="1329,2702 1365,2702 1402,2703 1439,2703 1476,2703 1513,2704 1550,2705 1587,2705 1624,2705 1661,2706 1698,2706 1734,2706 1771,2708 1808,2708 1845,2708 1882,2708 1919,2708 1956,2709 1993,2709 2030,2709 2067,2709"/>
                <TextEquiv>
                    <Unicode>Si dubitet an male agat illum damnando, adhuc male</Unicode>
                </TextEquiv>
            </TextLine>
            <TextLine id="r1l108" custom="readingOrder {index:52;}">
                <Coords points="1320,2751 2065,2774 2065,2721 1321,2711"/>
                <Baseline points="1325,2745 1361,2747 1398,2747 1435,2748 1472,2748 1508,2748 1545,2750 1582,2750 1619,2750 1655,2750 1692,2750 1729,2750 1766,2750 1802,2750 1839,2751 1876,2751 1913,2751 1949,2751 1986,2753 2023,2753 2060,2754"/>
                <TextEquiv>
                    <Unicode>agit, quemadmodum asserens astra esse paria &amp; non</Unicode>
                </TextEquiv>
            </TextLine>
            <TextLine id="r1l110" custom="readingOrder {index:53;}">
                <Coords points="1317,2797 1698,2800 1721,2819 1826,2798 2017,2826 2067,2822 2068,2775 1317,2755"/>
                <Baseline points="1322,2790 1359,2792 1396,2792 1433,2792 1470,2793 1507,2793 1544,2793 1581,2795 1618,2795 1655,2795 1692,2795 1729,2796 1766,2796 1803,2796 1840,2796 1877,2796 1914,2798 1951,2798 1988,2798 2025,2799 2063,2799"/>
                <TextEquiv>
                    <Unicode>assentiens in mente sicut profert, mentitur: multo mi</Unicode>
                </TextEquiv>
            </TextLine>
            <TextLine id="r1l112" custom="readingOrder {index:54;}">
                <Coords points="1318,2864 1877,2872 1877,2809 1319,2802"/>
                <Baseline points="1323,2835 1350,2837 1377,2838 1405,2838 1432,2838 1460,2840 1487,2840 1515,2841 1542,2841 1570,2841 1597,2841 1624,2843 1652,2843 1679,2843 1707,2843 1734,2843 1762,2843 1789,2841 1817,2841 1844,2841 1872,2840"/>
                <TextEquiv>
                    <Unicode>nus tamen quam si opposito assentiret.</Unicode>
                </TextEquiv>
            </TextLine>
            <TextEquiv>
                <Unicode>ire debet: sed eam exponere per alia tantae auctorita-
tis: quando apparet vna pars prio aspectu extreme lo
qui contra vnam putata a sapientibus veritatem. hoc modo
recipiuntur decretales: Sextus, &amp; Clementinae. Ter
tio modo recipiuntur sanctorum scripta, de quibus Ge
lasius papa loquitur in xv. distinctione. Scta Roma
na ecclesia. Quae scripta definitionibus pontificum
postponenda puto: cum scripta pontificum a mul
tis sapientibus sint condita: &amp; iam per ignem &amp;
aquam pro magna parte sint exposita. In hoc ter-
tio gradu / quando doctores sacri sibi contradicunt, si
vterque modus est nobis aeque apparens vel pau-
lo minus apparens: possumus hunc modum vel
illum insequi. Permissiue autem aliqui recipiuntur
quorum scripta non positiue ab ecclesia approban-
tur: solent tamen tam in schola quam in sermone in veri-
tatis testimonium addunci: quorum aliquos licet
minus doctos negare non cosueuimus: vt Cassia
num: beatum Anselmum: magistrum Sententiarum
extra eius errores communes. Aliis autem quo ad
hoc vt non negentur, non est concessa haec auctoritas:
multo tamen maior ob rationes bonas &amp; multa
egregie determinata in materia ancipiti. Finaliter
si ad curatum accedat aliquis cum casu aliquo quem iudi
cio multorum prudentum intellexit licitum: licet curatus
antea oppositum tenuerit, mutet propositum &amp; se con
formet iudicio multorum: quorum forte aliqui melius in 
telligunt quam ipse. alioquin stulte negabit actum iusti-
tiae debitae suo subdito. Similiter iudex procedat
secundum allegata &amp; probata: &amp; si sententiae op-
positae fuerit: suam conscientiam deponat: quia si iudi
cet se male agere condemnando innocentem, &amp; credat
opinionem plunum falsam: &amp; velit communiori opi
nioni se conformare in exequutione iustitiae contra
suam conscientiam, peccat. vtrobique enim suae con-
scientiae contraueniens peccat. &amp; ratio est: quia facit il-
lud quod iudicat esse iniquum: &amp; omnis talis inique agit.
Nihil est quod aliqui dicut: potest contrauenire suae
conscientiae vt persona priuata: non autem vt persona pu
blica. Ille ei homo licet sit persona priuata quo ad
aliquas operationes: &amp; publica quo ad alias: non ha
bet nisi vnam conscientia: nec potest habere iudicia
contraria. itaque si iudicet quod est male actum illum scitum
innocentem damnare: contraueniendo peccat. Omne
enim quod non est ex fide peccatum est. hoc est contra con
scientiam. Ad Romanos. xiiii. Si vero iudicet istum
esse innocentem: &amp; eo non obstante debet debito necessi
tatis vel congruitatis hunc damnare: non male
agit in hoc, nec suae conscientiae contrauenit. quia
facere contra conscientiam est facere contra dictamen
practicum de aliquo faciendo vel non faciendo. 
Si dubitet an male agat illum damnando, adhuc male
agit, quemadmodum asserens astra esse paria &amp; non
assentiens in mente sicut profert, mentitur: multo mi
nus tamen quam si opposito assentiret.</Unicode>
            </TextEquiv>
        </TextRegion>
    </Page>
</PcGts>
