2321 3328
469 316 1220 374 ea Tartati & alii excusati a cultu latriae: cum summum
478 363 1214 425 cultum illi tribuant: cui tribuere non deberent: sed
471 407 1217 457 tenentur sapientum monitis acquiescere. Pronunc
478 451 1208 500 supponitur quod corpus Curisti est colendum cultu la
472 499 1210 544 triae & non hyperduliae: licet difficultas sit verba
472 540 1220 598 lis: vt in nona distinctione tertii prolixius dedu-
466 581 1225 642 cemus: & sic crux Curisti & species assistentes in
465 629 1210 679 Eucharistia coli possunt. plebs tamen non tenetu
474 675 1219 733 exacte scire distinctionem inter corpus Curisti &
471 718 1222 770 species. Contra hoc arguitur. dicitur quod sacerdos
465 761 1217 815 debet consecrare: & non leuare hostiam non conse-
471 808 1222 863 cratam: ne populum ad idololatriam cogat: & per
469 853 1220 902 consequens categorice adorans si cultu latriae co-
457 895 1216 945 lat panem, peccat. Respondetur. de communi mo
465 938 1214 999 do loquendi non est vis. Sacerdos enim dat occasio
465 985 1216 1031 nem populo quantum est de se. hoc est male agit: &
457 1029 1214 1080 populum priuat a suffragio debito: nec in sacramen
459 1074 1220 1121 to veritatis dolo & fictione vti debet. populus au
453 1113 1207 1168 tem non peccat. quo fit quod creatura pura vt panis,
456 1160 1208 1213 obiectum materiale latriae: non autem formale: hor
462 1206 1212 1261 est dicere: illum cultum panis terminat: sed corpus
471 1248 1208 1295 Christi est obiectum formale: hoc est gratia & ca
453 1286 1222 1348 talis cultus: quo colitur hoc contentum sub speciebus:
465 1333 1223 1385 obiectum inquam formale de per accidens. deus au
453 1375 1115 1434 tem est obiectum formale per se: & radicale.
453 1431 1216 1518 ⁋ Quarto arguitur. Si eucharistia
454 1510 1206 1571 esset adoranda categorice cultu latriae: sequeretur quod
454 1562 1203 1609 etiam corpus sortis esset adorandum cultu latria
450 1601 1214 1660 categorice. consequens est inconveniens & nusquam pra
456 1642 1208 1702 cticatur. declaro consequentiam. posito quod nunc sor
459 1686 1208 1739 tes sumpsit Eucharistia: saltem debemus euchari-
454 1729 1217 1788 stiam in eius stomacho adorare quam constat esse in
451 1780 1204 1828 eo: sicut adoramus eucharistiam in pyxide delatam
457 1818 1201 1870 per vrbem: & ex consequente Sortem ratione illius
460 1866 1208 1920 ⁋ Respondetur. hoc argumentum non est contra
453 1912 1216 1961 conclusionem: sed quaerit vnum aliud: ad quod di-
460 1954 1205 2013 co quod nec Sortes est adorandus, nec corpus Chri
454 1998 1198 2048 sti in stomacho Sortis. Ad hoc primo est com
448 2044 1198 2098 munis visus. Secundo nescitur quamdiu corpus Chr
451 2087 1207 2141 sti illic maneat ob specierum alterationem. Tum
447 2134 1210 2181 tertio dato quod constet: ne hominem adorare videa-
447 2176 1208 2229 mur: corpus Christi non est illic adorandum sal-
441 2220 1207 2275 tem exteriore adoratione: secus est de corpore
443 2266 1198 2325 Christi in pyxide: quia palam est quod pyxidem nor
447 2313 1198 2367 ndoramus. ⁋ Ex istis omnibus patet quod corpus
444 2355 1193 2408 Curisti est categorice in eucharistia adorandum
446 2399 1199 2457 nec adorare panem tamquam obiectum materiale ex igno
445 2443 1192 2495 rantia inuincibili sufficienter arguit idololatrian
447 2479 1205 2542 immo latriam infert. secus est ex ignorantia vinci-
454 2523 1206 2582 bili: crassa, vel supina. Stat insuper credere & vel
441 2568 1205 2626 le adorare corpus Churisti: & panem adorare: sed non
441 2617 1191 2671 adorare panem. Adoro enim importat actum volun
438 2660 1194 2718 tatis: & propriam facit praecise appellationem, non autem
440 2711 1191 2771 quando praecedit: sed sub disiunctione ad alias ratio
1302 313 2062 388 nes appellat. Vlterius patet istam non esse de fide-
1297 378 2051 428 corpus Curisti continet sub hac hostia: sed assen-
1297 413 2047 470 sus eius est certus certitudine morali: quae errori in
1299 463 2051 518 terdum non repugnat. Ista autem conditionalis bene
1300 510 2052 566 est de fide. si sacerdos dixit verba sufficientia super
1296 550 2059 605 hac materia debita cum intentione debita, illic est cor-
1299 594 2050 649 pus Christi. In super quando est apparitio insolita al
1296 648 2048 697 cuius colendi: suspendendus est assensus credendi cum
1295 691 2063 739 actu voluntatis quousque de illo complete doceatur
1293 730 2054 788 secus est de Eucharistia consueta. Et forte similis
1305 774 2053 822 difficultas poterat contingere dum Christus erat
1293 822 2063 873 viator: vt si alicui ignoto contigisset Christum vide
1296 868 2044 911 re. deinde si tali aduenienti lacobus Alphei loco
1299 903 2059 961 Curisti ab aliquibus putatis probis ostensus fuis-
1293 946 2063 1008 set: non peccasset Iacobum colens. secus est nunc-
1295 991 2059 1053 Et persimilis difficultas verti potest de sanguine mi
1293 1040 2057 1090 raculoso in terra, quando est probabile dubium
1300 1086 2059 1134 an realiter sit sanguis Christi. Quamdiu eni est tale dubium
1296 1134 2051 1182 debs actualiter conditionaliter adorari cultu latrit
1296 1175 2063 1232 quando autem sufficienter constat ber non citra certitudinem fi
1297 1219 2053 1269 dei, quod sit sanguis Christi: non amplius est ponen
1297 1261 1780 1312 da conditio actualis, sed tacita.
1800 1510 2057 1580 N duodeci
1796 1570 2052 1626 ma distinctione
1804 1613 2058 1677 magister loqui-
1796 1660 2039 1721 tur de subiecto
1797 1702 2045 1757 accidentium in
1794 1748 2042 1807 Euc haristia. Con
1797 1794 2042 1853 formiter ad hoc
1800 1842 2056 1902 quaeram aliquas.
1788 1882 2057 1946 quaestiones. Pri
1797 1927 2054 1981 ma erit. an om-
1786 1969 2051 2034 ne accidens pos
1782 2016 2043 2073 sit seruari sine
1750 2060 2039 2112 V(subiecto. Secur
1287 2103 2052 2162 da erit de quantitate. Quia enim est multorum
1282 2146 2047 2210 opinio quod accidentia reliqua a quantitate: quan
1283 2190 2044 2246 titati inhaereant: propterea secundo loco quaere-
1280 2230 2053 2289 tur, an quantitas distinguatur a re quanta: & an
1283 2276 2039 2340 de facto alia accidentia sint extra subiectum. Tei
1290 2319 2045 2384 tio quaeram de accidentium actiuitate tam in or
1284 2361 2021 2428 dine accidentium quam substantiarum. Quarto in
1278 2407 2036 2475 ram: quomodo accidentia separata pati possint.
1288 2447 2045 2517 Et quia magister in vltimo capitulo huius distin
1279 2493 2036 2560 ctionis quaerit: an pluries in die celebrare contin
1279 2550 2042 2604 gat: quaeram quinto id idem. Sexto vtrum cleri
1276 2592 2037 2654 cus quolibet die teneatur dicere horas. Septimo an
1275 2625 2036 2691 sufficiat distracte dicere horas. Octauo an satis-
1275 2673 2033 2748 faciat quis praecepto de dicendis horis audiendo
1273 2715 1761 2784 missam quae est de praecepto.
