2303 3332
461 321 1214 390 stando in terminis potest dici non esse continua
460 382 1219 436 cum partes non extendantur. Decimo sequitur
453 430 1210 482 quod quantitas est actiua actione reali. patet. haec qua
456 475 1219 524 litas est actiua actione reali: haec qualitas est quan
463 517 1210 569 titas: ergo haec quantitas est actiua actione reali-
456 560 1209 619 sed hoc non est ratione quantitatis: sed ratione qua
453 600 1208 660 litatis. Vndecima propositio. quantitas suscipit
450 652 1205 692 magis & minus: sed hoc est ratione qualitatis.
448 689 1207 742 Duodecima propositio. alteratio est motus ad
454 736 1206 793 quantitatem: sed non acquiritur quantitas ratio
454 779 692 832 ne alterationis.
447 844 1216 932 ⁋ Contra hanc conclusionem arguitur.
459 914 1219 957 Catera vesicae non possunt comprimi: nec latera fol-
453 958 1199 1018 lis. & hoc non est ratione materiae aeris: quae nullius
448 1001 1207 1049 actiuitatis est: nec formae aeris: quae potest conden-
442 1048 1213 1096 sari: & per consequens non est ratione totius. & patet /
448 1092 1207 1145 quia est maior aer in campis: qui tamen non resistit
450 1144 1208 1197 volationi muscae. relinquitur ergo quod sit ratione
442 1182 1214 1234 alicuius alterius tertii ab his distincti: scilicet quan
445 1223 1199 1272 titatis: ergo quantitas distinguitur a re quanta-
445 1273 1196 1316 ⁋ Respodetur: hoc argumentum non potest iuuare ad
436 1311 1205 1366 uersarios. tum quia quatitas non est de numero
445 1358 1202 1408 actiuorum secundum eos. tum secundo etiam in condensa
441 1399 1198 1449 tione & rarefactione tenendo oppositum non producil
436 1446 1208 1502 noua quantitas secundum saniorem viam de rarefa-
438 1487 1213 1542 ctione. Respondetur ergo quod totus ille aer resistit
442 1536 1210 1582 ne condensetur: sed motus localis non est conden-
433 1576 1207 1625 satiuus aeris. si autem vesica poneretur in aqua diu:
429 1624 1204 1682 condensaretur, & facile latera eius applicarentur si
435 1672 1192 1726 mul: vel magis appropinquarent. Nihil est quod ar
441 1715 1199 1769 gumentum assumit de aere in campo muscae non re
429 1759 1204 1805 sistente: quia illic cedit & liberumhabet exitum: sed non
433 1802 1196 1857 potest egredi latera vesice vel follis si foramina
432 1831 1202 1904 claudantur. nihil autem hic resistit nisi aer ipse ratione
428 1884 1198 1939 formae suae: quam quantitatem etiam dicimus. Eodem
427 1936 1199 1987 modo dicatur de vrinali pleno aere, orificio posi
429 1979 1189 2027 to super ignem: dum frangitur vitrum: quod nullo modo
433 2019 1196 2072 frangitur a quantitate, quae est nullius actiuitatis: sed
430 2068 1184 2122 ab aere & eius forma. cum enim rarefiat a calore, ma
435 2113 1196 2174 iorem locum occupet oportet: & quia non potest penetra
423 2154 1195 2204 re latera vrinalis, totum frangit. sicut olla tua non
423 2200 1181 2253 plena lacte frigido vel aqua cum bene calefit, rate
420 2244 1184 2294 fit liquor & operculum pellit quod si non habeat obsta-
432 2287 1180 2336 culum clausum: vas ipsum aeneum successu tempo
430 2338 1189 2388 ris dissoluet & rumpet: nisi eius resistentia fuerit ma
429 2378 1189 2428 ior, quam actiuitas corporis rarefacti capaciores pe-
426 2419 1183 2474 tentis agros. ⁋ Secundo arguitur. Propositio in qua
424 2469 1184 2518 negatur vnum genus generalissimum de alio, est im
429 2517 1190 2562 mediata. primo posteriorum. sed omnis talis est vera:
426 2555 1193 2610 ergo haec est vera: nulla substantia est quantitas. pa-
429 2601 1179 2655 ri forma nulla quantitas est qualitas. ⁋ Responde-
429 2648 1187 2684 tur. Propositio dicitur immediata duobus mo-
426 2685 1186 2733 dis. vno modo laxato vocabulo omnis illa proposi-
424 2729 1184 2794 tio quae ratione extremorum suorum resolui in aliam
1300 327 2054 404 priorem non potest: siue sit vera siue falsa. Alio
1291 397 2048 446 modo proprie: sicut Arist. capit in definitione
1287 437 2065 496 scire, primo posteriorum. pro illa scilicet qua nulla est
1294 490 2063 547 prior quo ad euidentiam. primo modo capit Ari-
1294 522 1530 580 sto. in illo loco.
1293 569 2048 663 ⁋ Nunc respondendum est ad ar-
1297 656 2055 710 gumentum Aristo. in principio quaestionis assum
1294 701 2048 747 ptum: quo nisi sumus probare positionem opposi-
1282 744 2050 802 tam Aristotelis. Dico igitur quod sufficit Aristoteli
1299 790 2047 848 probare pluralitatem numeralem rerum. Secundo loqui
1296 837 2044 891 tur de substantia impartibili & quantitate quae specie
1288 870 2053 931 distinguuntur. supponebat enim aliquas substantias
1288 918 2057 973 indiuisibiles. Tertio dico, quod non sequitur: Aristo.
1281 966 2045 1023 tenuit oppositum: ergo illud non est probabile: immo
1296 1006 2053 1062 tat quod sit probabilius opinione eius. cum hoc tamen
1288 1057 2045 1110 quamlibet talem opinionem & eius oppositam niti-
1282 1104 2043 1157 mut viae Aristit conformare. ⁋ Nunc vidimus de
1291 1148 2051 1201 quantitate an distinguatur a re quanta nec ne. & li
1281 1193 2046 1251 cet vtraque positio sit sustentabilis: pars negatiua est
1288 1230 2042 1286 apparentior. tum quod ita facile & facilius soluit ar-
1278 1278 2038 1336 gumenta aduersariorum quam contra. tum secundo quod non
1279 1327 2042 1378 multiplicat res perperam. De quantitate autem
1281 1367 2047 1423 discreta & impartibilibus in quantitate, alibi lo-
1286 1406 2032 1460 quor. quae nullo modo distingui a re quanta iu
1282 1454 2041 1503 dico. Ex his autem nescis improbare numerum de-
1272 1492 2030 1552 narium praedicamentorum: cum praedicamenta
1285 1545 2030 1598 penes modos significandi vocabulorum, & non
1279 1592 2032 1651 distinctionem rerum distinguantur: vt in logicis
1285 1628 1580 1687 satis protritum est
1272 1679 2032 1769 ⁋ Reliquu est videre an accidentia
1273 1766 2034 1821 alia quantitati inhaereant. Potest hic bifariam dici-
1275 1810 2032 1858 primo quod nullum accidens est subiectum acciden
1275 1854 2032 1898 tis. dicit enim Aristote. in vltima proprietate sub-
1276 1893 2024 1952 stantiae. Maxime proprium est substantiae cum sit vna
1270 1938 2032 1986 & eadem numero, quod sit susceptiua cotrariorum.
1266 1980 2024 2032 lbi enim maxime capitur aduerbialiter: ita vt ei so
1266 2025 2027 2083 li conueniat. Et si dicas. proprium est superficiei
1267 2072 2035 2122 primo colorari. quinto topicorum. Et in praedica-
1273 2116 2027 2167 mento quantitatis dicit philosophus. Quata fuerit
1270 2159 2030 2212 superficies tantum album fore dices. Dico substantiam
1269 2206 2017 2251 quo ad partem superiorem esse superficiem. & in
1260 2246 2017 2304 lud patet quarto Metaphysicae ex philosopho di
1260 2299 2030 2340 cente. Accidens non accidit accidenti: nisi quia am
1269 2335 2029 2386 bo accidunt eidem subiecto. Si dicas: Arist. di-
1263 2384 2014 2440 cit octauo Physicorum textu commenti quinquage
1272 2421 2023 2472 simi. Quantitas primo inest: deinde alia accidentia.
1260 2467 2017 2526 Et Auicenna secundo Metaphysicae dicit quod vnum
1257 2516 2014 2565 accidens est subiectum alterius. Respondetur
1257 2553 2008 2607 Philosophus intellexit quod vnum accidens aliud prae
1258 2604 2018 2656 supponit: & praesuppositum reputatur subiectum
1252 2651 2014 2704 alterius. sic etiam intelligatur Auicenna. sicut dici-
1258 2694 2017 2738 mus quod priuilegium clericale fundatur in prima
1252 2738 2020 2802 tonsura, vel corona. Et adhuc probatur quod dici-
