<?xml version="1.0" encoding="UTF-8" standalone="yes"?>
<PcGts xmlns="http://schema.primaresearch.org/PAGE/gts/pagecontent/2013-07-15" xmlns:xsi="http://www.w3.org/2001/XMLSchema-instance" xsi:schemaLocation="http://schema.primaresearch.org/PAGE/gts/pagecontent/2013-07-15 http://schema.primaresearch.org/PAGE/gts/pagecontent/2013-07-15/pagecontent.xsd">
    <Metadata>
        <Creator>prov=University of Rostock/Institute of Mathematics/CITlab|PLANET AI GmbH/Gundram Leifert/gundram.leifert@planet-ai.de:name=cod-Bda113-model2(htr_id=24733)::::v=2.6.6
prov=University of Rostock/Institute of Mathematics/CITlab|PLANET AI GmbH/Tobias Gruening/tobias.gruening@planet-ai.de:name=de.uros.citlab.module.baseline2polygon.B2PSeamMultiOriented:v=2.6.6
prov=University of Rostock/Institute of Mathematics/CITlab|PLANET AI GmbH/Tobias Gruening/tobias.gruening@planet-ai.de:name=/net_tf/LA73_249_0mod360.pb:de.uros.citlab.segmentation.CITlab_LA_ML:v=2.6.6
Transkribus</Creator>
        <Created>2020-04-17T22:22:13.618+02:00</Created>
        <LastChange>2020-06-19T03:10:29.694+02:00</LastChange>
        <TranskribusMetadata docId="371227" pageId="14532396" pageNr="160" tsid="32168969" status="IN_PROGRESS" userId="25065" imgUrl="https://files.transkribus.eu/Get?id=ZNRQIHBDKLPPXDAWSLYBQIMW&amp;fileType=view" xmlUrl="https://files.transkribus.eu/Get?id=OSPHBBGFSXTOMPITPXGZDAVV" imageId="10488773"/>
    </Metadata>
    <Page imageFilename="0160.jpg" imageWidth="2317" imageHeight="3325">
        <ReadingOrder>
            <OrderedGroup id="ro_1592575767912" caption="Regions reading order">
                <RegionRefIndexed index="0" regionRef="TextRegion_1590154801421_1086"/>
                <RegionRefIndexed index="1" regionRef="TextRegion_1590154801421_1085"/>
            </OrderedGroup>
        </ReadingOrder>
        <TextRegion orientation="0.0" id="TextRegion_1590154801421_1086" custom="readingOrder {index:0;}">
            <Coords points="467,240 1264,240 1264,2755 467,2755"/>
            <TextLine id="r1l3" custom="readingOrder {index:0;}">
                <Coords points="483,364 1240,365 1240,320 1209,307 483,309"/>
                <Baseline points="488,347 525,347 562,345 600,345 637,345 674,345 712,345 749,345 786,345 824,345 861,345 898,347 936,347 973,347 1010,347 1048,347 1085,347 1122,347 1160,347 1197,347 1235,347"/>
                <TextEquiv>
                    <Unicode>grauis. Secundo dico quod illic tangitur difficultas in </Unicode>
                </TextEquiv>
            </TextLine>
            <TextLine id="r1l5" custom="readingOrder {index:1;}">
                <Coords points="474,408 1157,410 1237,401 1237,363 474,365"/>
                <Baseline points="479,390 516,390 554,390 591,390 629,390 667,390 704,390 742,390 780,390 817,390 855,390 893,390 930,390 968,390 1006,390 1043,390 1081,392 1119,392 1156,392 1194,392 1232,392"/>
                <TextEquiv>
                    <Unicode>philosophia: An grauitas &amp; leuitas sint acciden</Unicode>
                </TextEquiv>
            </TextLine>
            <TextLine id="r1l7" custom="readingOrder {index:2;}">
                <Coords points="481,446 1235,452 1214,397 481,407"/>
                <Baseline points="486,434 523,434 560,435 597,435 634,435 672,435 709,435 746,435 783,435 820,435 858,435 895,435 932,435 969,435 1006,435 1044,435 1081,435 1118,435 1155,435 1192,435 1230,435"/>
                <TextEquiv>
                    <Unicode>tia corpori graui &amp; leui inhaerentia. &amp; licet sint illic</Unicode>
                </TextEquiv>
            </TextLine>
            <TextLine id="r1l8" custom="readingOrder {index:3;}">
                <Coords points="484,484 1235,499 1235,451 1206,445 484,453"/>
                <Baseline points="489,476 526,476 563,477 600,477 637,477 674,479 711,479 748,479 785,479 822,479 859,479 896,479 933,479 970,479 1007,479 1044,479 1081,479 1118,479 1155,479 1192,479 1230,479"/>
                <TextEquiv>
                    <Unicode>opiniones: magis tamen placet pars affirmatiua. Ma</Unicode>
                </TextEquiv>
            </TextLine>
            <TextLine id="r1l10" custom="readingOrder {index:4;}">
                <Coords points="477,540 1232,531 1232,500 948,485 477,497"/>
                <Baseline points="482,521 519,521 556,522 593,522 631,522 668,522 705,522 742,522 780,522 817,522 854,522 891,522 929,522 966,522 1003,524 1040,524 1078,524 1115,524 1152,524 1189,524 1227,524"/>
                <TextEquiv>
                    <Unicode>nente enim eadem forma substantiali: variatur graui-</Unicode>
                </TextEquiv>
            </TextLine>
            <TextLine id="r1l12" custom="readingOrder {index:5;}">
                <Coords points="487,580 1241,578 1241,528 487,539"/>
                <Baseline points="492,566 529,566 566,567 603,567 640,567 678,567 715,567 752,567 789,567 826,567 864,567 901,566 938,566 975,567 1012,567 1050,567 1087,567 1124,568 1161,569 1198,570 1236,572"/>
                <TextEquiv>
                    <Unicode>tas &amp; leuitas, quod patet de fumo. quando enim est bene</Unicode>
                </TextEquiv>
            </TextLine>
            <TextLine id="r1l14" custom="readingOrder {index:6;}">
                <Coords points="478,616 1208,630 1238,622 1238,575 478,586"/>
                <Baseline points="483,611 520,611 558,611 595,611 633,611 670,611 708,611 745,611 783,611 820,611 858,611 895,611 933,611 970,612 1008,612 1045,612 1083,612 1120,612 1158,612 1195,612 1233,612"/>
                <TextEquiv>
                    <Unicode>calidus leuitas est: &amp; ascendit super aerem. interdum autem</Unicode>
                </TextEquiv>
            </TextLine>
            <TextLine id="r1l16" custom="readingOrder {index:7;}">
                <Coords points="483,661 1229,663 1229,633 1180,620 484,618"/>
                <Baseline points="488,656 524,656 561,656 598,654 635,654 672,656 708,656 745,656 782,656 819,656 856,656 892,656 929,656 966,657 1003,657 1040,657 1076,657 1113,657 1150,657 1187,656 1224,656"/>
                <TextEquiv>
                    <Unicode>descendit illa leuitate corrupta. Nec est vero simi</Unicode>
                </TextEquiv>
            </TextLine>
            <TextLine id="r1l18" custom="readingOrder {index:8;}">
                <Coords points="489,718 1229,718 1229,663 489,676"/>
                <Baseline points="494,699 530,699 567,699 603,699 640,699 676,698 713,698 749,698 786,698 822,698 859,698 895,698 932,699 968,699 1005,699 1041,699 1078,699 1114,699 1151,699 1187,699 1224,699"/>
                <TextEquiv>
                    <Unicode>e quod ad ascensum &amp; descensum forma substantialis</Unicode>
                </TextEquiv>
            </TextLine>
            <TextLine id="r1l20" custom="readingOrder {index:9;}">
                <Coords points="483,751 1237,761 1237,719 1183,706 483,719"/>
                <Baseline points="488,744 525,744 562,743 599,743 636,743 674,743 711,743 748,743 785,743 822,743 860,743 897,744 934,744 971,744 1008,744 1046,744 1083,744 1120,744 1157,744 1194,744 1232,744"/>
                <TextEquiv>
                    <Unicode>cooperetur. Nam vapor aliquis aqueus qui est realiter</Unicode>
                </TextEquiv>
            </TextLine>
            <TextLine id="r1l22" custom="readingOrder {index:10;}">
                <Coords points="474,806 1240,797 1240,761 1208,748 474,761"/>
                <Baseline points="479,786 516,786 554,786 592,786 630,786 668,786 705,786 743,786 781,786 819,786 857,786 894,786 932,786 970,786 1008,786 1046,788 1083,788 1121,788 1159,788 1197,788 1235,789"/>
                <TextEquiv>
                    <Unicode>aqua: leuificatus ab ardore solis, violente ascendit</Unicode>
                </TextEquiv>
            </TextLine>
            <TextLine id="r1l24" custom="readingOrder {index:11;}">
                <Coords points="474,836 1237,843 1237,806 1193,794 474,808"/>
                <Baseline points="479,831 516,831 554,831 591,830 629,830 667,830 704,830 742,830 780,830 817,830 855,830 893,831 930,831 968,831 1006,831 1043,831 1081,831 1119,833 1156,833 1194,834 1232,834"/>
                <TextEquiv>
                    <Unicode>ad quem ascensum forma substantialis aquae nullo</Unicode>
                </TextEquiv>
            </TextLine>
            <TextLine id="r1l26" custom="readingOrder {index:12;}">
                <Coords points="474,894 1222,895 1201,839 474,848"/>
                <Baseline points="479,873 515,873 552,873 589,873 626,873 663,873 700,873 737,873 774,875 811,875 848,875 884,875 921,875 958,875 995,876 1032,876 1069,876 1106,877 1143,878 1180,879 1217,879"/>
                <TextEquiv>
                    <Unicode>modo coadiuuat: sed leuitas impssa a corporibus</Unicode>
                </TextEquiv>
            </TextLine>
            <TextLine id="r1l28" custom="readingOrder {index:13;}">
                <Coords points="480,926 1232,941 1232,895 1144,884 480,894"/>
                <Baseline points="485,918 522,918 559,918 596,918 633,918 670,918 707,918 744,918 781,918 818,918 856,918 893,918 930,919 967,920 1004,920 1041,920 1078,920 1115,921 1152,921 1189,921 1227,923"/>
                <TextEquiv>
                    <Unicode>vaporem violente eleuat: quia vapor ille a sua forma</Unicode>
                </TextEquiv>
            </TextLine>
            <TextLine id="r1l30" custom="readingOrder {index:14;}">
                <Coords points="468,969 1232,983 1232,940 1142,927 468,923"/>
                <Baseline points="473,963 510,963 548,963 586,963 623,963 661,963 699,963 736,963 774,963 812,963 850,963 887,963 925,963 963,965 1000,965 1038,965 1076,965 1113,965 1151,965 1189,966 1227,966"/>
                <TextEquiv>
                    <Unicode>se reducit ad grauitatem per qua descendit. modo mo</Unicode>
                </TextEquiv>
            </TextLine>
            <TextLine id="r1l32" custom="readingOrder {index:15;}">
                <Coords points="474,1024 1235,1015 1235,985 1197,973 475,980"/>
                <Baseline points="480,1007 517,1006 555,1005 592,1005 630,1005 667,1005 705,1005 742,1005 780,1005 817,1006 855,1007 892,1007 930,1008 967,1008 1005,1008 1042,1010 1080,1010 1117,1010 1155,1010 1192,1010 1230,1010"/>
                <TextEquiv>
                    <Unicode>tus violentus non fit a principio intrinseco secundum </Unicode>
                </TextEquiv>
            </TextLine>
            <TextLine id="r1l34" custom="readingOrder {index:16;}">
                <Coords points="478,1057 1241,1070 1241,1033 1210,1025 478,1011"/>
                <Baseline points="483,1052 520,1051 558,1050 595,1050 633,1050 671,1050 708,1050 746,1050 784,1050 821,1050 859,1050 897,1052 934,1052 972,1052 1010,1053 1047,1053 1085,1053 1123,1053 1160,1055 1198,1055 1236,1055"/>
                <TextEquiv>
                    <Unicode>Aristotelem tertio Ethicorum. Insuper forma vapo-</Unicode>
                </TextEquiv>
            </TextLine>
            <TextLine id="r1l36" custom="readingOrder {index:17;}">
                <Coords points="468,1104 1232,1111 1232,1072 1201,1063 468,1055"/>
                <Baseline points="473,1095 510,1095 548,1094 586,1094 623,1094 661,1094 699,1094 736,1095 774,1095 812,1095 850,1095 887,1097 925,1097 963,1097 1000,1097 1038,1098 1076,1098 1113,1098 1151,1098 1189,1097 1227,1097"/>
                <TextEquiv>
                    <Unicode>ris non agit ad contraria. Sed hic est euasio. dices</Unicode>
                </TextEquiv>
            </TextLine>
            <TextLine id="r1l38" custom="readingOrder {index:18;}">
                <Coords points="474,1148 1232,1160 1232,1110 474,1111"/>
                <Baseline points="479,1140 516,1139 553,1139 591,1137 628,1137 666,1137 703,1137 740,1137 778,1137 815,1138 853,1139 890,1139 927,1140 965,1140 1002,1141 1040,1142 1077,1142 1114,1142 1152,1143 1189,1143 1227,1142"/>
                <TextEquiv>
                    <Unicode>enim quod non incouenit agens principale concurrere ad</Unicode>
                </TextEquiv>
            </TextLine>
            <TextLine id="r1l40" custom="readingOrder {index:19;}">
                <Coords points="479,1203 994,1188 1240,1210 1241,1157 480,1152"/>
                <Baseline points="485,1182 522,1182 560,1182 597,1182 635,1182 672,1182 710,1182 747,1182 785,1182 822,1182 860,1184 898,1184 935,1184 973,1184 1010,1185 1048,1185 1085,1185 1123,1185 1160,1186 1198,1187 1236,1187"/>
                <TextEquiv>
                    <Unicode>contraria mediantibus diuersis instrumentis. Nam for</Unicode>
                </TextEquiv>
            </TextLine>
            <TextLine id="r1l42" custom="readingOrder {index:20;}">
                <Coords points="475,1235 1156,1250 1238,1247 1239,1209 994,1188 476,1203"/>
                <Baseline points="480,1226 517,1226 555,1226 592,1226 630,1227 668,1227 705,1227 743,1227 781,1227 818,1227 856,1227 894,1227 931,1229 969,1229 1007,1229 1044,1229 1082,1230 1120,1230 1157,1231 1195,1232 1233,1232"/>
                <TextEquiv>
                    <Unicode>ma aqui calefacit cum calore: &amp; frigefacit cum frigore.</Unicode>
                </TextEquiv>
            </TextLine>
            <TextLine id="r1l44" custom="readingOrder {index:21;}">
                <Coords points="474,1280 1229,1281 1223,1236 474,1234"/>
                <Baseline points="479,1272 516,1271 553,1271 590,1270 628,1269 665,1269 702,1269 739,1269 777,1271 814,1271 851,1271 888,1272 926,1272 963,1272 1000,1274 1037,1274 1075,1274 1112,1275 1149,1275 1186,1275 1224,1274"/>
                <TextEquiv>
                    <Unicode>Sed hanc euasionem non iudico rationabilem quando</Unicode>
                </TextEquiv>
            </TextLine>
            <TextLine id="r1l46" custom="readingOrder {index:22;}">
                <Coords points="474,1330 1235,1332 1225,1281 474,1280"/>
                <Baseline points="479,1316 516,1316 554,1316 591,1314 629,1314 666,1314 704,1314 741,1314 779,1316 816,1316 854,1316 892,1316 929,1316 967,1317 1004,1317 1042,1317 1079,1317 1117,1319 1154,1319 1192,1319 1230,1319"/>
                <TextEquiv>
                    <Unicode>instrumentum est contrarium agenti principali. quemad</Unicode>
                </TextEquiv>
            </TextLine>
            <TextLine id="r1l48" custom="readingOrder {index:23;}">
                <Coords points="475,1374 1228,1382 1228,1337 1084,1324 475,1333"/>
                <Baseline points="480,1359 517,1359 554,1359 591,1358 628,1358 665,1358 702,1358 740,1358 777,1359 814,1359 851,1359 888,1361 925,1361 962,1361 1000,1362 1037,1362 1074,1364 1111,1364 1148,1364 1185,1365 1223,1365"/>
                <TextEquiv>
                    <Unicode>modum est calor respectu formae aquae. Et propterea</Unicode>
                </TextEquiv>
            </TextLine>
            <TextLine id="r1l50" custom="readingOrder {index:24;}">
                <Coords points="483,1413 1229,1412 1229,1382 1171,1368 1135,1387 773,1362 753,1382 553,1364 483,1381"/>
                <Baseline points="488,1404 524,1404 561,1403 598,1403 635,1403 672,1403 708,1404 745,1404 782,1404 819,1404 856,1404 892,1406 929,1406 966,1406 1003,1406 1040,1407 1076,1407 1113,1407 1150,1407 1187,1407 1224,1406"/>
                <TextEquiv>
                    <Unicode>vtrobique teneo quod forma aquae no cocurrit cum ca-</Unicode>
                </TextEquiv>
            </TextLine>
            <TextLine id="r1l52" custom="readingOrder {index:25;}">
                <Coords points="481,1456 1228,1468 1239,1413 482,1422"/>
                <Baseline points="486,1448 523,1448 560,1448 598,1448 635,1449 672,1449 710,1449 747,1449 784,1449 822,1449 859,1449 896,1449 934,1449 971,1449 1008,1449 1046,1449 1083,1451 1120,1451 1158,1452 1195,1452 1233,1454"/>
                <TextEquiv>
                    <Unicode>ore ad calefaciendum. Apparentior autem instantia potest</Unicode>
                </TextEquiv>
            </TextLine>
            <TextLine id="r1l54" custom="readingOrder {index:26;}">
                <Coords points="474,1509 1240,1500 1240,1467 1199,1459 474,1456"/>
                <Baseline points="479,1494 516,1494 554,1493 592,1493 630,1493 668,1493 705,1493 743,1493 781,1494 819,1494 857,1494 894,1494 932,1494 970,1494 1008,1494 1046,1494 1083,1494 1121,1494 1159,1494 1197,1495 1235,1496"/>
                <TextEquiv>
                    <Unicode>adduci de argumento topico, quod opinionem produ- </Unicode>
                </TextEquiv>
            </TextLine>
            <TextLine id="r1l56" custom="readingOrder {index:27;}">
                <Coords points="474,1543 1141,1562 1229,1551 1230,1505 475,1509"/>
                <Baseline points="479,1539 516,1539 553,1538 590,1538 628,1538 665,1538 702,1538 739,1538 777,1538 814,1538 851,1538 888,1538 926,1538 963,1538 1000,1538 1037,1538 1075,1539 1112,1539 1149,1540 1186,1541 1224,1541"/>
                <TextEquiv>
                    <Unicode>cit: &amp; quod cum pia affectione fidem producit: quae opin ioni</Unicode>
                </TextEquiv>
            </TextLine>
            <TextLine id="r1l58" custom="readingOrder {index:28;}">
                <Coords points="468,1586 1235,1594 1235,1562 1168,1547 468,1542"/>
                <Baseline points="473,1581 510,1581 548,1581 586,1580 624,1580 662,1580 700,1580 737,1580 775,1580 813,1580 851,1580 889,1581 927,1581 965,1581 1002,1581 1040,1581 1078,1583 1116,1583 1154,1584 1192,1584 1230,1586"/>
                <TextEquiv>
                    <Unicode>contrariatur. ergo idem coagit ad contraria. Ista tamen in-</Unicode>
                </TextEquiv>
            </TextLine>
            <TextLine id="r1l60" custom="readingOrder {index:29;}">
                <Coords points="469,1633 1229,1643 1229,1602 1173,1591 469,1586"/>
                <Baseline points="474,1625 511,1625 549,1626 586,1626 624,1626 661,1626 699,1626 736,1626 774,1626 811,1626 849,1626 886,1626 924,1626 961,1626 999,1626 1036,1626 1074,1626 1111,1626 1149,1628 1186,1628 1224,1629"/>
                <TextEquiv>
                    <Unicode>stantia non tollit propositum, quando causa naturalis co</Unicode>
                </TextEquiv>
            </TextLine>
            <TextLine id="r1l62" custom="readingOrder {index:30;}">
                <Coords points="474,1685 1226,1680 1226,1644 1119,1634 474,1644"/>
                <Baseline points="479,1671 516,1671 553,1671 590,1670 627,1670 664,1670 701,1670 738,1670 775,1670 812,1670 850,1670 887,1670 924,1670 961,1670 998,1671 1035,1671 1072,1671 1109,1671 1146,1671 1183,1671 1221,1671"/>
                <TextEquiv>
                    <Unicode>agit cum agente libero: queadmodum de notitia con-</Unicode>
                </TextEquiv>
            </TextLine>
            <TextLine id="r1l64" custom="readingOrder {index:31;}">
                <Coords points="478,1733 1143,1721 1190,1739 1229,1730 1230,1680 479,1690"/>
                <Baseline points="483,1715 520,1714 557,1713 594,1713 631,1713 668,1713 705,1713 742,1713 779,1713 816,1713 853,1714 890,1715 927,1715 964,1715 1001,1716 1038,1716 1075,1716 1112,1718 1149,1718 1186,1718 1224,1718"/>
                <TextEquiv>
                    <Unicode>tingit: quae ad volitionem &amp; ad nolitionem concurrit cum</Unicode>
                </TextEquiv>
            </TextLine>
            <TextLine id="r1l66" custom="readingOrder {index:32;}">
                <Coords points="477,1772 1226,1772 1226,1734 1125,1722 477,1732"/>
                <Baseline points="482,1758 520,1757 559,1757 598,1757 637,1757 676,1758 715,1758 754,1758 793,1758 832,1760 870,1760 909,1760 948,1760 987,1761 1026,1761 1065,1761 1104,1761 1143,1761 1182,1760 1221,1760"/>
                <TextEquiv>
                    <Unicode>voluntate. secus est inter formam aquae &amp; calorem: quia</Unicode>
                </TextEquiv>
            </TextLine>
            <TextLine id="r1l68" custom="readingOrder {index:33;}">
                <Coords points="468,1808 1234,1826 1234,1780 1183,1769 468,1767"/>
                <Baseline points="473,1803 510,1803 548,1802 586,1802 624,1802 662,1802 699,1802 737,1802 775,1802 813,1803 851,1803 888,1803 926,1803 964,1803 1002,1805 1040,1805 1077,1805 1115,1805 1153,1806 1191,1806 1229,1806"/>
                <TextEquiv>
                    <Unicode>inter illa est contrarietas virtualis. Ex his probabue</Unicode>
                </TextEquiv>
            </TextLine>
            <TextLine id="r1l70" custom="readingOrder {index:34;}">
                <Coords points="471,1854 1234,1859 1234,1826 1200,1814 471,1809"/>
                <Baseline points="476,1848 513,1848 551,1848 588,1848 626,1848 664,1848 701,1848 739,1848 777,1848 814,1848 852,1848 890,1848 927,1848 965,1848 1003,1848 1040,1848 1078,1848 1116,1849 1153,1850 1191,1851 1229,1851"/>
                <TextEquiv>
                    <Unicode>habes: quod grauitas &amp; leuitas sunt accidentia: &amp; le-</Unicode>
                </TextEquiv>
            </TextLine>
            <TextLine id="r1l72" custom="readingOrder {index:35;}">
                <Coords points="462,1905 1235,1900 1217,1856 462,1856"/>
                <Baseline points="467,1892 505,1892 543,1892 581,1892 619,1892 657,1892 695,1892 734,1892 772,1892 810,1892 848,1892 886,1892 924,1892 962,1892 1001,1892 1039,1892 1077,1893 1115,1893 1153,1893 1191,1895 1230,1895"/>
                <TextEquiv>
                    <Unicode>uitas grauitati est contraria. modo substantia nulli</Unicode>
                </TextEquiv>
            </TextLine>
            <TextLine id="r1l74" custom="readingOrder {index:36;}">
                <Coords points="475,1952 1162,1959 1232,1953 1232,1902 475,1906"/>
                <Baseline points="480,1935 517,1935 554,1935 592,1935 629,1935 666,1935 704,1935 741,1935 778,1935 816,1935 853,1935 890,1937 928,1937 965,1937 1002,1937 1040,1937 1077,1938 1114,1938 1152,1938 1189,1939 1227,1940"/>
                <TextEquiv>
                    <Unicode>est contraria. accidentia inquam corporum grauium &amp; le-</Unicode>
                </TextEquiv>
            </TextLine>
            <TextLine id="r1l76" custom="readingOrder {index:37;}">
                <Coords points="477,1999 727,1982 1175,2003 1225,1993 1225,1951 477,1954"/>
                <Baseline points="482,1980 518,1980 555,1980 592,1980 629,1980 666,1980 703,1980 740,1980 777,1980 814,1980 851,1980 887,1980 924,1980 961,1980 998,1980 1035,1980 1072,1981 1109,1982 1146,1982 1183,1983 1220,1983"/>
                <TextEquiv>
                    <Unicode>uium, intensibilia &amp; remissibilia: a qualitatibus pri-</Unicode>
                </TextEquiv>
            </TextLine>
            <TextLine id="r1l78" custom="readingOrder {index:38;}">
                <Coords points="478,2031 1198,2048 1222,2035 1222,1994 478,1999"/>
                <Baseline points="483,2024 519,2024 556,2025 593,2025 629,2025 666,2025 703,2025 739,2025 776,2025 813,2024 850,2024 886,2024 923,2024 960,2024 996,2024 1033,2025 1070,2025 1106,2025 1143,2027 1180,2027 1217,2028"/>
                <TextEquiv>
                    <Unicode>mis producibilia: a calore vel frigore secundum. exigen</Unicode>
                </TextEquiv>
            </TextLine>
            <TextLine id="r1l80" custom="readingOrder {index:39;}">
                <Coords points="469,2089 1222,2078 1222,2034 469,2034"/>
                <Baseline points="474,2069 511,2069 548,2070 585,2070 622,2070 659,2070 696,2070 734,2070 771,2070 808,2070 845,2069 882,2069 919,2069 956,2069 994,2069 1031,2069 1068,2070 1105,2070 1142,2072 1179,2072 1217,2073"/>
                <TextEquiv>
                    <Unicode>tiam passi. videre let quod frigiditas &amp; siccitas magnam</Unicode>
                </TextEquiv>
            </TextLine>
            <TextLine id="r1l82" custom="readingOrder {index:40;}">
                <Coords points="471,2129 1212,2137 1231,2135 1231,2080 471,2089"/>
                <Baseline points="476,2115 513,2115 551,2115 588,2115 626,2115 663,2115 701,2115 738,2115 776,2114 813,2114 851,2114 888,2114 926,2114 963,2114 1001,2114 1038,2114 1076,2114 1113,2115 1151,2115 1188,2117 1226,2117"/>
                <TextEquiv>
                    <Unicode>grauitatem producunt: vt patet in terra. frigiditas autem</Unicode>
                </TextEquiv>
            </TextLine>
            <TextLine id="r1l84" custom="readingOrder {index:41;}">
                <Coords points="463,2171 1222,2171 1222,2136 1143,2122 463,2131"/>
                <Baseline points="468,2162 505,2160 542,2160 580,2159 617,2159 655,2157 692,2157 730,2157 767,2157 805,2156 842,2156 879,2156 917,2157 954,2157 992,2157 1029,2158 1067,2159 1104,2160 1142,2160 1179,2162 1217,2163"/>
                <TextEquiv>
                    <Unicode>&amp; humiditas minorem: vt videre est in aqua. &amp; pro</Unicode>
                </TextEquiv>
            </TextLine>
            <TextLine id="r1l86" custom="readingOrder {index:42;}">
                <Coords points="469,2222 897,2207 1232,2228 1232,2175 1202,2167 469,2177"/>
                <Baseline points="474,2205 511,2205 549,2204 586,2204 624,2202 662,2202 699,2202 737,2202 775,2202 812,2202 850,2202 888,2202 925,2202 963,2202 1001,2202 1038,2203 1076,2204 1114,2204 1151,2204 1189,2205 1227,2205"/>
                <TextEquiv>
                    <Unicode>portionabiliter in mixtis secundum participationem ele-</Unicode>
                </TextEquiv>
            </TextLine>
            <TextLine id="r1l88" custom="readingOrder {index:43;}">
                <Coords points="462,2261 1222,2256 1222,2227 1149,2210 462,2222"/>
                <Baseline points="467,2247 504,2247 542,2247 579,2247 617,2247 654,2246 692,2246 729,2246 767,2247 804,2247 842,2247 879,2247 917,2247 954,2247 992,2247 1029,2247 1067,2249 1104,2249 1142,2249 1179,2250 1217,2250"/>
                <TextEquiv>
                    <Unicode>ment i praedominantis. His dictis dicedum est: quod si gra-</Unicode>
                </TextEquiv>
            </TextLine>
            <TextLine id="r1l90" custom="readingOrder {index:44;}">
                <Coords points="469,2309 1209,2314 1232,2308 1232,2254 1168,2272 988,2252 469,2261"/>
                <Baseline points="474,2294 511,2292 549,2292 586,2292 624,2292 662,2291 699,2291 737,2291 775,2291 812,2291 850,2291 888,2291 925,2291 963,2292 1001,2292 1038,2292 1076,2294 1114,2294 1151,2294 1189,2295 1227,2295"/>
                <TextEquiv>
                    <Unicode>uitas accidens separetur a terra de potentia dei: vel a</Unicode>
                </TextEquiv>
            </TextLine>
            <TextLine id="r1l92" custom="readingOrder {index:45;}">
                <Coords points="475,2343 1217,2351 1217,2312 1137,2302 475,2311"/>
                <Baseline points="480,2336 516,2337 553,2337 589,2337 626,2337 663,2337 699,2336 736,2336 772,2336 809,2336 846,2336 882,2336 919,2336 955,2336 992,2336 1029,2336 1065,2336 1102,2336 1138,2337 1175,2337 1212,2339"/>
                <TextEquiv>
                    <Unicode>pane: terra non esset grauis: nec leuis nisi leuitas ad</Unicode>
                </TextEquiv>
            </TextLine>
            <TextLine id="r1l94" custom="readingOrder {index:46;}">
                <Coords points="474,2386 1223,2396 1224,2350 475,2352"/>
                <Baseline points="479,2382 517,2382 556,2381 595,2381 634,2381 673,2381 712,2381 751,2381 790,2381 829,2381 867,2381 906,2381 945,2381 984,2381 1023,2381 1062,2381 1101,2382 1140,2382 1179,2382 1218,2382"/>
                <TextEquiv>
                    <Unicode>cidens ei superadderetur. et si ponatur in aere, non descen</Unicode>
                </TextEquiv>
            </TextLine>
            <TextLine id="r1l96" custom="readingOrder {index:47;}">
                <Coords points="462,2438 1220,2434 1220,2396 1195,2392 462,2385"/>
                <Baseline points="467,2427 504,2427 541,2427 579,2426 616,2426 654,2426 691,2426 728,2426 766,2426 803,2426 841,2426 878,2426 915,2426 953,2426 990,2426 1028,2426 1065,2426 1102,2427 1140,2427 1177,2427 1215,2429"/>
                <TextEquiv>
                    <Unicode>deret nec ascenderet plus quam frustum caeli illic positum.</Unicode>
                </TextEquiv>
            </TextLine>
            <TextLine id="r1l97" custom="readingOrder {index:48;}">
                <Coords points="469,2484 774,2470 808,2490 1048,2474 1229,2492 1219,2437 469,2435"/>
                <Baseline points="474,2468 511,2469 549,2469 586,2469 624,2469 661,2469 699,2469 736,2469 774,2469 811,2469 849,2469 886,2469 924,2469 961,2469 999,2469 1036,2469 1074,2471 1111,2472 1149,2473 1186,2475 1224,2477"/>
                <TextEquiv>
                    <Unicode>&amp; tamen accidentia omnia manent post consecrationem quae</Unicode>
                </TextEquiv>
            </TextLine>
            <TextLine id="r1l99" custom="readingOrder {index:49;}">
                <Coords points="471,2525 1229,2528 1229,2492 1132,2477 471,2485"/>
                <Baseline points="476,2511 513,2511 550,2513 588,2513 625,2514 663,2514 700,2514 737,2514 775,2514 812,2514 850,2514 887,2514 924,2514 962,2514 999,2516 1037,2516 1074,2516 1111,2516 1149,2517 1186,2519 1224,2520"/>
                <TextEquiv>
                    <Unicode>erant in pane ante consecrationem: &amp; per consequens gra</Unicode>
                </TextEquiv>
            </TextLine>
            <TextLine id="r1l101" custom="readingOrder {index:50;}">
                <Coords points="469,2575 1228,2568 1208,2526 469,2526"/>
                <Baseline points="474,2555 511,2556 548,2556 586,2557 623,2558 661,2558 698,2558 736,2558 773,2558 811,2559 848,2559 885,2559 923,2559 960,2559 998,2559 1035,2559 1073,2559 1110,2559 1148,2561 1185,2561 1223,2562"/>
                <TextEquiv>
                    <Unicode>uitas. Quid ergo mirum si naturaliter a. hostia ita</Unicode>
                </TextEquiv>
            </TextLine>
            <TextLine id="r1l103" custom="readingOrder {index:51;}">
                <Coords points="463,2606 1217,2616 1204,2573 463,2575"/>
                <Baseline points="468,2600 505,2600 542,2601 579,2601 616,2601 654,2601 691,2602 728,2603 765,2603 802,2603 840,2603 877,2603 914,2603 951,2603 988,2604 1026,2604 1063,2604 1100,2604 1137,2604 1174,2604 1212,2604"/>
                <TextEquiv>
                    <Unicode>cito descendat sicut b. hostia: quia tantum grauitatis</Unicode>
                </TextEquiv>
            </TextLine>
            <TextLine id="r1l105" custom="readingOrder {index:52;}">
                <Coords points="463,2655 1151,2671 1217,2661 1218,2616 571,2622 464,2603"/>
                <Baseline points="468,2645 505,2645 542,2645 579,2645 616,2645 654,2645 691,2646 728,2646 765,2646 802,2646 840,2648 877,2648 914,2648 951,2648 988,2649 1026,2649 1063,2649 1100,2649 1137,2649 1174,2649 1212,2649"/>
                <TextEquiv>
                    <Unicode>habet vel inhaesiue inquantitate: vel coassistiue cum</Unicode>
                </TextEquiv>
            </TextLine>
            <TextLine id="r1l107" custom="readingOrder {index:53;}">
                <Coords points="469,2699 1222,2709 1222,2662 1189,2657 469,2655"/>
                <Baseline points="474,2687 511,2687 548,2687 585,2687 622,2688 659,2688 696,2688 734,2688 771,2690 808,2690 845,2690 882,2691 919,2691 956,2693 994,2693 1031,2694 1068,2694 1105,2695 1142,2696 1179,2696 1217,2697"/>
                <TextEquiv>
                    <Unicode>ea: reliqua accidentia &amp; seipsam deorsum mouens.</Unicode>
                </TextEquiv>
            </TextLine>
            <TextLine id="r1l109" custom="readingOrder {index:54;}">
                <Coords points="469,2758 1217,2765 1230,2713 470,2706"/>
                <Baseline points="474,2736 511,2735 549,2733 586,2733 624,2733 661,2733 699,2733 736,2734 774,2735 811,2736 849,2736 886,2737 924,2738 961,2739 999,2740 1036,2741 1074,2742 1111,2742 1149,2744 1186,2744 1224,2745"/>
                <TextEquiv>
                    <Unicode>quemadmodum grauitas ab omni alio accidente se</Unicode>
                </TextEquiv>
            </TextLine>
            <TextEquiv>
                <Unicode>grauis. Secundo dico quod illic tangitur difficultas in 
philosophia: An grauitas &amp; leuitas sint acciden
tia corpori graui &amp; leui inhaerentia. &amp; licet sint illic
opiniones: magis tamen placet pars affirmatiua. Ma
nente enim eadem forma substantiali: variatur graui-
tas &amp; leuitas, quod patet de fumo. quando enim est bene
calidus leuitas est: &amp; ascendit super aerem. interdum autem
descendit illa leuitate corrupta. Nec est vero simi
e quod ad ascensum &amp; descensum forma substantialis
cooperetur. Nam vapor aliquis aqueus qui est realiter
aqua: leuificatus ab ardore solis, violente ascendit
ad quem ascensum forma substantialis aquae nullo
modo coadiuuat: sed leuitas impssa a corporibus
vaporem violente eleuat: quia vapor ille a sua forma
se reducit ad grauitatem per qua descendit. modo mo
tus violentus non fit a principio intrinseco secundum 
Aristotelem tertio Ethicorum. Insuper forma vapo-
ris non agit ad contraria. Sed hic est euasio. dices
enim quod non incouenit agens principale concurrere ad
contraria mediantibus diuersis instrumentis. Nam for
ma aqui calefacit cum calore: &amp; frigefacit cum frigore.
Sed hanc euasionem non iudico rationabilem quando
instrumentum est contrarium agenti principali. quemad
modum est calor respectu formae aquae. Et propterea
vtrobique teneo quod forma aquae no cocurrit cum ca-
ore ad calefaciendum. Apparentior autem instantia potest
adduci de argumento topico, quod opinionem produ- 
cit: &amp; quod cum pia affectione fidem producit: quae opin ioni
contrariatur. ergo idem coagit ad contraria. Ista tamen in-
stantia non tollit propositum, quando causa naturalis co
agit cum agente libero: queadmodum de notitia con-
tingit: quae ad volitionem &amp; ad nolitionem concurrit cum
voluntate. secus est inter formam aquae &amp; calorem: quia
inter illa est contrarietas virtualis. Ex his probabue
habes: quod grauitas &amp; leuitas sunt accidentia: &amp; le-
uitas grauitati est contraria. modo substantia nulli
est contraria. accidentia inquam corporum grauium &amp; le-
uium, intensibilia &amp; remissibilia: a qualitatibus pri-
mis producibilia: a calore vel frigore secundum. exigen
tiam passi. videre let quod frigiditas &amp; siccitas magnam
grauitatem producunt: vt patet in terra. frigiditas autem
&amp; humiditas minorem: vt videre est in aqua. &amp; pro
portionabiliter in mixtis secundum participationem ele-
ment i praedominantis. His dictis dicedum est: quod si gra-
uitas accidens separetur a terra de potentia dei: vel a
pane: terra non esset grauis: nec leuis nisi leuitas ad
cidens ei superadderetur. et si ponatur in aere, non descen
deret nec ascenderet plus quam frustum caeli illic positum.
&amp; tamen accidentia omnia manent post consecrationem quae
erant in pane ante consecrationem: &amp; per consequens gra
uitas. Quid ergo mirum si naturaliter a. hostia ita
cito descendat sicut b. hostia: quia tantum grauitatis
habet vel inhaesiue inquantitate: vel coassistiue cum
ea: reliqua accidentia &amp; seipsam deorsum mouens.
quemadmodum grauitas ab omni alio accidente se</Unicode>
            </TextEquiv>
        </TextRegion>
        <TextRegion orientation="0.0" id="TextRegion_1590154801421_1085" custom="readingOrder {index:1;}">
            <Coords points="1264,240 2079,240 2079,2755 1264,2755"/>
            <TextLine id="r1l4" custom="readingOrder {index:0;}">
                <Coords points="1315,367 1951,381 2063,371 2064,320 1590,325 1476,304 1397,322 1316,302"/>
                <Baseline points="1320,353 1356,353 1393,353 1430,354 1467,354 1504,354 1541,356 1578,356 1615,356 1652,357 1689,357 1725,359 1762,359 1799,360 1836,360 1873,360 1910,361 1947,362 1984,362 2021,362 2058,362"/>
                <TextEquiv>
                    <Unicode>clusa posita sursum descenderet &amp; se moueret.</Unicode>
                </TextEquiv>
            </TextLine>
            <TextLine id="r1l6" custom="readingOrder {index:1;}">
                <Coords points="1317,450 2077,458 2078,386 2043,371 1318,380"/>
                <Baseline points="1322,435 1359,433 1397,432 1434,431 1472,431 1509,431 1547,429 1584,431 1622,431 1659,431 1697,432 1734,432 1772,434 1809,434 1847,435 1884,435 1922,437 1959,437 1997,437 2034,437 2072,437"/>
                <TextEquiv>
                    <Unicode>⁋ Contra septimam conclusionem ar- </Unicode>
                </TextEquiv>
            </TextLine>
            <TextLine id="r1l9" custom="readingOrder {index:2;}">
                <Coords points="1320,498 2072,495 2072,457 2045,448 1320,450"/>
                <Baseline points="1325,480 1362,479 1399,479 1436,479 1473,479 1510,479 1547,479 1584,479 1621,480 1658,480 1696,482 1733,482 1770,483 1807,483 1844,484 1881,485 1918,485 1955,486 1992,486 2029,486 2067,488"/>
                <TextEquiv>
                    <Unicode>guitur. ex ea datur tibi occasio tenendi quod musca</Unicode>
                </TextEquiv>
            </TextLine>
            <TextLine id="r1l11" custom="readingOrder {index:3;}">
                <Coords points="1318,540 2084,535 2084,504 1980,494 1318,498"/>
                <Baseline points="1323,525 1360,525 1398,524 1436,523 1474,522 1512,522 1549,522 1587,524 1625,524 1663,524 1701,525 1738,525 1776,527 1814,528 1852,528 1890,529 1927,530 1965,530 2003,530 2041,531 2079,530"/>
                <TextEquiv>
                    <Unicode>possit producere equum &amp; mundum. cum enim imperfectius</Unicode>
                </TextEquiv>
            </TextLine>
            <TextLine id="r1l13" custom="readingOrder {index:4;}">
                <Coords points="1320,573 2056,587 2077,583 2078,540 1321,540"/>
                <Baseline points="1326,569 1363,567 1400,567 1437,567 1475,567 1512,567 1549,567 1587,569 1624,569 1661,569 1699,570 1736,570 1773,572 1810,572 1848,573 1885,573 1922,573 1960,575 1997,575 2034,575 2072,576"/>
                <TextEquiv>
                    <Unicode>per conclusionem possit producere perfectius: non habetur</Unicode>
                </TextEquiv>
            </TextLine>
            <TextLine id="r1l15" custom="readingOrder {index:5;}">
                <Coords points="1309,624 2072,632 2072,585 2050,583 1309,588"/>
                <Baseline points="1314,611 1351,611 1389,611 1426,611 1464,612 1502,612 1539,612 1577,614 1615,614 1652,615 1690,615 1728,616 1765,617 1803,617 1841,618 1878,618 1916,620 1954,620 1991,620 2029,620 2067,620"/>
                <TextEquiv>
                    <Unicode>ratio ad illud improbadum. ⁋ Respondetur. nulla est</Unicode>
                </TextEquiv>
            </TextLine>
            <TextLine id="r1l17" custom="readingOrder {index:6;}">
                <Coords points="1321,666 1988,667 2029,688 2077,675 2078,634 1321,630"/>
                <Baseline points="1326,657 1363,657 1400,657 1438,657 1475,657 1512,657 1550,657 1587,657 1624,659 1662,659 1699,660 1736,660 1774,660 1811,662 1848,662 1886,663 1923,663 1960,663 1998,665 2035,665 2073,665"/>
                <TextEquiv>
                    <Unicode>apparentia causalitatis muscae in productionem equi: </Unicode>
                </TextEquiv>
            </TextLine>
            <TextLine id="r1l19" custom="readingOrder {index:7;}">
                <Coords points="1318,720 2047,724 2071,718 2072,676 1319,668"/>
                <Baseline points="1323,699 1360,699 1397,699 1434,699 1471,699 1508,699 1545,701 1583,701 1620,702 1657,703 1694,704 1731,705 1768,706 1805,707 1843,707 1880,708 1917,708 1954,710 1991,710 2028,710 2066,708"/>
                <TextEquiv>
                    <Unicode>&amp; in multis imperfectis respectu perfectorum. in ali</Unicode>
                </TextEquiv>
            </TextLine>
            <TextLine id="r1l21" custom="readingOrder {index:8;}">
                <Coords points="1320,759 2056,770 2069,719 1320,718"/>
                <Baseline points="1325,744 1361,744 1398,744 1435,744 1472,744 1509,745 1546,746 1583,746 1620,747 1657,747 1694,747 1730,749 1767,749 1804,750 1841,751 1878,752 1915,753 1952,753 1989,755 2026,755 2063,756"/>
                <TextEquiv>
                    <Unicode>quibus tamen ratio vincit: vel multu suadet. ⁋ Secun</Unicode>
                </TextEquiv>
            </TextLine>
            <TextLine id="r1l23" custom="readingOrder {index:9;}">
                <Coords points="1317,806 2059,816 2069,768 1318,760"/>
                <Baseline points="1323,788 1360,789 1397,789 1434,789 1471,789 1508,789 1545,790 1582,791 1619,791 1656,792 1693,792 1730,792 1767,794 1804,794 1841,795 1878,795 1915,797 1952,797 1989,798 2026,799 2064,800"/>
                <TextEquiv>
                    <Unicode>do arguitur. per me calor separatus concurrit ad cor</Unicode>
                </TextEquiv>
            </TextLine>
            <TextLine id="r1l25" custom="readingOrder {index:10;}">
                <Coords points="1317,842 2069,857 2070,811 2035,805 1318,806"/>
                <Baseline points="1322,834 1359,834 1396,833 1433,833 1470,833 1507,833 1544,834 1581,834 1618,834 1655,836 1693,837 1730,837 1767,839 1804,839 1841,840 1878,840 1915,842 1952,842 1989,843 2026,843 2064,843"/>
                <TextEquiv>
                    <Unicode>ruptionem formae substantialis aquae paruae &amp; produ- </Unicode>
                </TextEquiv>
            </TextLine>
            <TextLine id="r1l27" custom="readingOrder {index:11;}">
                <Coords points="1312,893 1959,905 2059,899 2073,860 1313,841"/>
                <Baseline points="1317,876 1354,877 1392,878 1429,878 1467,878 1504,879 1542,879 1579,879 1617,881 1654,881 1692,882 1729,882 1767,882 1804,884 1842,884 1879,884 1917,885 1954,885 1992,887 2029,887 2067,887"/>
                <TextEquiv>
                    <Unicode>ctionem formae ignis. ponatur igitur quod deus non con-</Unicode>
                </TextEquiv>
            </TextLine>
            <TextLine id="r1l29" custom="readingOrder {index:12;}">
                <Coords points="1317,935 2065,945 2066,897 1997,892 1318,895"/>
                <Baseline points="1323,920 1359,920 1396,921 1433,921 1470,923 1507,923 1544,924 1581,924 1618,924 1655,926 1692,926 1728,926 1765,927 1802,927 1839,928 1876,929 1913,929 1950,930 1987,930 2024,931 2061,932"/>
                <TextEquiv>
                    <Unicode>currat: sequitur quod a solo calore producitur forma</Unicode>
                </TextEquiv>
            </TextLine>
            <TextLine id="r1l31" custom="readingOrder {index:13;}">
                <Coords points="1316,980 2068,992 2053,942 1317,935"/>
                <Baseline points="1322,966 1359,966 1396,966 1433,967 1470,968 1507,968 1544,968 1581,969 1618,969 1655,969 1692,969 1729,971 1766,971 1803,971 1840,972 1877,972 1914,974 1951,974 1988,974 2025,975 2063,975"/>
                <TextEquiv>
                    <Unicode>ignis. ⁋ Respodetur: deus concurrit ac si esset ignis</Unicode>
                </TextEquiv>
            </TextLine>
            <TextLine id="r1l33" custom="readingOrder {index:14;}">
                <Coords points="1314,1027 2058,1041 2072,997 1314,978"/>
                <Baseline points="1319,1011 1356,1011 1393,1011 1431,1011 1468,1011 1506,1011 1543,1013 1580,1013 1618,1013 1655,1013 1693,1014 1730,1015 1767,1016 1805,1016 1842,1017 1880,1017 1917,1017 1954,1019 1992,1019 2029,1019 2067,1019"/>
                <TextEquiv>
                    <Unicode>praesens: quia vtrobique quando natura deficit in fa-</Unicode>
                </TextEquiv>
            </TextLine>
            <TextLine id="r1l35" custom="readingOrder {index:15;}">
                <Coords points="1309,1066 2061,1084 2069,1038 1309,1027"/>
                <Baseline points="1314,1055 1351,1055 1389,1055 1426,1056 1464,1056 1501,1056 1539,1058 1576,1058 1614,1058 1651,1058 1689,1059 1726,1059 1764,1059 1801,1061 1839,1061 1876,1062 1914,1062 1951,1064 1989,1064 2026,1065 2064,1067"/>
                <TextEquiv>
                    <Unicode>ciendo: defectum supplet deus. &amp; potissimum in hoc</Unicode>
                </TextEquiv>
            </TextLine>
            <TextLine id="r1l37" custom="readingOrder {index:16;}">
                <Coords points="1315,1115 2074,1112 2074,1083 1989,1070 1316,1065"/>
                <Baseline points="1320,1097 1357,1098 1394,1098 1432,1099 1469,1100 1507,1101 1544,1101 1582,1103 1619,1103 1657,1104 1694,1104 1731,1105 1769,1106 1806,1106 1844,1106 1881,1107 1919,1107 1956,1107 1994,1107 2031,1107 2069,1107"/>
                <TextEquiv>
                    <Unicode>sacramento coagit plerumque sicut substantia istis ac-</Unicode>
                </TextEquiv>
            </TextLine>
            <TextLine id="r1l39" custom="readingOrder {index:17;}">
                <Coords points="1314,1159 2060,1169 2074,1132 1315,1116"/>
                <Baseline points="1320,1142 1357,1142 1394,1143 1432,1143 1469,1145 1507,1145 1544,1146 1582,1146 1619,1146 1657,1148 1694,1148 1731,1148 1769,1149 1806,1149 1844,1149 1881,1151 1919,1151 1956,1151 1994,1152 2031,1152 2069,1152"/>
                <TextEquiv>
                    <Unicode>cidentibus affecta coagit vt lateat virtus sacra-</Unicode>
                </TextEquiv>
            </TextLine>
            <TextLine id="r1l41" custom="readingOrder {index:18;}">
                <Coords points="1309,1204 2037,1211 2072,1207 2073,1164 1310,1160"/>
                <Baseline points="1314,1187 1351,1187 1389,1188 1426,1188 1464,1190 1502,1190 1539,1190 1577,1191 1615,1191 1652,1191 1690,1191 1728,1191 1765,1193 1803,1193 1841,1193 1878,1194 1916,1194 1954,1196 1991,1196 2029,1197 2067,1199"/>
                <TextEquiv>
                    <Unicode>menti (nisi interdum pro speciali causa miraculum dete</Unicode>
                </TextEquiv>
            </TextLine>
            <TextLine id="r1l43" custom="readingOrder {index:19;}">
                <Coords points="1322,1245 2037,1258 2064,1253 2065,1207 1323,1205"/>
                <Baseline points="1328,1233 1364,1232 1401,1232 1437,1233 1474,1233 1511,1233 1547,1233 1584,1234 1620,1235 1657,1236 1694,1236 1730,1236 1767,1238 1803,1238 1840,1239 1877,1240 1913,1241 1950,1241 1986,1241 2023,1242 2060,1242"/>
                <TextEquiv>
                    <Unicode>gat) &amp; agit conformiter ad talem substantiam producem</Unicode>
                </TextEquiv>
            </TextLine>
            <TextLine id="r1l45" custom="readingOrder {index:20;}">
                <Coords points="1309,1285 1988,1300 2074,1293 2075,1260 1310,1251"/>
                <Baseline points="1314,1274 1351,1275 1389,1276 1427,1277 1465,1277 1502,1278 1540,1279 1578,1280 1616,1280 1653,1281 1691,1281 1729,1281 1767,1283 1804,1283 1842,1283 1880,1284 1918,1284 1955,1284 1993,1286 2031,1286 2069,1287"/>
                <TextEquiv>
                    <Unicode>dam: qualem produceret substantia quae apparenter est hic</Unicode>
                </TextEquiv>
            </TextLine>
            <TextLine id="r1l47" custom="readingOrder {index:21;}">
                <Coords points="1311,1338 2055,1349 2075,1292 1312,1286"/>
                <Baseline points="1317,1319 1354,1320 1392,1320 1429,1322 1467,1322 1505,1323 1542,1323 1580,1325 1618,1325 1655,1325 1693,1326 1731,1326 1768,1326 1806,1328 1844,1328 1881,1328 1919,1328 1957,1329 1994,1329 2032,1331 2070,1331"/>
                <TextEquiv>
                    <Unicode>fide seclusa. &amp; si deus non coageret: hic calor nihil</Unicode>
                </TextEquiv>
            </TextLine>
            <TextLine id="r1l49" custom="readingOrder {index:22;}">
                <Coords points="1317,1384 2010,1393 2062,1390 2063,1348 1318,1335"/>
                <Baseline points="1323,1364 1359,1365 1396,1365 1433,1367 1470,1367 1506,1368 1543,1368 1580,1368 1617,1370 1653,1370 1690,1370 1727,1370 1764,1371 1800,1371 1837,1371 1874,1372 1911,1373 1947,1373 1984,1374 2021,1374 2058,1376"/>
                <TextEquiv>
                    <Unicode>produceret. ⁋ Sed contra. ponatur siccitas separata</Unicode>
                </TextEquiv>
            </TextLine>
            <TextLine id="r1l51" custom="readingOrder {index:23;}">
                <Coords points="1327,1428 1647,1430 1670,1408 1693,1429 2069,1440 2069,1387 1328,1378"/>
                <Baseline points="1332,1409 1368,1409 1405,1410 1441,1410 1478,1410 1515,1412 1551,1412 1588,1412 1624,1413 1661,1414 1698,1415 1734,1416 1771,1416 1807,1416 1844,1418 1881,1418 1917,1419 1954,1419 1990,1419 2027,1419 2064,1419"/>
                <TextEquiv>
                    <Unicode>quae nulli subiecto inhesit: vel calor separatus quom</Unicode>
                </TextEquiv>
            </TextLine>
            <TextLine id="r1l53" custom="readingOrder {index:24;}">
                <Coords points="1318,1463 2071,1471 2071,1440 2038,1428 1765,1436 1670,1408 1646,1431 1318,1429"/>
                <Baseline points="1323,1454 1360,1454 1397,1454 1434,1455 1471,1455 1508,1455 1545,1455 1583,1457 1620,1457 1657,1457 1694,1458 1731,1458 1768,1459 1805,1460 1843,1460 1880,1461 1917,1461 1954,1462 1991,1463 2028,1463 2066,1463"/>
                <TextEquiv>
                    <Unicode>nulli subiecto inhaesit. siccitas illa ad nullius sub-</Unicode>
                </TextEquiv>
            </TextLine>
            <TextLine id="r1l55" custom="readingOrder {index:25;}">
                <Coords points="1318,1511 2072,1523 2072,1482 2024,1470 1318,1462"/>
                <Baseline points="1323,1499 1360,1499 1397,1500 1434,1500 1471,1500 1509,1500 1546,1502 1583,1502 1620,1502 1657,1502 1695,1503 1732,1503 1769,1504 1806,1505 1843,1505 1881,1505 1918,1506 1955,1506 1992,1506 2029,1506 2067,1508"/>
                <TextEquiv>
                    <Unicode>stantiae productionem concurrit, non terrae: quia siccitas</Unicode>
                </TextEquiv>
            </TextLine>
            <TextLine id="r1l57" custom="readingOrder {index:26;}">
                <Coords points="1314,1551 2072,1564 2072,1522 2015,1515 1314,1515"/>
                <Baseline points="1319,1544 1356,1544 1393,1544 1431,1544 1468,1544 1506,1544 1543,1545 1580,1545 1618,1546 1655,1547 1693,1548 1730,1548 1767,1550 1805,1550 1842,1551 1880,1551 1917,1552 1954,1553 1992,1553 2029,1553 2067,1553"/>
                <TextEquiv>
                    <Unicode>etiam igni convenit. ergo qua ratione cocurrit ad pro-</Unicode>
                </TextEquiv>
            </TextLine>
            <TextLine id="r1l59" custom="readingOrder {index:27;}">
                <Coords points="1311,1600 2042,1612 2065,1609 2066,1563 1312,1550"/>
                <Baseline points="1317,1587 1354,1587 1391,1587 1428,1589 1465,1589 1503,1589 1540,1590 1577,1590 1614,1592 1651,1592 1689,1593 1726,1593 1763,1593 1800,1595 1837,1595 1875,1595 1912,1595 1949,1595 1986,1595 2023,1595 2061,1595"/>
                <TextEquiv>
                    <Unicode>ductionem terrae, concurrit ad productionem ignis: &amp;</Unicode>
                </TextEquiv>
            </TextLine>
            <TextLine id="r1l61" custom="readingOrder {index:28;}">
                <Coords points="1312,1640 2066,1654 2049,1607 1313,1605"/>
                <Baseline points="1317,1631 1354,1632 1391,1632 1428,1632 1465,1634 1503,1634 1540,1634 1577,1634 1614,1635 1651,1635 1689,1635 1726,1637 1763,1637 1800,1637 1837,1638 1875,1638 1912,1639 1949,1640 1986,1640 2023,1641 2061,1641"/>
                <TextEquiv>
                    <Unicode>non potest simul concurrere ad productionem illorum</Unicode>
                </TextEquiv>
            </TextLine>
            <TextLine id="r1l63" custom="readingOrder {index:29;}">
                <Coords points="1302,1696 2069,1696 2069,1654 1999,1647 1302,1648"/>
                <Baseline points="1307,1674 1344,1675 1382,1676 1420,1677 1458,1677 1496,1679 1534,1679 1571,1680 1609,1680 1647,1680 1685,1681 1723,1682 1761,1682 1799,1682 1836,1683 1874,1683 1912,1683 1950,1685 1988,1685 2026,1686 2064,1688"/>
                <TextEquiv>
                    <Unicode>duorum: igitur. ⁋ Respondetur. siccitas concurrit ad cor</Unicode>
                </TextEquiv>
            </TextLine>
            <TextLine id="r1l65" custom="readingOrder {index:30;}">
                <Coords points="1306,1734 2069,1746 2070,1697 2006,1690 1307,1693"/>
                <Baseline points="1311,1721 1348,1721 1386,1721 1423,1721 1461,1721 1499,1721 1536,1721 1574,1722 1612,1722 1649,1723 1687,1724 1725,1724 1762,1725 1800,1725 1838,1727 1875,1727 1913,1728 1951,1728 1988,1729 2026,1730 2064,1730"/>
                <TextEquiv>
                    <Unicode>ruptionem humiditatis suapte natura: &amp; potest concur</Unicode>
                </TextEquiv>
            </TextLine>
            <TextLine id="r1l67" custom="readingOrder {index:31;}">
                <Coords points="1303,1775 2063,1787 2063,1743 2013,1736 1303,1734"/>
                <Baseline points="1308,1766 1345,1766 1383,1766 1420,1766 1458,1766 1495,1766 1533,1766 1570,1767 1608,1767 1645,1767 1683,1769 1720,1769 1758,1770 1795,1770 1833,1770 1870,1772 1908,1772 1945,1773 1983,1773 2020,1773 2058,1773"/>
                <TextEquiv>
                    <Unicode>rere partialiter ad producendam formam substantialem</Unicode>
                </TextEquiv>
            </TextLine>
            <TextLine id="r1l69" custom="readingOrder {index:32;}">
                <Coords points="1309,1822 2065,1836 2066,1787 2044,1785 1310,1777"/>
                <Baseline points="1314,1808 1351,1808 1388,1809 1425,1809 1463,1811 1500,1811 1537,1811 1575,1812 1612,1812 1649,1814 1687,1814 1724,1814 1761,1815 1798,1815 1836,1817 1873,1817 1910,1817 1948,1818 1985,1818 2022,1819 2060,1820"/>
                <TextEquiv>
                    <Unicode>ignis vel terrae indifferenter: non tamen potest siccitas pro-</Unicode>
                </TextEquiv>
            </TextLine>
            <TextLine id="r1l71" custom="readingOrder {index:33;}">
                <Coords points="1316,1871 2062,1871 2062,1833 1956,1825 1317,1822"/>
                <Baseline points="1322,1854 1358,1853 1395,1854 1432,1854 1469,1854 1505,1854 1542,1856 1579,1856 1616,1856 1652,1857 1689,1858 1726,1859 1763,1859 1799,1860 1836,1861 1873,1862 1910,1862 1946,1862 1983,1863 2020,1863 2057,1863"/>
                <TextEquiv>
                    <Unicode>ducere calorem qui requiritur ad ignis productionem</Unicode>
                </TextEquiv>
            </TextLine>
            <TextLine id="r1l73" custom="readingOrder {index:34;}">
                <Coords points="1309,1907 2020,1925 2062,1920 2063,1872 1309,1869"/>
                <Baseline points="1314,1898 1351,1898 1388,1899 1425,1899 1462,1899 1500,1901 1537,1901 1574,1901 1611,1901 1648,1902 1686,1902 1723,1902 1760,1902 1797,1904 1834,1904 1872,1904 1909,1905 1946,1905 1983,1907 2020,1908 2058,1908"/>
                <TextEquiv>
                    <Unicode>naturaliter. si vero ponatur aliud agens potens pas</Unicode>
                </TextEquiv>
            </TextLine>
            <TextLine id="r1l75" custom="readingOrder {index:35;}">
                <Coords points="1309,1961 2075,1970 2076,1920 1310,1906"/>
                <Baseline points="1314,1941 1351,1943 1389,1943 1427,1944 1465,1944 1503,1944 1540,1944 1578,1946 1616,1946 1654,1946 1692,1946 1729,1946 1767,1947 1805,1947 1843,1947 1881,1949 1918,1949 1956,1950 1994,1950 2032,1952 2070,1953"/>
                <TextEquiv>
                    <Unicode>sum calefacere, dato quod esset aqua calida in sum</Unicode>
                </TextEquiv>
            </TextLine>
            <TextLine id="r1l77" custom="readingOrder {index:36;}">
                <Coords points="1311,1998 2072,2012 2073,1973 1312,1960"/>
                <Baseline points="1316,1988 1353,1988 1391,1988 1428,1988 1466,1988 1503,1988 1541,1988 1578,1989 1616,1989 1653,1989 1691,1991 1729,1991 1766,1991 1804,1992 1841,1992 1879,1993 1916,1994 1954,1994 1991,1995 2029,1995 2067,1995"/>
                <TextEquiv>
                    <Unicode>mo, &amp; daretur passum multum desiccatum &amp; calefa</Unicode>
                </TextEquiv>
            </TextLine>
            <TextLine id="r1l79" custom="readingOrder {index:37;}">
                <Coords points="1311,2040 2022,2058 2065,2050 2066,2008 1312,1997"/>
                <Baseline points="1317,2031 1354,2031 1391,2032 1428,2033 1465,2033 1502,2033 1539,2033 1577,2033 1614,2033 1651,2034 1688,2034 1725,2034 1762,2034 1799,2034 1837,2036 1874,2036 1911,2036 1948,2037 1985,2039 2022,2039 2060,2040"/>
                <TextEquiv>
                    <Unicode>ctum: tam calor qui siccitas possunt concurrere ad produ</Unicode>
                </TextEquiv>
            </TextLine>
            <TextLine id="r1l81" custom="readingOrder {index:38;}">
                <Coords points="1305,2086 2051,2100 2064,2051 1306,2046"/>
                <Baseline points="1310,2076 1347,2076 1384,2076 1422,2076 1459,2076 1497,2076 1534,2077 1571,2078 1609,2078 1646,2079 1684,2079 1721,2079 1758,2081 1796,2081 1833,2081 1871,2081 1908,2082 1945,2082 1983,2082 2020,2082 2058,2081"/>
                <TextEquiv>
                    <Unicode>ctionem formae ignis cum causa prima. &amp; si fuis-</Unicode>
                </TextEquiv>
            </TextLine>
            <TextLine id="r1l83" custom="readingOrder {index:39;}">
                <Coords points="1308,2130 1998,2148 2072,2143 2073,2099 1309,2086"/>
                <Baseline points="1314,2120 1351,2120 1389,2120 1426,2121 1464,2121 1502,2121 1539,2121 1577,2122 1615,2123 1652,2123 1690,2123 1728,2124 1765,2124 1803,2124 1841,2125 1878,2126 1916,2126 1954,2127 1991,2127 2029,2129 2067,2129"/>
                <TextEquiv>
                    <Unicode>sent alia agentia apposita coadiuuantia ad produ- </Unicode>
                </TextEquiv>
            </TextLine>
            <TextLine id="r1l85" custom="readingOrder {index:40;}">
                <Coords points="1309,2173 2022,2187 2059,2181 2060,2147 1310,2130"/>
                <Baseline points="1314,2165 1351,2165 1388,2165 1425,2165 1462,2165 1499,2165 1536,2166 1573,2166 1610,2166 1647,2166 1684,2168 1721,2168 1758,2168 1795,2169 1832,2169 1869,2169 1906,2171 1943,2171 1980,2171 2017,2172 2054,2172"/>
                <TextEquiv>
                    <Unicode>ctionem aliorum effectuum: similiter ad hoc coadiuuant.</Unicode>
                </TextEquiv>
            </TextLine>
            <TextLine id="r1l87" custom="readingOrder {index:41;}">
                <Coords points="1303,2218 2069,2229 2053,2179 1304,2173"/>
                <Baseline points="1308,2210 1345,2210 1383,2210 1421,2210 1459,2210 1497,2210 1534,2210 1572,2210 1610,2211 1648,2211 1686,2211 1723,2211 1761,2213 1799,2213 1837,2214 1875,2214 1912,2214 1950,2216 1988,2216 2026,2217 2064,2217"/>
                <TextEquiv>
                    <Unicode>Et sic non est maior difficultas de accidente, quod num</Unicode>
                </TextEquiv>
            </TextLine>
            <TextLine id="r1l89" custom="readingOrder {index:42;}">
                <Coords points="1309,2257 2060,2272 2051,2227 1310,2218"/>
                <Baseline points="1314,2252 1351,2252 1388,2253 1425,2253 1462,2255 1499,2255 1536,2255 1573,2256 1610,2256 1647,2256 1684,2258 1721,2258 1758,2258 1795,2258 1832,2258 1869,2259 1906,2259 1943,2259 1980,2259 2017,2261 2055,2261"/>
                <TextEquiv>
                    <Unicode>quae fuit in subiecto: quam de illo quod in subiecto fuit: nec</Unicode>
                </TextEquiv>
            </TextLine>
            <TextLine id="r1l91" custom="readingOrder {index:43;}">
                <Coords points="1306,2308 2065,2318 2058,2273 1306,2257"/>
                <Baseline points="1311,2298 1348,2298 1385,2298 1423,2298 1460,2298 1498,2300 1535,2300 1573,2300 1610,2300 1648,2301 1685,2301 1722,2301 1760,2303 1797,2303 1835,2303 1872,2304 1910,2304 1947,2306 1985,2306 2022,2307 2060,2307"/>
                <TextEquiv>
                    <Unicode>de accidente potente ad varios effectus concurrere:</Unicode>
                </TextEquiv>
            </TextLine>
            <TextLine id="r1l93" custom="readingOrder {index:44;}">
                <Coords points="1308,2364 1907,2368 1960,2364 1961,2320 1309,2314"/>
                <Baseline points="1314,2345 1346,2345 1378,2345 1410,2345 1442,2345 1474,2345 1506,2345 1538,2346 1570,2346 1602,2346 1635,2346 1667,2347 1699,2348 1731,2348 1763,2348 1795,2348 1827,2349 1859,2349 1891,2349 1923,2349 1956,2349"/>
                <TextEquiv>
                    <Unicode>plus quam si ad vnum solum effectum concurreret.</Unicode>
                </TextEquiv>
            </TextLine>
            <TextLine id="r1l95" custom="readingOrder {index:45;}">
                <Coords points="1302,2446 1523,2450 1571,2429 1610,2449 2059,2448 2060,2363 1877,2392 1808,2361 1303,2366"/>
                <Baseline points="1307,2426 1344,2424 1381,2424 1419,2423 1456,2421 1493,2421 1531,2421 1568,2421 1605,2421 1643,2423 1680,2423 1717,2423 1755,2424 1792,2424 1829,2426 1867,2426 1904,2426 1941,2427 1979,2427 2016,2427 2054,2427"/>
                <TextEquiv>
                    <Unicode>⁋ lam habes quod accidentia aequaliter</Unicode>
                </TextEquiv>
            </TextLine>
            <TextLine id="r1l98" custom="readingOrder {index:46;}">
                <Coords points="1300,2479 2024,2497 2072,2476 2072,2450 1985,2438 1917,2457 1708,2433 1300,2443"/>
                <Baseline points="1305,2471 1343,2471 1381,2471 1419,2471 1457,2471 1495,2472 1533,2472 1571,2472 1609,2472 1647,2472 1686,2474 1724,2474 1762,2474 1800,2474 1838,2474 1876,2474 1914,2475 1952,2475 1990,2475 2028,2475 2067,2475"/>
                <TextEquiv>
                    <Unicode>agunt separata actione reali sicut quando inhaere-</Unicode>
                </TextEquiv>
            </TextLine>
            <TextLine id="r1l100" custom="readingOrder {index:47;}">
                <Coords points="1309,2522 2054,2535 2054,2482 1309,2487"/>
                <Baseline points="1314,2513 1350,2513 1387,2514 1424,2514 1461,2516 1497,2516 1534,2516 1571,2516 1608,2517 1644,2517 1681,2517 1718,2517 1755,2517 1791,2517 1828,2517 1865,2517 1902,2517 1938,2519 1975,2519 2012,2519 2049,2519"/>
                <TextEquiv>
                    <Unicode>bat subiecto. de actione enim intentionali non est</Unicode>
                </TextEquiv>
            </TextLine>
            <TextLine id="r1l102" custom="readingOrder {index:48;}">
                <Coords points="1302,2571 2055,2583 2056,2535 2028,2529 1303,2528"/>
                <Baseline points="1308,2558 1345,2559 1382,2559 1419,2559 1456,2559 1493,2559 1530,2560 1568,2561 1605,2561 1642,2561 1679,2561 1716,2561 1753,2561 1790,2562 1828,2562 1865,2562 1902,2562 1939,2564 1976,2564 2013,2564 2051,2565"/>
                <TextEquiv>
                    <Unicode>dubium. Ratio est: quia efficientiam non habent a sub-</Unicode>
                </TextEquiv>
            </TextLine>
            <TextLine id="r1l104" custom="readingOrder {index:49;}">
                <Coords points="1300,2617 2057,2625 2057,2582 2016,2570 1300,2572"/>
                <Baseline points="1305,2603 1342,2603 1379,2604 1417,2604 1454,2604 1491,2605 1529,2606 1566,2606 1603,2606 1641,2606 1678,2606 1715,2607 1753,2607 1790,2607 1827,2607 1865,2607 1902,2607 1939,2607 1977,2607 2014,2606 2052,2606"/>
                <TextEquiv>
                    <Unicode>iecto cui insunt: scilicet materia: quia illa nullius</Unicode>
                </TextEquiv>
            </TextLine>
            <TextLine id="r1l106" custom="readingOrder {index:50;}">
                <Coords points="1309,2657 2054,2660 2054,2623 1967,2615 1309,2622"/>
                <Baseline points="1314,2648 1350,2648 1387,2648 1424,2649 1461,2649 1497,2649 1534,2649 1571,2650 1608,2651 1644,2651 1681,2651 1718,2651 1755,2651 1791,2651 1828,2651 1865,2651 1902,2651 1938,2651 1975,2652 2012,2651 2049,2651"/>
                <TextEquiv>
                    <Unicode>actionis realis est principium: nec actionem a forma</Unicode>
                </TextEquiv>
            </TextLine>
            <TextLine id="r1l108" custom="readingOrder {index:51;}">
                <Coords points="1297,2708 2054,2714 2042,2658 1297,2656"/>
                <Baseline points="1302,2693 1339,2693 1376,2694 1414,2694 1451,2694 1488,2694 1526,2696 1563,2696 1600,2696 1638,2696 1675,2696 1712,2696 1750,2696 1787,2696 1824,2696 1862,2696 1899,2696 1936,2696 1974,2696 2011,2696 2049,2696"/>
                <TextEquiv>
                    <Unicode>habent cum qua penetratiue sunt: quia tunc de se non</Unicode>
                </TextEquiv>
            </TextLine>
            <TextLine id="r1l110" custom="readingOrder {index:52;}">
                <Coords points="1296,2767 1605,2768 1641,2748 1684,2770 1924,2748 2066,2766 2066,2712 2017,2704 1296,2709"/>
                <Baseline points="1301,2744 1339,2742 1377,2742 1415,2742 1453,2741 1491,2741 1529,2741 1567,2741 1605,2741 1643,2741 1681,2741 1719,2741 1757,2742 1795,2742 1833,2742 1871,2742 1909,2742 1947,2742 1985,2742 2023,2742 2061,2742"/>
                <TextEquiv>
                    <Unicode>agerent. Vlterius diximus substatiam posse produ- </Unicode>
                </TextEquiv>
            </TextLine>
            <TextEquiv>
                <Unicode>clusa posita sursum descenderet &amp; se moueret.
⁋ Contra septimam conclusionem ar- 
guitur. ex ea datur tibi occasio tenendi quod musca
possit producere equum &amp; mundum. cum enim imperfectius
per conclusionem possit producere perfectius: non habetur
ratio ad illud improbadum. ⁋ Respondetur. nulla est
apparentia causalitatis muscae in productionem equi: 
&amp; in multis imperfectis respectu perfectorum. in ali
quibus tamen ratio vincit: vel multu suadet. ⁋ Secun
do arguitur. per me calor separatus concurrit ad cor
ruptionem formae substantialis aquae paruae &amp; produ- 
ctionem formae ignis. ponatur igitur quod deus non con-
currat: sequitur quod a solo calore producitur forma
ignis. ⁋ Respodetur: deus concurrit ac si esset ignis
praesens: quia vtrobique quando natura deficit in fa-
ciendo: defectum supplet deus. &amp; potissimum in hoc
sacramento coagit plerumque sicut substantia istis ac-
cidentibus affecta coagit vt lateat virtus sacra-
menti (nisi interdum pro speciali causa miraculum dete
gat) &amp; agit conformiter ad talem substantiam producem
dam: qualem produceret substantia quae apparenter est hic
fide seclusa. &amp; si deus non coageret: hic calor nihil
produceret. ⁋ Sed contra. ponatur siccitas separata
quae nulli subiecto inhesit: vel calor separatus quom
nulli subiecto inhaesit. siccitas illa ad nullius sub-
stantiae productionem concurrit, non terrae: quia siccitas
etiam igni convenit. ergo qua ratione cocurrit ad pro-
ductionem terrae, concurrit ad productionem ignis: &amp;
non potest simul concurrere ad productionem illorum
duorum: igitur. ⁋ Respondetur. siccitas concurrit ad cor
ruptionem humiditatis suapte natura: &amp; potest concur
rere partialiter ad producendam formam substantialem
ignis vel terrae indifferenter: non tamen potest siccitas pro-
ducere calorem qui requiritur ad ignis productionem
naturaliter. si vero ponatur aliud agens potens pas
sum calefacere, dato quod esset aqua calida in sum
mo, &amp; daretur passum multum desiccatum &amp; calefa
ctum: tam calor qui siccitas possunt concurrere ad produ
ctionem formae ignis cum causa prima. &amp; si fuis-
sent alia agentia apposita coadiuuantia ad produ- 
ctionem aliorum effectuum: similiter ad hoc coadiuuant.
Et sic non est maior difficultas de accidente, quod num
quae fuit in subiecto: quam de illo quod in subiecto fuit: nec
de accidente potente ad varios effectus concurrere:
plus quam si ad vnum solum effectum concurreret.
⁋ lam habes quod accidentia aequaliter
agunt separata actione reali sicut quando inhaere-
bat subiecto. de actione enim intentionali non est
dubium. Ratio est: quia efficientiam non habent a sub-
iecto cui insunt: scilicet materia: quia illa nullius
actionis realis est principium: nec actionem a forma
habent cum qua penetratiue sunt: quia tunc de se non
agerent. Vlterius diximus substatiam posse produ- </Unicode>
            </TextEquiv>
        </TextRegion>
    </Page>
</PcGts>
