2319 3322
475 323 1237 392 fieri alteratio circa Eucharistiam, ita vt sub ea non
471 394 1232 441 stet corpus Christi probatur, non stat illic perpetuo: ergo
478 429 1232 486 per aliquam alterationem potest desinere illic esse. Secur
472 476 1234 528 do probatur idem: quando eucharistia est incensa in igni
465 517 1240 571 tunc non est illic corpus Christi, quod probo. si per paruum
465 558 1229 618 tempus est illic: perpetuo erit illic: cum sit eadem ratio. sed
481 607 1239 655 hoc est falsum. igitur. sed cum aliqua transmutatione
468 660 1244 702 stat corpus Christi: & eum aliqua non stat. Vt autem co
483 690 1234 751 gnoscatur sub qua & qua non: ponitur ⁋ Septima con
478 747 1244 793 clusio per nullam transmutationem factam circa species
477 788 1235 831 sacramentales desinit esse corpus Curisti sub eis,
478 826 1244 875 cum qua maneret substantia panis ac vini si non fuis-
474 870 1244 918 set facta conversio: & quandocumque fit transmutatio cir-
474 914 1247 972 ca species sacramentales per quam corrumperetur substan
465 957 1247 1005 tia panis & vini, si hic esset corpus Christi, desine-
466 1003 1234 1058 ret esse sub illis speciebus in illo instanti. Probatur haec
465 1045 1238 1104 regula. interdum desinit corpus Christi esse sub istis
465 1097 1250 1150 speciebus: & non potest dari aliud ab illo de quo in con-
481 1136 1241 1180 clusione. igitur. Secundo arguitur ad idem. deus occultat
460 1178 1241 1225 suum corpus in Eucharistia: ac si nihil esset illic nisi pa
475 1224 1235 1280 nis & vinum: ita vt naturaliter non possit oppositum depr
471 1269 1244 1316 hendi per legem communem qua vtitur. licet interdum propter
478 1311 1238 1364 incredulos, quando sibi placet, oppositum faciat. sed fi-
477 1356 1229 1404 de constat quod incipit corpus eius esse sub illis speciebs
481 1403 1247 1458 panis & vini: ergo quando est existentia realis panis &
480 1448 1165 1505 vini, corpus Christi non amplius illic manet.
655 1501 1243 1594 lrcathanc quaestionem mouen
651 1588 1246 1632 tur dubitationes loco argumentorum.
648 1622 1244 1677 Prima erit: per quod instans desinat cor-
622 1669 1234 1725 e pus Curisti esse sub eucharistia. ⁋ Se
478 1712 1241 1764 cundo dubitatur. an accidentia Eucharistiae possint
477 1761 1235 1813 nuttire. ⁋ Tertio quid erit de mixtione aquae vel
478 1800 1240 1851 aliorum cum speciebus consecratis. ⁋ Ad primum du-
478 1846 1228 1891 bium dicitur quod corruptio potest esse ab extrinse
477 1888 1240 1935 co, aere scilicet, igne / vel huiuscemodi sensim, ita
473 1934 1235 1980 vt panis successiue corrumperetur si hic esset. & eode
477 1977 1240 2022 modo sieut panis desineret esse, desinunt illae spe-
478 2026 1237 2071 cies esse sacramentum: & per simile instans: & sic cor
477 2071 1237 2122 pus Christi, nec est maior difficultas in vno quam in
468 2109 1241 2160 alio. & tunc deus creat in illo instanti nouam materiam
478 2155 1240 2201 & formam: sicut agens concurrit ad introductionem
471 2203 1243 2254 animae. Primum igitur instans non esse corporis Christi
466 2244 1231 2294 sub hostia est primum instans substantiae genitae de non
475 2290 1241 2343 uo: siue substantia genita sit vermis / siue ignis / vel
477 2332 1244 2383 aliud huiusmodi secundum exigentiam causae corrum
477 2379 1231 2430 ptiuae specierum. De minimo sensibili vel maximo
471 2422 1231 2477 non sensibili dicas consequenter, vt in philosophia
475 2464 1234 2525 intelligis. ⁋ Ad secundam dubitationem dicitur quod
475 2509 1241 2564 accidentia possunt alterare hominem vel virum ali
474 2563 1241 2612 quem inebriando per species prope se multiplica-
475 2599 1232 2647 tas, quemadmodum ingrediens cellam vinariam ple
478 2643 1244 2697 nam vino forti potissimum nouo: habebit tandem
477 2681 1232 2744 caput perturbatum, potissimum si fuerit ad temulen
464 2734 1235 2804 tiam dispositus. & hoc vult glo. primae ad Corin
1315 318 2081 393 thios. xi. super illo verbo. Alius qui dem esurit: alius
1312 384 2066 435 autem ebrius est. Accidentia tamen nullo modo pos
1309 427 2075 472 sunt hominem nutrire vel augere. Nam ad nutritio
1312 471 2072 522 nem hominis & augmentationem requiritur quod substam
1314 514 2065 565 tia de nouo suscipiatur in nutrito & augmetato. sed
1308 557 2079 611 cum accidentia Eucharistiae suscipiuntur in stomacho:
1311 607 2080 656 & panis alteraretur si illic esset: in illo instanti quo cor
1315 643 2069 694 rumperetur panis vel vinum si illic esset: produceretur no
1315 693 2072 746 ua substantia, similis illi quae in corruptione panis
1312 740 2078 785 & vini sequeretur. & ex illa substantia nimirum homo
1311 787 2068 838 nutriretur vel augeretur. talis tamen manet ieiunus
1315 824 2081 880 ieiunio naturae: cum nullum cibum per os assumpse
1316 870 2074 918 rit. Ex quo sequitur quod aliquis potest tota vita sua
1318 918 2081 964 viuere nullum cibum sumendo alium ab hostiis con
1311 963 2072 1015 secratis. patet: cum species sunt in stomacho altera-
1317 998 2080 1056 tae: sub illis desinit esse corpus Christi: & producitur
1318 1048 2081 1098 talis substantia qualis producitur post alteratum pa
1311 1093 2087 1134 nem comestum, quae potest converti in substantiam ali-
1311 1140 2075 1192 ti. Secundo sequitur: quod licet Eucharistia neminem nu-
1312 1182 2084 1234 triat, tamen sumens Eucharistiam nutritur. prior pars
1305 1224 2084 1278 patet ex dictis: quia nulla substantia ex accidente nu
1314 1268 2083 1320 tritur. Secunda pars patet. Nam sumpta Eucharistia
1318 1311 2081 1362 & speciebus sic alteratis: vt si panis & vinum illic
1318 1354 2078 1413 essent, corrumperentur: generatur noua substantia: quae
1315 1403 2072 1452 succedit pani & vino. sed illa substantia nutriet rea-
1311 1445 2069 1501 liter. igitur, quemadmodum si deus ordinaret quod aliquis
1316 1487 2084 1545 nunqui comederet nisi accidentia, & accidentibus in
1312 1543 2068 1589 ore sumptis & in stomachum traiectis, ipsa in subi
1311 1575 2069 1633 stantiam nutritiuam mutaret. Tertio sequitur inerudi
1315 1622 2071 1677 te Thomam Argentinensem dicere quod accidentia ho
1318 1676 2072 1718 minem nutriunt supernaturaliter. ⁋ Ad tertiam dubita
1320 1710 2072 1770 tionem dicitur quod necessarium est ministro aquam infun-
1317 1756 2075 1811 dere in vinum antequam consecret. hoc est peccat si aquam
1315 1802 2072 1852 non apponat. vt habetur de consecra. distin. ii. c. i. & in
1312 1848 2072 1900 c. Sicut aquafluxit de latere Christi. Et vero simi
1311 1887 2069 1940 le est quod Christus & apostoli in coena quando primo con
1314 1929 2069 1986 secrauit, vinum aqua diluerunt. tum quod societas Chri
1317 1974 2072 2031 sti erat sobtia. tum quod vina regionu calidarum sunt
1310 2021 2062 2065 caeteris fortiora. modo ludaea est in quarto climate
1314 2065 2069 2122 magis meridionalis quam Hesperia orientalis vel occi
1311 2111 2074 2160 dentalis. Reuera tamen est consecratio sine aqua: sed
1312 2155 2066 2205 non tenetur illud memoriale Christi. Et si vinum
1312 2200 2060 2256 est maioris actiuitatis quam aqua resistentiae ad corrum
1311 2243 2075 2301 pendam aquam ante consecrationem: sic realiter est vi
1315 2292 2075 2341 num: sed debilius quam sine mixtione aquae. si vero
1305 2331 2077 2379 non poterit vinum aquam in se conuertere ante con-
1312 2375 2074 2420 secrationem: aqua non transubstantiatur: & sumens
1304 2418 2069 2473 species cum aqua frangit ieiunium naturae: sed non
1314 2464 2065 2520 peccat, quia est ei ignorantia inuincibilis. Propter
1315 2507 2068 2563 ea debet sacerdos parum aquae in vinum immit-
1306 2550 2066 2611 tere. quantumlibet euim parum sufficit. & quanto vinum
1315 2599 2063 2658 est debilius: tanto minus aquae est imponendum
1308 2643 2068 2693 potest enim verum vinum esse ita euaporatum vt do-
1305 2698 2069 2748 lium plenum vino vno cochleari aquae destruatur
1312 2735 2071 2797 quod patet sensim imponendo cochlearia aquae in vi-
