2341 3306
276 259 1046 332 num. vel enim vnquam destruetur vinum, vel nunquam. secun
282 316 1049 361 dum non est dicendum. si primum: simus prope tempus
277 357 1046 412 in quo si conchlear plenum aqua imponatur: destrue
282 405 1049 456 tur: quod est probandum. Et debet vinu cum aqua misce-
285 449 1039 513 ri a principio sacrificii: quia vinum aquam in se conver-
285 490 1039 555 tit in magno tempore: no autem sic in breui tempore.
281 542 1044 594 Si vero fiat mixtio aquae post consecrantionem: aqua
283 582 1037 628 lla nunquam consecratur. & licet species vini destruant
277 627 1034 675 accidentia aquae: & concurrant ad corruptionem for-
279 667 1039 715 mae substantialis aquae, & ad introductionem for-
280 716 1039 766 mae vini: illud tamen manebit vinum purum: nec totum erit
279 758 1037 808 sacrum. Secus est de mixtione aquae benedictae cum non
282 803 1039 850 benedicta quae simul miscentur, aqua autem vel vinum
286 846 1039 900 non miscetur cum sanguine Christi: sed solum cum spe-
280 890 1043 942 ciebus vini. nam sanguis Christi in calice est solum
269 932 1036 989 in venis Christi: & in eius corpore, nec aqua imposita
276 979 1037 1041 cum speciebus plus coniungetur sanguini Curisti quam si
285 1023 1030 1080 aqua caderet super corpus hominis: quae propterea non iung
280 1067 1049 1116 tur sanguini eius. Qn autem est immediata mixtio
283 1112 1049 1158 sacri cum non sacro vt in aqua benedicta: sacrum imme-
288 1157 1030 1218 diate iungitur non sacro: & totum constituitur sacrum: quia
280 1202 1037 1250 sacrum tanquam dignius non sacrum ad se trahit. Vinum etiam
289 1244 1039 1290 vel aquam potes sic immiscere cum speciebus vini, vt
283 1290 1043 1336 sit mixtio mutua: sed sanguis Curisti manebit
277 1331 1040 1387 sub speciebus vini, sub quibus erat consecratus: & nul
271 1379 1033 1426 lo modo in vino vel in alio liquore infuso. potes
279 1422 1037 1476 tamen partiri species vini in impartibilia: & tunc non
273 1468 1033 1519 maneret sanguis Curisti sub illis speciebus. ⁋ Hac
277 1512 1046 1552 tenus de actione & passione accidentium sacramenta-
275 1553 1042 1613 lium inter se: & de mixtione aquae vel alterius liquo-
276 1603 1034 1646 ris ante consecrationem: & post eam: & quod species vini
270 1643 1042 1699 consecrati immissum liquorem non trahunt ad se:
276 1682 841 1735 sicut sacrum non sacrum ad se trahit.
687 1897 1039 1961 Via in vltimo ca
670 1950 1042 2006 pite huius duodecimae di
660 1997 1037 2060 stinctionis magister quae
678 2040 1043 2098 rit an pluries in die liceat
663 2086 1030 2141 celebrare: iuxta hoc pe-
666 2130 1030 2189 to hunc quaestionis titulum
648 2167 1040 2228 an pluries in die celebram
624 2218 1030 2269 eius dum sit. Pro solutione
669 2261 1031 2324 quaestionis notabis quod du
274 2310 1037 2364 plex est dies: scilicet naturalis: tempus vigintiqua-
280 2353 1039 2399 tuor horarum. vt Genesis primo. Factumque est vespe
276 2396 1039 2448 & mane dies vnus. Et est reuolutio aequinoctialis
279 2443 1033 2494 circa terram cum tanta parte quantam sol motu proprio
282 2484 1036 2532 describit in oppositum firmamenti. vel est temporis
282 2527 1030 2582 spatium a contactu solis in horizonte: vsque ad
271 2573 1027 2633 reditum solis in contactu horizontis. Ex quo se-
280 2620 1034 2673 quitur quod si centrum solis respondeat a. puncto pri
276 2666 1033 2722 mi mobilis hodiemo die mane in oriente: serius
1119 264 1886 329 cras in ortu solis redibit ad horizontem quam a. punctum
1119 320 1886 370 primi mobilis secum veniens ad horizontem ho-
1128 358 1882 409 die. patet. ab a. puncto sol continuo retrocedit mo-
1134 406 1892 455 tu proprio contra motum primi mobilis, per tantum
1123 451 1889 503 spatium vel tempus quantum sol motu proprio
1131 497 1876 550 pertransit in. xxiiii. horis aequinoctialis. Alius est
1125 547 1877 589 dies artificialis qui variatur secundum horizontes
1128 588 1886 638 nam in vltimis climatibus, & in postclimatibus
1119 624 1876 682 sole existente in signis septentrionalibus est maior:
1122 672 1876 720 quam sub aequatore vel in primis climatibus: proui
1132 713 1882 773 signa recte vel oblique oriuntur: quia tam experi
1131 766 1886 816 mento quam ratione constat quod idem dies numero, pu-
1122 808 1878 861 ta sancti Barnabae vel alius: sole existente in can-
1125 848 1882 893 cro, in Scotia protrahitur spatio. xviii. vel. xix. ho-
1116 890 1886 947 rarum: Romae vero. xv. duntaxat: Parisiis. xvi. &
1123 935 1879 986 dicere oportet sub aequatore. xii. praecise: cum illic
1116 980 1888 1028 dies artificialis semper nocti aequetur. Dies artificia
1116 1024 1883 1075 lis definitur sic. Dies est latio solis supra terram. Si te-
1122 1069 1880 1124 neatur quod tempus est res permanens potest poni cae
1126 1112 1877 1163 lum solis: vel corpus solis. & tunc illa constructio
1125 1155 1883 1210 transitiua loco vnius intransitiuae capietur: ita vt
1114 1203 1886 1248 latio solis sit sol latus. Et licet sit semper dies in
1116 1247 1880 1298 aliquo horizonte: quia nobis habentibus noctem,
1128 1290 1885 1335 antipodes & alii diem artificialem habent: opor-
1119 1337 1877 1391 tet tamen aspicere ad nostrum horizontem in quo su-
1116 1382 1603 1435 mus, ad nostra omnia dicenda.
1116 1432 1880 1512 ⁋ lstis paucis praenotatis pono co-
1129 1508 1874 1561 clusiones. Prima est. licet attentans consecrare in
1129 1557 1883 1608 quacumque parte diei naturalis (ponamus in nocte)
1123 1597 1880 1651 vere cosecret: non tamen licet quacumque nocte conse-
1116 1640 1886 1693 crare nisi in nocte natiuitatis Christi. prior pars pa
1116 1682 1877 1731 tet: quia intentio, forma, materia, & minister sufficiunt:
1114 1728 1880 1776 quaecumque hora fuerit. Secunda pars patet. quia ta-
1119 1776 1882 1822 lis contrauenit praecepto ecclesiae: ergo in hoc peccat
1120 1822 1880 1873 & licet nesciat: non excusatur: debet enim scire ea quae
1110 1862 1876 1909 sunt sui officii. Quia sit contra praeceptum ecclesiae: pa
1125 1904 1880 1950 tet de consecra. distin. i. Nocte sancta. &. c. Solent.
1122 1949 1883 2001 Hoc namque sacramentum ad tempus gratie pertinet: quod
1113 2001 1873 2049 per diem significatur, iuxta illud Apostoli ad Roma
1116 2038 1877 2085 nos. xiii. Nox praecessit: dies autem appropiquabit.
1113 2082 1880 2133 nisi fuerit dispensatum per episcopum vel superiorem
1110 2127 1868 2175 super hoc, & cogente necessitate. vtpote si sit aegro-
1116 2172 1865 2225 tans in periculo vitae, & non habeatur Eucharistia:
1123 2217 1883 2272 tunc licet celebrare ante diem: sicut frangere ieiu-
1110 2264 1870 2307 nium sine dispensatione vlteriore in necessitate:
1113 2303 1876 2358 quando non habetur copia superioris. ⁋ Secunda
1113 2354 1876 2400 conclusio, non licet communiter celebrare pluries in
1118 2389 1873 2444 die nisi in festo natiuitatis Christi. illud patet de
1110 2434 1874 2492 consecra. distin. i. Sufficit sacerdoti vnam missam
1120 2481 1867 2531 die vna celebrare: quia Christus semel passus est,
1111 2524 1865 2572 & totum mundum redemit. Non modica res est
1117 2577 1859 2629 vnam missam facere: & valde felix est qui vnam
1119 2616 1862 2663 digne celebrare potest. Quare dixerim (communi-
1116 2660 1874 2724 ter, patet: quia statim sequitur. Quidam tamen pro
