2362 3325
236 340 1001 402 bus temporis dicant. Adieci spartibus) propter eum qui
240 388 1003 449 interpolate legit. Sed forte rogas: quando Sortes omit
252 429 1016 500 tit dicere horas? & quando primo verum est dicere, Sor-
251 478 1006 540 tes omittit: Dico quod si potest dicere horas suas in
243 520 1008 574 duabus horis & non in minori tempore: non peccat
251 565 1017 625 omittendo ante duas vltimas horas totius temporis:
246 606 1007 677 sed quacumque parte illarum duarum labente antequi dice
251 655 1013 719 re incipiat, peccat: & magis ac magis secundum ma-
252 694 1015 767 gnitudinem temporis. & dato vltimo instanti non esse
243 748 1017 801 illarum duarum horarum, nunc non omittit culpabiliter
248 786 1015 844 & immediate post hoc culpabiliter omittet: sed non
255 830 1021 890 tantum si in vltima hora incipiat dicere: quantum si
267 873 1010 937 vtraque hora elapsa dicere incipiat. eodem modo de misi
255 919 1022 982 sa audienda, vbi homo deobligatur a praecepto de audien
258 964 1014 1030 da missa audiendo missam quam audire non tenetur.
270 1009 1021 1103 ⁋ Tertio arguitur. sufficit cuilibet
258 1080 1024 1149 dicere medietatem horarum, audiendo aliam medieta
254 1121 1021 1197 tem a suo consocio: ergo idem erit audiendo reli-
267 1167 1018 1239 quam medietatem: sufficiet igitur audire duos dicen
255 1224 1022 1281 tes horas nihil dicendo. ⁋ Respondetur conceden-
267 1258 1021 1330 do quod sufficit audire vnam medietatem ipso reliquam
268 1298 1027 1377 medietatem proferente: non quod aduertat ad quodli
273 1343 1030 1416 bet verbum alterius: quia sic non potest aduertere ad
261 1391 1027 1458 quodlibet verbum proprium: nec tenetur plus aduer
266 1434 1021 1503 tere ad alium quam ad seipsum: sed duo iuuant se in
271 1478 1032 1549 uicem. secus est de tribus: primo primam lectionem
263 1527 1028 1593 psalmi proferente, secundo secundam: & tertio ter-
270 1573 1025 1630 tiam. & hoc patet ex consuetudine ad quam allu-
270 1612 1024 1677 dunt carmina. Si peregre pergas: nunqui te iunge
264 1659 1025 1712 duobus. Disparibus raro trahitur currus bene bo
266 1700 1025 1768 bus. Si dicas: dicens cum alio non dixit horas: ergo
272 1745 1033 1815 no est deobligatus, consequentia est nulla. sufficit
271 1787 1042 1849 enim quod alter dimidium suppleat. Dicebam (sufficit au-
267 1841 1036 1893 dire) quare surdus non debet cum alio legere. Et licet
270 1889 1036 1947 sit vetitum legere cum excommunicato: & excomunica
267 1923 1042 1984 to magis vetitum sit legere cum non excommunicato:
280 1963 1037 2038 tamen horae sunt persolutae licet cum peccato di-
264 2013 1039 2075 cantur Sed contra istud arguitur. ergo surdus non potest
266 2061 1035 2125 canere cum aliis in choro. cosequens est falsum. cose-
264 2095 1031 2169 quentia patet. quia nonaudit alios. Respondetur
261 2142 1039 2202 negando consequentiam: vix enim dabis ita surdum
263 2186 1039 2252 quin audiat cantantes. & licet male audiat, per visum
257 2231 1035 2302 socio rum lateris sui & oppositi, apertionem oris perci
260 2288 988 2356 piet: & ex hoc intelliget quando canere oportebit.
268 2320 1040 2406 ⁋ Quarto arguitur. quando homo de-
263 2388 1039 2451 cantat in choro cum aliis, interdum praetermisso vno
267 2426 1052 2494 psalmo sufficienter dicit horas: ergo prior conclu-
263 2475 1045 2539 sio falsa. Antecedens patet. isi dato vltimo signo
260 2516 1045 2578 campanae ad horas canonicas disponat se clericus
265 2560 1052 2623 secundum modum consuetum adeundi horas, &
264 2609 1042 2664 hebdo madarius citius inchoauerit quam in alio die
259 2645 1049 2709 ita vt vnus psalmus sit absolutus ante ingressum
260 2695 1048 2748 canonici in chorum: tunc ipse cantando cum aliis ex
265 2750 1051 2806 vna parte chori satisfacit. Hoc idem probatur alia
1094 324 1858 384 via. si ingrediatur templum ante primum psalmum:
1092 369 1847 428 sed aliquis in causa necessaria eum alloquatur in
1088 414 1852 482 naui ecclesiae quousque finiatur primus psalmus:
1090 463 1853 516 vel aliquis eum alloquatur in choro: vel emittat
1091 504 1849 559 sanguinem per nares vel habeat tussim vel aliquid
1083 552 1858 603 huiusmodi: interea aliis cantantibus vnum psal-
1091 593 1863 653 mumn vel duos: iam non tenetur illos dicere seorsum
1084 639 1859 695 tum propter consuetudinem: tum quia cantando cum
1089 689 1866 738 aliis non tenetur quamlibet lectionem recitare. ⁋ Re-
1088 725 1856 781 spondetur: in casibus istis vel similibus homo
1094 770 1864 829 sufficienter persoluit horas quamuis psalmum vnum
1092 815 1862 878 vel duos nec in parte nec in toto dicat: non propter
1101 856 1859 918 vinculum charitatis in canonicis: stat enim quod quili-
1092 909 1862 960 bet eorum sit in peccato mortali: sed propter vincu-
1091 944 1859 1003 lum societatis in qua depromuntur dei laudes pu
1101 991 1870 1048 blice: quod est rationabile. & propterea nullo iure
1095 1035 1870 1097 sunt obligati facere praeter communem cursum homi
1092 1080 1864 1134 nibus contingentem. hic itaque sufficit quod tota multi
1101 1124 1861 1179 tudo nihil omittat de officio: & quod nullus notabi-
1100 1165 1869 1224 liter deficiat in sua parte: modicu autem defectum alii
1101 1213 1864 1277 supplent. secundum cosilium apostoli. Alter alterius onera
1100 1254 1861 1323 portate. Sic multi parui casus contingunt: vtpote isti
1110 1297 1871 1360 recitati & similes, in quibus sapiens diceret istos non
1103 1342 1866 1400 obligari: quemadmodum quando duo dicunt horas, & vnus
1106 1392 1862 1448 supplet vnam medietatem. hic autem vbi est maior nu-
1101 1429 1879 1498 merus: magi s omissum ab vno suppletur a multitudi
1099 1472 1876 1540 ne. & sic homo cum negligenter interdum audit vnam
1103 1522 1865 1591 lectionem vel duas sui socii: adhuc sufficienter persol
1101 1566 1867 1632 uit: quia non oportet, vt diximus, quod semper aduertat
1101 1609 1876 1672 ad propriam lectionem. Similiter surdus vel alio distra
1115 1664 1870 1725 ctus decantans in choro cum caeteris, dummodo secundum
1116 1708 1876 1758 possibilitatem humanam rotundam faciat, hoc sufficit.
1107 1744 1879 1809 Dixi(rotundam) quia non requiritur quod clerici ita exacte
1101 1785 1873 1847 faciant vt est eis possibile: sed consideranda est
1113 1834 1879 1897 humana fragilitas in dicente. vbi tamen esset non-
1105 1874 1880 1936 tabilis omissio vel cognita negligentia: canonicus
1112 1926 1543 1992 deberet sup plere omissum.
1121 1979 1876 2072 ⁋ Quinto arguitur: posito quod Sortes
1115 2051 1879 2117 beneficiatus habeat dispensationem a Romano pon
1116 2101 1888 2159 tifice ne dicat horas canonicas. sic Sortes non tene
1123 2142 1880 2197 tur dicere horas: & tamen habet beneficium. ergo con-
1122 2184 1883 2243 clusio falsa. ⁋ Respondetur. aliquid est hic posi-
1113 2227 1873 2298 tiuum humanum: aliud est diuinum & naturale. in
1128 2276 1882 2342 primo pontifex dispensare potest. ius enim huma
1113 2317 1879 2384 num est dicere de hoc vsu vel illo. Circa quemlibet
1118 2358 1877 2423 autem vsum dispensare potest: sic etiam vt homo non
1125 2408 1881 2467 teneatur dicere de aliquo vsu in mundo. Confirmo
1125 2454 1880 2511 hoc dictum. potest diminuere partem horarum vsus
1127 2491 1879 2563 sancti Bespondicti: ergo & cuiustibet vsus. consequentiam
1117 2535 1889 2606 relinquo notam. Antecedens patet. Nam. xv. psalmos
1125 2580 1883 2644 matutinarum sancti Bespondicti diminuit ad numerum
1124 2626 1882 2700 psalmorum vsus Romani. hoc enim est iure decisum
1125 2679 1888 2735 de celebra. missa. cap. secundo in cle. vbi datur fa-
1130 2715 1893 2799 cultas religiosis cardinalium contubernalibus dice
