2294 3310
444 306 1213 371 re secundum consuetudinem cardinalium quamdiu cum
456 353 1204 410 eis sunt. Et si potest romanus pontifex dispensa-
454 401 1220 450 re in parte horarum de hoc vsu: potest etiam de toto
463 444 1214 497 vsu. lterum hoc confirmo. religiosus ad curam ani-
446 487 1211 538 marum saecularium perpetuo assumptus potest dicere
447 535 1216 591 horas iuxta vsum illorum quibus conuiuit. Praeterea
457 581 1208 630 ante omnem vsum celebrandi ab ecclesia institutum
451 628 1220 675 nemo obligabatur dicere secundum aliquem vsum
451 669 1207 719 suas horas: ergo vsus dicendi est ab ecclesia insti
444 708 1223 761 tutus: & ab ea approbatus: sed istam obligationem
447 763 1213 811 positiuam potest pontifex pro rationabili causa
456 798 1207 848 tollere. igitur. Forte rationabilis causa non dicend
457 847 1217 898 est studium in iuuene ad literas apto, vt in erudi-
454 888 1223 937 tum virum euadat. Naturale autem & diuinum est
453 933 1217 980 aliud, scilicet deo seruire. Nam sicut alligatus altari
444 976 1216 1024 debet de eo viuere: sic de eo viuens tenetur illi de-
445 1021 1223 1068 seruire: orando pro fundatore, & pro his quorum fru-
453 1067 1210 1114 ctus recipit: quia est colligantia reciproca. ab ista au
453 1109 1220 1168 tem oratione non potest pontifex absoluere benefi-
444 1150 1226 1202 ciatum. cum enim sit de iure naturae & diuino: ad illud
450 1198 1220 1247 est obligatus ante omne humanum ius: & eo secluso
450 1251 1216 1299 per dispensationem Romani pontificis, manet ad hoc
457 1290 1216 1340 obligatus: puta ad aliquas praeces: quas ad discretio
453 1328 1219 1377 nem viri prudentis dicet: vel ad aliquid praecibus aequiua
454 1376 1226 1426 lens, vt eleemosynam, ieiunium, vel simile. Dicis. potest
457 1422 1220 1474 pontifex dispensare cum iuuene ne dicat horas cano
457 1465 1223 1510 nicas gratia studii: ergo & cum sacerdote erudito iam
460 1508 1229 1557 viro: vt fructus sui studii iam amplius in vulgus
453 1559 1222 1611 proferat, & non impediatur in horis canonicis legendis.
451 1600 1229 1656 Respondetur concedendo, non tamen decet senem cir
444 1646 1214 1693 ca huiusmodi dispensationem obtinendam insistere:
459 1689 1214 1744 est enim peritus in vsu dicendi: & in breui tempore
453 1740 1223 1787 potest imponere finem dicendis horis. si tamen
451 1784 1220 1824 esset multu impeditus pro re spirituali & vtili sic vt
456 1823 1220 1871 non posset commode dicere horas illi rei spirituali
456 1870 1219 1921 vacando: est a dicendis horis canonicis relaxatus, sicut
451 1910 1217 1959 a ieiunio quadragesimae. sed strictius hic obligatur. ie-
452 1954 1223 2006 iunium enim totum est pure positiuum humanum vt ca-
450 1994 1224 2050 ro sit domita: & impedit virum interdum multum a-
456 2044 1226 2091 studio: quia per ipsum attenuantur vires corporis.
448 2084 883 2135 secus est de horis dicendis.
455 2130 1213 2225 ⁋ Sexto capto sorte qui non dixit ho
454 2216 1214 2262 ras canonicas ex sua culpa isto mense: Arguitur
445 2259 1212 2317 sic. Sortes non tenetur dicere horas omissas sub poe
450 2303 1220 2352 na peccati. sed si fuisset obligatus eas dicere, ad eas
460 2349 1219 2408 teneretur. sicut si debeam tibi centum in pascha, non sol-
444 2396 1216 2442 uens ea in pascha elapso, adhuc centum soluere te-
463 2441 1216 2489 neor: ergo conclusio falsa. ⁋ Respondetur. in argu
460 2477 1220 2532 mento implicatur difficultas, communiter ab omnibus
460 2522 1220 2574 dicitur quod si quis horas culpabiliter omisit: non tene-
457 2568 1226 2625 tur eas dicere: sed sufficit de negligentia poenitere:
463 2614 1224 2672 & aliquam poenitentiam assumere pro horis omissis: vt
462 2662 1208 2711 puta ieiunium, orationes, vel huiusmodi. Et probatur
463 2697 1214 2761 haec responsio: quia dato opposito, sequitur quod in pascha
1291 295 2074 366 & in tempore laetitiae ego tenear dicere horas canoni
1284 366 2068 411 cas hebdomadae sanctae, & tristitiae: quod est inconue-
1291 402 2071 446 niens. Sed haec ratio non vincit. Nam crebro dico
1293 445 2072 495 lam lucis orto sydere. diu ante ortum lucis vel ho-
1290 496 2057 547 ra vndecima: sed non pro illo tpore: sed ad ortum solis
1291 536 2057 588 refero. sic dicam in die paschae horas moestitiae omis
1284 580 2067 637 sas, pro tempore tristitiae & non laetitiae. ⁋ Sed contra hoc ar
1290 632 2060 677 guitur sic. sequitur quod teneor dicere secundum ex-
1303 668 2065 729 remum potentiae meae in die paschae horas omissas.
1291 712 2066 760 consequens est inconveniens. igitur. ⁋ Respondetur.
1300 756 2066 804 nec haec ratio vincit. si enim debeam sorti centum sol-
1300 802 2066 848 uenda, teneor ei soluere secundum bonam possibi
1296 846 2072 892 litatem: tamen non teneor facere extremam diligentiam
1284 890 2056 935 mihi possibilem. sic dicetur in proposito. Secundo
1290 940 2065 989 arguitur ad idem. sequeretur quod ille qui omisit di-
1294 980 2056 1035 cere horas ex culpa sua ferme tota vita sua, & nunc
1287 1023 2060 1072 in senio ad cor redit: teneretur totum tempus vitae
1287 1069 2066 1114 transigere in dicendis horis omissis. hoc statim ad-
1297 1108 2060 1168 uersarius concederet. Tertio arguitur. omittens ieiu
1284 1156 2063 1212 nium ecclesiae pro certis diebus determinatis, non
1284 1199 2062 1247 tenetur iterato illos dies ieiunare: ergo similiter
1293 1243 2069 1293 omittens dicere horas non tenetur &c. sed hic nega
1293 1288 2066 1345 to antecedente nihil colligeres. Quarto arguitur.
1294 1331 2058 1392 omittens leges pure humanas culpabiliter, non
1293 1375 2063 1422 tenetur eas praeteritas adimplere: quia solum obli-
1302 1420 2060 1476 gant homines sub poena peccati vel poenae vt ser
1291 1466 2060 1520 uentur, non ad aliam impletionem. ⁋ Concedo hanc
1284 1511 2063 1561 suasionem sufficientem cum communi modo dicen-
1297 1554 2065 1607 di & aequitate quod omittens culpabiliter dicere horas
1294 1598 2057 1644 non tenetur illas iterato dicere. & eodem modo de
1290 1646 2060 1704 ieiunio. Secus est de centum scutis promissis, quae
1297 1689 2060 1737 de iure naturae debeo: licet adiectus sit certus ter-
1284 1727 2056 1790 minus positiuus: quo praetermisso ad illud quod
1291 1776 2057 1829 est legis naturae deuincior. Et proportionabiliter
1297 1819 2072 1871 dicas de aliquibus precibus quas beneficiatus de
1294 1865 2057 1918 bet dicere de iure naturae. ⁋ Contra illud arguitur.
1299 1909 2066 1955 ex solutione sequitur quod omittens confiteri in pa
1294 1955 2059 2003 scha non obligaretur confiteri in toto illo anno:
1297 1996 2060 2054 quia positiuum humanum est confiteri pro illo tem-
1308 2039 2065 2090 pore. ⁋ Respondetur: quamuis concederetur illatum: dif
1290 2088 2060 2146 ficulter hoc impugnares. sed nego sequelam: quia non
1300 2130 2050 2178 est solum vnus determinatus dies in quo homo te
1284 2177 2054 2229 netur confiteri: sed in quolibet illorum dierum confiten
1287 2219 2059 2267 do sufficienter adimplet praeceptum: videlicet in
1300 2263 2057 2309 hebdomada sancta, vel in octauis paschalibus, quaere
1288 2305 2050 2353 non est simile. ⁋ Secundo arguitur. ex dictis sequi-
1287 2348 2057 2409 tur: si sortes sciat se habere solum vnam dimidiam
1293 2396 2057 2456 horam huius diei in qua teneatur dicere horas: cum
1293 2446 2060 2497 non possit eas dicere, nisi in vna integra hora: quod
1290 2482 2059 2538 sufficiat ei dicere horas illa dimidia hora. durante
1300 2534 2073 2586 qua lapsa non amplius teneatur dicere horas: quod est
1291 2573 2060 2619 absonum. Declaro exemplariter. Sortes habet dicere
1299 2616 2044 2669 tertiam, sextam, nonam, & vesperas cum completorio, acceden
1294 2664 2054 2720 te duodecima hora nocti iuxta horologium ad amus
1300 2707 2054 2765 sim aequum vt palatii: sequitur quod quamprimum audierit duo
