2340 3356
454 321 1220 410 sionem inferunt. & de auferente vnum granum &
453 393 668 462 multa grana.
470 440 1223 537 ⁋ Colligendo sparsim dicta dicimus
456 498 1223 572 hominem quemlibet existentem in sacris vel benefi-
473 552 1225 611 ciatum ad dicendas horas deuinctum: nisi rationa-
471 590 1238 653 bilem causam non dicendi habeat, vt inter arguendum
469 645 1228 702 tetigimris: vel per aegritudinem: vt si quis laboret
469 689 1222 741 morbo ob quem difficile sit loqui vel horas diceres
471 725 1226 782 is non obligatur protunc, nec aliquis pro eo: nec alio tem-
473 769 1222 840 pore pro seipso, quemadmodum non potens ieiunare
463 818 1232 872 in causa rationabili. Noluit enim ecclesia istum obli
473 860 1230 925 gare in hoc casu: quemadmodum nec ad ieiunium:
468 912 1228 961 esto loquatur & audiat iocosa quae pro sua sanitate
471 947 1226 1010 conducant: roget tamen deum mentaliter horarum lo-
462 987 1237 1052 co: & hoc sufficient. Si quis vero modicam dyscrasiam
462 1035 1229 1088 in morbo habmat, cui dicere non est difficile: is non est de
461 1080 1237 1136 obligatus: sed potius debet excitari ad deuote di-
468 1127 1229 1185 cendum quam sanus. ⁋ Amplius horas canonicas
477 1185 1247 1226 omittens culpabiliter dicere in certo tempore ma-
471 1221 1234 1275 gno vel paruo, non tenetur horas omissas dicere:
468 1258 1241 1312 sed sufficit dolere de illis omissionibus positiuis:
475 1315 1247 1358 assumendo poenitentiam quam discretus sacerdos im-
471 1345 1237 1418 posuerit. & cum sit de sorte domini & teneatur ad
483 1397 1242 1450 plura quae ad haec positiua: satisfaciat pro viribus.
483 1447 1243 1489 Nec est necessarium has horas in determinatis tem
482 1480 1246 1545 poribus dicere. potest enim quis rationabiliter tem
479 1526 1250 1586 pus praeuenire: vt post coenam studiosus homo dicit
486 1571 1245 1622 vsque ad laudes matutinas vt postridie studio libe
475 1621 1249 1676 rius vacet. Nec refert si vesperi post dictas bibe-
489 1662 1247 1708 rit nec ne. cumi eim iam rationabiliter satisfecerit pro die-
490 1707 1252 1757 subsequente antequam bibit: postea superueniente inopi
479 1749 1238 1800 nata siti vel viro cui honestatis gratia est dandus
491 1796 1252 1844 potus: licite potum sumit. ⁋ Praeterea dicens cum
487 1838 1247 1888 alio & alium audiens quemadmodum seipsum, satis-
488 1882 1255 1935 facit: non tamen sufficit dicere cum multis, sic scili
489 1934 1255 1977 cet vt Sortes dicat primam lectionem: Plato secun
492 1974 1253 2025 dam: Cicero tertiam: loannes quartam: & sic dein-
490 2017 1253 2072 ceps, non enim est hominum consuetudo sic legere.
489 2058 1253 2113 Nec talibus nexibus aurem accommodabis: dico cum
495 2104 1255 2156 Sorte audiendo eum vnam lectionem pronunciantem:
505 2154 1255 2199 ergo pari ratione tertius poterit tertiam lectionem
490 2193 1250 2248 nobis omnibus audientibus pronunciare. Sed reci-
501 2235 1246 2289 tent duo eandem lectionem: & vnus lectionem respon
496 2284 1253 2336 dentem quemadmodum inter duos fit. vel si sint qua
493 2328 1255 2376 tuor habentes duos vel tres solum libros: dicant
503 2369 1259 2420 duo vnam lectionem: & duo aliam vicissim. lta.n.
508 2414 1250 2465 fit in choro tam inter canonicos seculares / quam regu
492 2457 1262 2505 lares: vt quando vnus tussit: vel sanguinem per nares
499 2501 1265 2555 emittit/ vel alloquitur vicinum paucis: vel egreditur
499 2546 1265 2593 chorum gratia releuandi spiritus post fatigationem.
507 2592 1253 2643 dummc do enim non stet diu extra chorum in hora-
495 2635 1250 2688 rum fraudem: rediens ad chorum non tenetur sup
514 2678 1265 2732 plere quod omisit. Ratio est: quia in hac regula stam
510 2727 1258 2792 dum est. Quando tota multitudo persoluit suffi-
1294 311 2078 377 cienter & nihil omittit, & quilibet facit suas partes
1291 373 2071 433 secundum fragilitatem humanam: iam quilibet in
1311 418 2069 480 valore dicit integras horas. Ex his sequitur quod quili
1299 462 2063 521 bet canonicorum in choro quatuor vel quinque le
1300 511 2081 558 ctiones omittens ad suum latus spectantes, etiam
1303 553 2062 606 sciens, sufficienter dicit horas. Licet corollarium ex
1302 598 2075 653 dictis sequatur: amplius ipsum detego. omittat Sor-
1308 640 2072 697 tes vnam lectionem primi psalmi pro rationabili
1299 689 2068 746 causa: aliis omnibus omnia complentibus: postea
1309 732 2075 783 omittat Plato vnam lectionem: quam dicat Sortes &
1315 776 2069 831 suppleat cum aliis: & sic per ordinem: iam patet corol
1305 818 2084 874 larium. & ipsum declaro per simile. si multi trahant
1305 865 2077 922 molarem, vel multi nautae ancoram vel nauem ad
1317 906 2078 958 ittus impellant pro pecunia: & conveniant quod conti-
1307 950 2075 1003 nuo trahent: supposito quod tota multitudo secundum
1323 997 2071 1049 partes sit in actu, & bene trahens: quamquam Sortes inter
1315 1040 2072 1096 dum manum a tractu suspendit pro occurrente cau-
1315 1086 2069 1136 sa: quis dicet Sortem non mereri stipendia? cum
1307 1135 2084 1182 hic alter alterius onera portet. sic hic. Secundo pa
1320 1181 2084 1225 tet bonum esse in multitudine horas canere. hoc
1308 1221 2075 1271 sequitur ex dictis. & addo quod melius est in multi-
1307 1259 2078 1319 tudine canere, quam horas dicere seorsum. Nam pri-
1311 1307 2077 1355 mo sese mutuo accendunt ad promendas dei lau-
1315 1349 2090 1400 des: vt ignis vel faces sese incendunt. Tum secundo
1312 1391 2086 1447 alliciunt astantes ad deum orandum. & Tertio exem
1320 1443 2081 1500 plo alios prouocant ad bonum. propterea canoni
1323 1483 2087 1533 ci quanto sunt maiores in hominum aestimatione:
1315 1536 2095 1576 tanto plus debent interesse horis publicis: ob causas
1318 1572 2086 1624 dictas. adde quod tunc pudebit inferiores diuinis ho-
1323 1618 2080 1670 ris diurnis & nocturnis abesse. ⁋ Concludendo di
1314 1665 2081 1715 co quod optima est inuentio dandarum distributio-
1315 1710 2086 1755 num eis qui horis intersunt. hoc enim non tollit
1320 1749 2084 1796 meritum, & homines ad virtutem trahit, firmat &
1318 1794 2083 1854 rapit, & potissimum tempore noctumo: vt homo
1317 1838 2084 1884 non nimis dormiat: sed a malis quae in lectis con
1320 1880 2084 1929 tingere solent, elongetur. tunc etiam sub noctis. si
1326 1927 2080 1995 lentio homo est magis memor sui: & se erga deum
1323 1973 1594 2030 melius recolligit.
1584 2159 2090 2254 equim Eptimo quaeritur circa
1669 2233 2081 2284 hac duodecimam distinctio-
1678 2288 2089 2330 nem. An ex inaduertentia
1664 2323 2091 2378 dicens horas vel distractus sa
1675 2369 2096 2429 tisfaciat praecepto de dicen-
1681 2411 2092 2469 dis horis. Pro solutione quae
1641 2457 2093 2517 c stionis praemitto quod aliquis
1342 2499 2081 2552 nterdum legit aduertens ad lectionem: vel ad de
1332 2552 2081 2597 um, vel ad petita, vel ad verba & sensum ver-
1332 2587 2086 2642 borum quae dicit. & hoc est habere attentionem
1338 2634 2080 2682 actualem, nonnunquam ad nihil illorum aciem meniis
1332 2681 2077 2734 dirigit: sed ex habitu horas dicit, castra (vt aiunti
1339 2719 2087 2795 imaginans in Hispania: ita vt nesciat in quo psal-
