2306 3312
237 311 1003 368 mo sit. lsta in nobis experimur. ⁋ Hoc praemisso ad
243 367 1013 415 quaestionis titulum pono conclusiones responsiuas.
246 404 1010 461 quarum Prima est. requiritur actus voluntatis prae
240 453 1004 504 uius ad sensum dicendum in quarta conclusione
246 502 1006 542 ad hoc vt quis satisfaciat praecepto de dicendis ho
243 535 1013 599 ris. probatur. homo non satisfacit vlli praecepto nisi
255 586 1016 637 per opus humanum: sed ad quodlibet tale praere
256 625 1016 682 quiritur actus voluntatis & intellectus: quia sine actu intel
244 667 1010 722 lectus non potest esse actus voluntatis naturaliter. De secundo
240 717 1006 763 autem loquens alium intelligo: per voluntatem. n.
250 759 1005 808 homo differt a bruto. ex imaginatione autem quae
247 804 1010 853 est nobis & brutis communis, non sufficit dicere ho
246 849 1007 904 ras: quare intentio habitualis ad legendum non suf-
246 891 1015 945 ficit. ⁋ Secunda conclusio. homo distractus satisfa-
243 938 1015 992 cit. probatur haec conclusio experimento. & experimen
243 981 1004 1036 tum ratione probo. contingit virum dicere psalmum
243 1026 1010 1075 totum (Te deum laudamus) nec ad verba / nec ad
240 1073 1012 1122 deum cogitando. Probatur. intellectus est finitae ca
246 1115 1004 1168 pacitatis actiuae: pariter & voluntas: sed stat intelle
247 1163 1006 1212 ctum ita esse intentum circa obiecta impertinen-
234 1205 1007 1253 tia alia a psalmo quem dicit & deo, vt tota intelle
253 1246 1013 1295 ctus capacitas actiua sit satiata & repleta: nec vo-
240 1293 1010 1339 luntas fertur in incognitum: ergo tunc nec volun-
247 1336 997 1382 tas nec intellectus potest habere actum circa hoc
246 1378 1015 1430 quod dicit: immo quis ita esset quod voluntas ferre
241 1425 998 1476 tur in incognitum: magna tamen intentio vnius
240 1475 1007 1525 potentiae circa vnum obiectum, alias potentias a
246 1512 1004 1563 suis actibus impedit. ⁋ Tertia conclusio, non re
256 1563 1007 1617 quiritur quod homo semper aduertat, vel quod habeat at
243 1612 1007 1657 tentionem actualem tempore quo dicit horas. pro-
252 1644 1013 1701 batur. hoc non est in facultate viri: impossibile enim
245 1688 1006 1743 est quin visis tangamur. In effectu arguitur sic, ne-
234 1737 998 1790 mo obligatur ad impossibile: sed est impossibile
243 1778 1000 1829 viro secudum legem communem viae semper aduerte
246 1823 1009 1871 re ad illa quae dicit, quod patet: quia occurrunt ei ali-
255 1867 1003 1925 quae causae naturales ipsi non imputabiles: animum
252 1915 1015 1969 per aliquod tempus ab animaduersione impediem
246 1958 1007 2007 tes: vt pote notitiae obiectorum aliquorum: vel a ma-
240 2000 1006 2057 gno habitu in memoria: vel quia obiecta ipsa ino
253 2045 1007 2098 pinate intellectui offeruntur: & stat talem adhuc di
249 2097 997 2143 cere horas ex conclusione praecedenti. Sed fortas
235 2134 998 2180 se dicis. cum homo inuenit se distractum tenetur
243 2179 1011 2232 inchoare ab illo versiculo in quo primum se distra-
240 2224 1007 2283 ctum inuenit. Contra hoc arguitur. sic non esset pos-
237 2269 997 2313 sibile imponere finem horis canonicis: cum non pos
235 2311 1000 2359 sit semper animaduertere ad dicendas horas etiam in ma-
240 2360 1001 2408 gno tempore. Sed quia aliquis diceret esse possi-
244 2399 994 2452 bile secundum legem communem actualiter animad
240 2448 1010 2504 uertere: & ita quicquid tempore distractionis dicit
243 2490 1004 2539 teneretur iterare, quatenus animaduertat: Secundo
240 2534 995 2582 arguitur ad idem. noluit ecclesia nec dominus deus
241 2579 1007 2622 obligare ministrum ad opus heroicum & difficilli
251 2624 1002 2679 mum creberrime habendum, sed horae canonicae
243 2663 1002 2719 sunt quotidianae: & foret difficillimum eas dicere
235 2710 1004 2768 sine distractione. Dixi creberrime, quia stat virum
1099 309 1862 379 debere pati mortem in casu ex praecepto dei. ta-
1089 358 1855 410 le tamen opus est difficillimum & heroicum. Po-
1086 407 1864 454 test haec conclusio probari per dicta in de bapti-
1089 450 1859 513 smo, de illo qui lucratus fuisset equum nihil cogitam
1095 495 1853 547 do nisi de deo, dicendo orationem dominicam. &
1089 536 1859 587 hoc beato Bernardo attribuitur. ergo si deuotus
1089 584 1859 637 ille vir & sanctus, hanc mentis euagationem in se
1081 632 1863 690 expertus est: quid erit de nobis indeuotis? ⁋ Quar
1087 668 1859 727 ta conclusio. virtualis attentio ad orationem esse
1083 711 1855 780 satisfactoriam sufficit: quamuis homo postea distraha
1081 764 1853 814 tur inuitus: hoc est non voluntarie. probatur haec con
1089 807 1852 859 clusio, non sufficit habitualis intentio legendi, quia
1089 849 1850 896 sic quis posset partem horarum dicere sine actu in-
1090 892 1848 953 tellectus vel voluntatis praeuio, scilicet ex imaginatio
1087 935 1853 985 ne more Ciceronis fricantis barbam. & patet ex pri
1090 981 1861 1027 ma conclusione, nec requiritur attentio actualis ex
1092 1023 1865 1082 praecedenti: & aliqua attentio sufficit: & non sunt
1093 1074 1862 1127 plures quam istae. ergo conclusio veta. Virtualem autem
1086 1115 1855 1160 attentionem voco quando homo actualiter a prin
1089 1159 1847 1217 cipio intendit dicere: & non habet postea opposi-
1081 1206 1846 1252 tum. declaro exemplariter. Sortes solus cogitat de
1090 1248 1844 1293 dicendis horis: & vult eas dicere: aggreditur eas: il
1080 1290 1850 1349 lam volitionem non amplius habens, quod magis est
1081 1334 1850 1395 quando duo sunt dicturi horas: vnus dicit alteri:
1086 1378 1863 1439 dicamus horas, vel dicamus sine addito (vt quan
1087 1426 1847 1480 do sunt assueti pariter dicere) intelligens horas. in
1090 1473 1856 1528 terdum enim sic vnus ingreditur conclaue meum assue
1092 1514 1856 1574 tus mecum legere: & primo verbo post saluta-
1084 1558 1847 1606 tionem, libro in manu aperto mox dicit: Aue ma
1081 1606 1841 1662 ria gratia plena: respondeo illi: & consequenter ad
1090 1647 1850 1703 Domine labia: nullum actum voluntatis etiam ha-
1080 1694 1843 1749 bendo: habeo tamen actum intellectus: dico quod hoc
1081 1741 1856 1801 sufficit opinione mea: quia per suum actum volun
1075 1787 1847 1829 tatis supplet meum: sicut in enunciatione vnius le-
1087 1828 1850 1881 ctionis. si autem haberem actum voluntatis, nulla es
1084 1870 1853 1928 set difficultas. sed non auderem virum reprobare
1089 1915 1846 1963 sic dicentem cum actu voluntatis alterius. nam vel-
1080 1956 1853 2015 le in voluntate consocii vtrique nostrum assuetorum
1078 2002 1849 2049 simul dicere sufficit. Vltima pars conclusionis pa
1080 2047 1850 2098 tet: quia cum est inuitus distractus tunc non peccat: &
1075 2091 1842 2144 satisfacit precepto de dicendis horis: quia facit il-
1083 2135 1847 2193 lud ad quod tenetur. ⁋ Ex hac conclusione sequi-
1080 2178 1847 2241 tur quinta conclusio: si quis sciens se in principio
1081 2228 1841 2271 cantici Te deum laudamus: mundando tunicam
1075 2268 1832 2316 cubiculum vel vitrum, dicens reliquos psalmos
1081 2312 1840 2358 laudum, & reperiens se in vltima lectione psalmi
1079 2357 1838 2409 Laudate dominum de caelis: cui tunc primu venit
1075 2405 1845 2455 in mentem sua lectio: nescius an legerit psalmos
1077 2447 1838 2500 intermedios nec ne: est tamen ei multum probabi
1077 2490 1835 2544 le quod sic: dico quod iam satisfecit praecepto de dicen
1084 2532 1843 2579 dis illis psalmis: & per consequens eos non tenetur
1075 2581 1841 2632 repetere siue eos dixerit siue non: quia est ei igno
1077 2629 1844 2673 rantia inuincibilis: optime enim nouit illos me
1072 2666 1835 2717 moriter dicere: & iudicare potest quod suus habi-
1074 2715 1837 2778 tus poterat se impellere ad tot psalmos dicendos
