2282 3303
219 296 984 372 diem dominicum celebrandum: ergo nec lectio ho
226 359 901 413 rarum impedit auditionem missae praeceptae.
229 409 977 506 ⁋ Contra hanc conclusionem argumen-
228 492 989 547 tor. ex ea sequitur si presbyter iniungat mihi in poeni
235 537 979 593 lentiam audire tres missas, quod possim simul satisface
225 583 976 631 re illis tribus praeceptis: tres missas in tribus variis
222 627 955 675 altaribus audiendo: quod non videtur dicendum.
228 668 979 713 ⁋ Secundo arguitur, non licet per eundem actum duo-
229 714 993 764 pus satisfacere praeceptis: ergo homo non satisfacit si
226 764 989 811 mul vtrique praecepto. ⁋ Respondetur. oportet videre
219 800 986 851 intentionem iniungentis mihi tres missas. Si n in-
228 846 988 892 iungat eas incompossibiliter: tunc non est apparentia
220 886 976 940 sequelae: vtpote si iniungeret tres missas in variis
216 939 984 985 diebus audiendas: vel in variis locis. si vero inten-
225 974 985 1031 dat qualitercumque audiendas eas iniungere: concedo il-
225 1020 982 1073 latum: quia praecepta illa sunt compossibilia: & si du
222 1065 974 1119 bitem de intentione sacerdotis quaeram eius mentem.
229 1109 974 1167 In aliis autem vt in proposito, mens legis colligitur a
222 1157 982 1206 consuetudine hominum. ⁋ Ad secundum dico:
219 1201 974 1252 quod argumentum peccat tam in forma quam in materia,
219 1250 983 1300 antecedens. n. est falsum: nam frater minor satisfa-
217 1293 980 1340 cit suae regulae de ieiunio sextae feriae: & praecepto ec
226 1328 980 1391 clesiae de ieiunio quadragesimae: & quatuor tempo
219 1380 973 1427 rum, in die veneris primae hebdomadae integrae qua-
219 1416 965 1472 dragesimae. Secundo dico: quod consequentia nihil va
213 1462 971 1528 let. homo enim duobus actibus satisfacit istis prae
213 1510 980 1556 ceptis, legendo horas vel memoriter dicendo: intue
217 1555 967 1601 do laeuationem corporis Christi: surgendo ad euan
213 1605 976 1655 gelium & huiusmodi faciendo. ⁋ Tertio arguitur.
220 1641 980 1692 ex conclusione sequitur quod laicus ad tantum obligatur
213 1690 973 1734 in die dominico quantum clericus beneficiatus. consequens
210 1734 973 1784 est inconveniens, & quod sequatur patet sic. Laicus tene
216 1778 970 1818 tur dicere preces audiendo missam in die dominico
210 1816 973 1867 & audire missam: quae simul facit. eodem autem modo bene
211 1864 965 1911 ficiatus se absoluit. igitur. ⁋ Respondetur. Laicus tenel
219 1904 977 1958 aliquas praeces dicere tempore quo missam audit: sed quas
216 1953 973 2000 determinate dicere teneatur: non cadit sub arte tradita:
211 1992 976 2046 beneficiatus autem non tenetur dicere horas tempore quo mis
214 2042 968 2091 sam audit: potest tamen satisfacere praecepto de dicedis ho-
214 2088 980 2144 ris tempore quo missam audit. & ita plurimum fit. ⁋ Quar
207 2132 971 2189 to arguitur. si Sortes clericus satisfacit simul vtrique
216 2176 979 2230 praecepto: sequitur quod plato socius eius dicens ho
217 2220 962 2278 ras in conclaui: & nihu dicens tempore missae: nec missa
213 2266 971 2318 audiens propter distantiam, eodem modo satisfacit:
210 2308 968 2362 cum tantum faciat quantum Sortes. ⁋ Respondetur, non
214 2354 962 2405 sequitur: quia ex consuetudine Sortes applicat se circa
216 2398 967 2454 materiam missae: & dicit orationes tempore missae
217 2441 974 2497 uon autem Plato: sed sedet tanquam vna statua nullam
211 2487 971 2540 deuotionem habendo tempore missae: nec sufficit
217 2530 974 2578 in conclaui habuisse similem deuotionem: nullam
216 2578 965 2627 tempore rei diuinae habendo. ⁋ Quinto arguitur.
217 2620 968 2667 sequitur ex conclusione quod sacerdos potest iniun
207 2665 961 2720 gere poenitenti opus praecepti in poenitentiam i
211 2712 971 2771 cum per eundem actum possit duobus vel pluri-
1068 307 1820 375 bus praeceptis satisfacere: ⁋ Respondetur. illud
1062 365 1823 411 nullo modo ex conclusione sequitur. quia per va
1056 409 1829 459 rios actus homo his duobus praeceptis satisfacit.
1063 451 1823 501 Secundo dico ad argumentum in se, negando quod
1068 495 1817 547 possit: ratio est, quia opus satisfactorium debet ei
1062 543 1822 590 se illud ad quod homo aliunde non obligatur: quia
1066 582 1827 643 si opus praecepti posset confessor iniungere poeniten
1053 631 1828 682 ti pro vno peccato: pro omnibus peccatis posset
1056 674 1819 721 opera praecepti iniungere: quod non iudico con-
1062 717 1820 777 cedendum. Sed hoc inferius in materia poeniten-
1059 758 1622 810 tiae latius tangam: quare supersedeo.
1234 815 1817 900 Vbitatur circa hanc materiam
1209 889 1819 942 quot sint horae canonicae. Et an homo
1185 909 1817 989 quam septies laudare deum teneatur de iure di-
1050 982 1814 1028 uno. ⁋ Secundo dubitatur. an clericus beneficia
1053 1028 1820 1083 tus teneatur quolibet die dicere horas nostrae do-
1057 1073 1817 1116 minae. ⁋ Tertio ad quot horas homo teneatur an
1059 1116 1818 1172 tequam celebret missam. ⁋ Ad primum dicitur, quod sunt
1053 1159 1814 1204 septem horae canoniicae quae repraesentant septem
1054 1204 1817 1253 memorialia passionis Christi: vt patet in carmini
1059 1244 1805 1302 bus. In matutino damnatur tempore Christus,
1065 1287 1757 1339 Quando surrexit primam canit ordo fidelis.
1056 1324 1798 1390 Tertia dum canitur tunc est cruciamina passus.
1063 1378 1778 1423 Sexta sunt tenebrae per mundi climata factae.
1050 1420 1631 1467 Emissus nona diuinus spiritus hora.
1053 1462 1817 1521 Vespere clauduntur Christi sacra membra sepulchro.
1057 1510 1820 1558 Christo bis sena custodia ponitur hora. Et licet
1044 1556 1804 1601 Psalmographus septies in die deum laudauerit:
1044 1599 1807 1647 vel in media nocte laudem dixerit deo: totiens ta
1042 1643 1817 1699 men vel tali tempore laudare deum non est de iu
1047 1689 1814 1742 re diuino. si quis tamen hoc voueret: de iure naturae &
1050 1732 1801 1782 diuino teneretur seruare suum votum. ⁋ Ad se-
1047 1783 1801 1834 cundam dubitationem dicitur quod non, quod patet per
1054 1818 1817 1867 vsum Romanum in rubricis: & ex consuetudine
1062 1865 1813 1919 proborum virorum non legentium horas nostrae
1051 1909 1820 1964 dominae quolibet die. Similiter respondetur de
1048 1952 1811 2000 dicendis septem psalmis: & de matutinis ac ve-
1044 1996 1811 2048 speris mortuorum. vbi enim non est consuetudo
1053 2047 1811 2092 proborum virorum ista dicere: homo non obliga
1048 2092 1811 2137 tur ad ea: qunia nec iure scripto nec consuetudina-
1047 2129 1805 2179 rio. ⁋ Ad tertium dubium dicitur quod post dictam
1053 2176 1802 2224 prima solent sacerdotes missam celebrare. ⁋ Ec-
1053 2221 1814 2271 ce horas canonicas: quae ideo sic dicuntur: quia a
1044 2266 1811 2309 canonico iure & positiuo & congruenter institutae
1039 2305 1807 2357 sunt: ad quas dicendas tria hominum genera obli-
1038 2350 1792 2407 gantur: beneficiati: existentes in sacris: & profes-
1042 2393 1795 2451 si in religione. De primo genere patet in ca. fi. xcii.
1051 2439 1801 2496 distinct. De secundo. in cap. Dolentes. de celebra.
1049 2485 1801 2528 mis. & in capitulo primo. De tertio in capi. Licet.
1037 2526 1811 2576 de voto. siue sint excommunicati, degradati: vel
1057 2576 1805 2631 quouis alio crimine irretiti. Et licet existens in mor
1032 2616 1808 2664 tali non mereatur vitam aeternam horas dicendo:
1039 2661 1805 2712 tamen praeseruat se ne nouo peccato mortali pec-
1032 2705 1799 2773 cet: & hoc si habeat attentionem debitam actualiter vel
