2379 3322
505 289 1257 353 mille passus. secus in aliis diebus festis. & prima fe
505 343 1240 391 ria iterato praeparationi vnguenti se accommodante
507 387 1253 453 iudicabant licet erronee non satis vnguenti fuisse
508 432 713 491 praeparatum.
508 488 1253 551 ⁋ Tertio arguitur. loannis. xix. scri-
500 535 1255 597 bitur. ludaei ergo quoniam parasceue erat: vt non rema-
502 583 1253 645 nerent in cruce corpora sabbato: erat enim magnus
514 626 1255 691 dies ille sabbati. &c. Ex hac auctoritate sequitur quod
501 669 1256 728 Christus passus est. xiiii. luna: quia tunc erat parasce-
502 718 1246 766 ue. i praeparatio pro comedendo agno paschali. ⁋ Et
499 764 1256 815 confirmatur haec ratio per illud quod scribitur loannis. xiii.
502 805 1240 857 Ante diem festum paschae sciens lesus quia venit hora
495 852 1256 907 eius &c. Ergo coena vltima facta est ante festum
501 894 1246 953 paschae. sed pascha est. xiiii. luna. igitur. ⁋ Ad pri-
492 944 1246 998 mun respondetur: quod parasceue illic est dies veneriss
490 977 1241 1030 vt dicit glo. margi. Augustinus sic dicentis. Parasceue
485 1020 1243 1082 praeparatio interprtatur. sexta feria praeparabantur neces-
487 1074 1244 1121 saria pro sabbato: qua die praecepit Moyses duplum
490 1118 1247 1162 colligere manna propter sabbatum. ldem habet glos.
486 1162 1251 1211 marginalis Bedae, Marci. xv. super illud. Et cum iam
483 1198 1242 1256 sero esset factum: quia erat parasceue quid est ante sab
478 1243 1244 1300 batum &c. ⁋ Secunda etiam auctoritas non mouet:
487 1294 1241 1342 quia nihil aliud illic dicitur quam quod lesus sciebat an
477 1340 1241 1396 te pascha tempus suum aduenisse. & hoc est verum
484 1373 871 1432 quia erat iam in foribus.
478 1416 1233 1496 ⁋ Quarto arguitur. loannis. xix. in
487 1493 1227 1544 auctoritate iam allegata scribitur. Frat. n. magnus &c
484 1536 1228 1593 ergo sabbatum erat in quitadecima luna: & sic eran
478 1577 1226 1628 duo magna festa & celebria eodem die incidentia
481 1620 1223 1670 ergo. xiiii. luna passus est. Nostri hic passim respe
480 1663 1229 1720 dent, vt videre est in Magistro historiarum, in histo
480 1707 1232 1769 ria euangelica. c. cxlix. Frat magnus dies sabbati
478 1760 1226 1812 quia incidit sabbatum in vno illorum dierum scilicet sexto
472 1806 1235 1858 decimo die qui dies erat festus: non tamen ita magnus
484 1843 1235 1898 vt. xv. Hoc Altisiodorus & alii insequuntur, quid autem
472 1887 1197 1952 veri hoc habeat: paulo post examinabimus.
475 1945 1229 2016 ⁋ Quinto arguitur. veritas debet re-
484 2003 1228 2067 spondere vmbrae: sed agnus typicus fuit comestus
469 2057 1228 2114 xiiii. luna mensis primi: qui erat figura Curisti veri
478 2101 1217 2164 agni morituri: ergo eodem tempore debebat pati: ergo
468 2153 1218 2207 passus est in. xa. luna mensis primi. ⁋ Respondetur conce di
474 2197 1216 2237 do maiorem cum minore. sicut enim verus agnus typicu:
474 2232 1222 2296 erat tali hora & tempore comestus: sic corpus Christi
465 2282 1232 2334 primo a se & discipulis comestum est. Secundo dicitur:
466 2314 1224 2383 quod etiam tunc inchoata est post coenam passio eius per
469 2370 1216 2438 sanguineum sudorem: vt scribitur Lucae. xxii. & nocte
459 2405 870 2478 illa fuit captus & ligatus.
466 2446 1230 2533 ⁋ Sexto arguitur. Leuitici. xxiii. scri
466 2513 1220 2568 bitur. Avespera ad vesperam celebrabitis sabbata
466 2568 1211 2618 vertla. & de festo paschae hoc expresse habetur Exod
466 2612 1226 2669 xii. Primo mense quaertadecima die mensis ad vespe
462 2661 1211 2714 ram commedetis azxima vsque ad diem vicesimamprima
453 2701 1222 2774 eiusdem mensis ad vespera. Hoc supposito arguitur
1339 312 2087 380 sic. Si. xiiii. luna quae erat pascha habuit initium in die
1332 358 2097 431 louis in occasu solis: Christus passus est. xiiii. lu
1330 404 2095 467 na: quae durauit toto die veneris scilicet sexta feria quo
1339 458 2087 509 usque sol petiuit occasum. ergo Christus passus est
1336 500 2092 556 xiiii. luna mensis primi realiter: & ante comedit
1336 543 2084 601 agnum paschalem: forte ante occasum solis quintae
1329 581 2082 645 feriae. & tunc erat. xiii. luna mensis primi. Si dicas,
1341 630 2080 694 vespera diei louis erat vltima pars. xiiii. lunae. Con-
1339 674 2081 743 tra. secundum hoc oportet dicere. xiiii. lunam habuis-
1330 712 2089 782 se initium in quarta feria: hoc est in die mercurii in se-
1335 767 2090 817 cundis vesperis: & sic erit vero simile quod Chri-
1324 805 2083 863 stus comedit post occasum solis, &. xv. luna men
1330 846 2082 917 sis primi: & per consequens non seruasset legalia ad
1327 895 2090 953 mortem vsque, cotra dicta. & vlterius sequitur quod ludaei-
1329 945 2069 999 omnes comedissent in. xv. luna: & sic pereceptu publi-
1329 986 2072 1051 ce dimisissent: quod non videtur dicendum. hoc probatur etiam
1324 1032 2075 1096 per acta bonarum mulierum. ⁋ Respondetur. hoc argu
1318 1080 2083 1137 mentum nonnihil scrupuli hincinde affert. dicam ad
1323 1115 2068 1178 ipsum secundum varias imaginationes occurrentes. Primo
1320 1163 2078 1219 xiiii. luna habuit initium in die louis in vltimis ve-
1318 1205 2068 1269 speris: & durauit ad diem veneris artificialem totum com
1318 1247 2079 1317 pletum: & per consequens concedo tamquam corollarie sequans
1327 1299 2065 1352 quod Christus realiter passus est. xiiii. luna mensis pri
1317 1343 2080 1400 mi: & sabbatum illud erat celebre festum vt dicunt
1320 1379 2069 1447 Graeci: & magnus dies sabbati vt dicit loannes. quia
1321 1420 2075 1488 in. xv. luna in qua celebre festum illorum dierum erat,
1321 1468 2078 1528 incidit dies sabbati: quod habuit initium in vesperis
1320 1511 2080 1569 sextae feriae. & sic concedo quod Christus. xiiii. luna
1316 1564 2072 1624 passus est: sed nego quod agnu paschalem ante. xiiii.
1315 1599 2065 1663 lunam comederit: quod Gaeci contendunt. & negationis
1308 1647 2075 1711 ratio est: quia in. xiiii. luna secundum legem agnus typi-
1317 1695 2057 1765 cus erat comedendus. Christus autem nullo modo prae
1312 1734 2065 1790 uenit horam comedendi Hebraeorum: & forte erat sole
1305 1777 2069 1840 petente occasum: illud enim magis quadrat cum lite-
1315 1827 2057 1877 ra veteris testamenti. ⁋ Secundo super illo verbo.
1306 1865 2072 1931 Immolabitque eum vniuersa multitudo filiorum Isra
1305 1911 2065 1962 el ad vespera. Exodi. xii. recitat Nicolaus Lyra-
1315 1959 2069 2008 nus secundum doctores Hebraeos: quod vespera hic incepit
1308 1996 2060 2066 hora septima. xiiii. diei: quia ex eo tempore sol incepit
1308 2045 2063 2097 tendere ad occasum: & ab illa hora vsque ad princi
1310 2088 2066 2148 pium noctis potest immolari phase secundum eos. Et ex
1299 2135 2066 2198 Hebraeis recitat Nicolaus in eodem ca. super illa propo
1303 2177 2056 2229 sitione: In die primo non erit fermentum in domibus
1304 2222 2064 2279 vestris. Ab hora septima diei. xiiii. debebat amo
1312 2274 2067 2329 ueri omne fermentatum de domibus Hebraeorum: quia extunc
1300 2315 2052 2364 poterat immolari agnus: licet tunc non esset. xiiii. luna
1297 2358 2059 2406 secundum legem: nec septima hora illius diei, legaliter
1296 2404 2066 2457 supputando. Et illud probari potest. Exodi. xxiii. vbi
1303 2442 2066 2502 scribitur. Non immolabis super fermento sanguinem victi
1303 2490 2057 2544 mae meae. hoc est. noli immolare agnum paschalem de
1300 2533 2051 2582 cuius sanguine debent liniri postes ostii, donec fer
1293 2577 2052 2633 mentum fuerit amotum. Licet videam Nicolaum de his
1303 2617 2069 2671 horis non bene sentire: vero simile tamen est quod istud le-
1305 2665 2051 2718 git. Quare addo quod oportet supputare horas ab
1288 2711 2060 2784 gitu solis: more Hebraeorum. ac si Hebraei dicere ve
