2356 3352
318 302 1076 378 feria. Nam si sic: festum expiationis occurreret in sexta
315 371 1075 433 feria: & continuaretur cum die sabbati a parte anteriore:
325 423 1070 474 quod est contra praedicta. Similiter nec neomenia prim
310 459 1076 516 mensis habet etiam quartam feriam. nam si sic, festum expia
321 505 1070 565 tionis occurreret in die dominico. & per cosequans con-
315 559 1069 606 tinuaretur cum sabbato a parte posteriore contra prodicta
319 591 1076 644 Ecce rationem secunde feriae & quartae. Sed ratio quaere
318 643 1075 688 sexta feria excluditur ab hoc vt in eadem neomenia
322 686 1068 733 primi mensis non figatur apud eos, talis est. Nam in festo
319 726 1069 781 scenophegiae in quo habebant laetari septem diebus: si
318 775 1066 828 neomenia primi mensis incideret in sexta feria: sed
315 826 1073 870 retur quod festum tabernaculorum in die dominico concurreret:
315 866 1078 917 & sic septima dies tabernaculorum esset in die sabba
321 902 1064 959 ti: & cessarent illa quae dicta sunt: quia tunc fecerunt ali
322 946 1061 1001 qua quae non licuit fieri in die sabbati. Ex quibus omnibu
328 997 1079 1050 elicitur quaedam regula in calendariis Hebraeorum: vbique &
319 1036 1075 1084 apud omnes diuulgata, & in hodiernum diem vsque infalli
318 1080 1073 1129 biliter conseruata: quod prima dies solennitatis pa-
322 1128 1080 1179 schalis num quam est feria secunda, quarta, & sexta. ⁋ Se-
313 1172 1073 1224 ptimo supponatur: quod anno quo Christus fuit pas
310 1207 1070 1267 sus: coniunctio luminarium prope aequinoctium vernale
306 1254 1082 1303 iuxta veram computationem Hebraeorum quae est secundum
321 1298 1073 1356 medium cursum solis & lunae, fuit in quinta feria
315 1343 1081 1400 post nonandecimam horam cum certis minutis. hoc enim
319 1386 1075 1452 Paulus per se & peritos Hebraeorum dicit certissime
306 1429 805 1502 esse calculatum & concordatum.
357 1494 1063 1578 His suppositis patet dubii solue
311 1554 1079 1621 tio. nam in anno passionis Curisti licet coniunctio lu-
312 1604 1067 1661 minatium vt dictum est, fuerit feria quinta: non tamen po
309 1651 1073 1707 tuit in ea neomenia figi propter eius vetustatem: & per
322 1693 1070 1751 consequens occurrit primus casus repellendae: habuii
321 1744 1070 1795 ergo transferri ad sequentem diem. sed quia sequens dies
324 1782 1082 1838 erat sexta feria: nec in ea poterat neomenia assi-
327 1825 1067 1883 gnari: quia est secundus casus repellendae: transferebat
312 1878 1082 1930 neomenia ad diem sabbati. & per consequens. xv. luna
322 1911 1067 1969 fuit eodem anno secundum Hebraicam computationem leg
324 1960 1073 2005 timam & assuetam in die sabbati: in qua concurrunt duae
318 2004 1079 2055 festiuitates solemnes apud eos: sabbatina ves & pa
318 2043 1069 2095 schalis: quae est prima solennitas azimorum: & sic erat
321 2090 1070 2138 ille dies magnus sabbati secundum loannem in feria sexta
309 2133 1067 2179 immediate praecedente: & fuit secundum eos quartadecima
312 2178 1070 2240 luna in qua legitime erat pascha immolandum. Vnde
318 2222 1064 2276 in eadem sexta feria fuit immolatus verus agnus
315 2271 1064 2320 paschalis ab eis. similiter & typicus: pro cuius typio
309 2311 1073 2359 manducatione vt non contaminarentur ludaei, non intra-
321 2361 1067 2410 uerunt praetorium, secundum euangelium. Christus autem in hu
312 2402 1067 2458 iusmodi neomenia primam repulsam tamtenm tenuit &
316 2446 1079 2499 non secundam. Prima enim est rationabilis sine compara
312 2487 1066 2537 tione ad festa futura. secundam non tenuit. & ratio est
321 2539 1075 2585 quia causa illius repulsae ex festis futuris in mense se-
319 2575 1070 2630 ptimo dependebat: quorum obseruationem Christus
319 2624 1076 2668 sciebat iam per suam passionem euacuandam, sicut caetera
315 2661 1076 2723 legis cerimonialia. Fuit ergo secundum verissimam &
319 2709 1079 2772 infallibilem notitiam Christi neomenia tempore suae
1146 313 1915 384 passionis in sexta feria: similiter & prima dies pa-
1153 378 1907 436 schalis solennitatis, hoc est quintadecima luna apud
1158 425 1910 479 eum. Vnde & in feria praecedenti fuit vera quartadeci-
1149 468 1909 522 ma luna, in qua pascha cum discipulis : tempore deter-
1158 510 1910 566 minato secundum legem manducauit. ⁋ Ex quibus habetur
1161 557 1910 608 quod tempore passionis Curisti duplex fuit quartadeci-
1151 603 1909 650 ma luna: sicut & neomenia primi mesis. vna scilicet
1152 642 1915 689 vera simul & legitima secundum supputationem Chri-
1152 684 1903 736 sti: altera vero legitima tantenm secundum communem & assue-
1149 730 1910 783 tam computationem aliorum omnium praeter Christum: &
1149 769 1904 829 ideo nihil mirum si sanctae mulieres & loseph ab
1155 818 1903 872 Arimathia potius sequaerentur Hebraicam computatio
1149 855 1915 907 nem communem quam Curisti veram computationem. nam mysteria
1152 905 1917 960 passionis & praecipue euacuatio legalium fuit abscon-
1149 950 1909 1001 dita etiam apostolis vsque post resurrectionem: cui con-
1149 990 1900 1049 cordant historiae Hebraeorum, quae asserunt manifeste quod
1156 1035 1909 1089 in vigilia paschae Christus fuit patibulo suspen-
1150 1081 1915 1132 sus: & quod a saeculis num quam fuit inter eos prima dies
1151 1119 1480 1189 paschalis feria sexta
1156 1176 1904 1264 ⁋ Contra opinionem Pauli sic argu-
1153 1249 1910 1310 mentor. Ipsa repugnat euangelistis: ergo est insuffi
1158 1298 1913 1353 ciens. nullus fidelis negabit consequentiam. probatur ante
1158 1344 1912 1398 cedens. Nam scribitur Lucae. xxii. vt in quaestione praecedenti
1155 1387 1921 1443 recitauimus, Venit dies aximorum in quo necesse
1155 1431 1907 1485 erat occidi pascha. hoc est: erat de praecepto legis tunc
1149 1474 1918 1528 occidere pascha. Sed forte dicis. beatus Lucas in-
1159 1517 1907 1570 tellexit de vero pascha & legitimo secundum suppu-
1150 1562 1916 1619 tationem Christi. hoc non valet: quia sic Christus non
1152 1606 1901 1667 seruasset legalia ad mortem vsque: cuius oppositum
1155 1648 1907 1714 dicunt omnes doctores fideles. ⁋ Praeterea sanctae
1152 1693 1915 1738 mulieres & alii probi viri & apostoli mirati fuis-
1152 1737 1912 1794 sent si tempus comedendi agni paschalis praeuenisset.
1162 1780 1907 1844 Quia si dicas hoc verum esse, licet euangelistae non
1155 1824 1909 1882 scripserint: scio locum a non scripserunt non concluden-
1143 1866 1909 1930 re: ergo non ita erat. sed non est vero simile quod hoc ta
1150 1919 1901 1977 cuissent. & dicis voluntarium omnino & inopinabile si
1152 1963 1903 2016 ne probatione. ⁋ Tertio non dat causam quire Christus
1148 2006 1909 2063 tenuit vnam repulsam potius quam aliam. ⁋ Quarto ar-
1149 2046 1912 2109 guitur & fortius. ex eius opinione sequitur quod ludaei non
1153 2094 1900 2139 habuerunt panes aximos in die veneris ante vesperan
1149 2134 1916 2193 Nam Christus praeuenit comestionem paschalem: & conse
1143 2182 1906 2238 crauit corpus suum in tali pane qualem in domibus Hebrae
1152 2225 1891 2281 orum reperit: in hac enim theorica stant omnes tam graeci quam
1155 2266 1907 2326 latini: ergo Christus consecrauit in pane fermetatos
1155 2321 1910 2370 qui est error graecorum. ⁋ Quito arguitur. nullo modo in
1153 2352 1906 2412 cepit festum apud Hebraeos quousque incepit tempus quo
1152 2400 1909 2456 debebant occidere agnum paschalem: ita quod ante illud
1149 2443 1913 2491 tempus poterant operari in quocumque opere. sed in die vene
1156 2485 1913 2538 ris quo Christus passus est, ludaei ad vesperam come-
1149 2530 1913 2594 derut agnum paschalem per eum: ergo adhuc poterant in
1144 2571 1901 2625 troire praetorium Pilati: cuius oppositum scribitur loannis
1146 2620 1909 2678 xviii. ⁋ Sexto sequitur quod Christus passus est mor
1152 2665 1909 2709 tem ante tempus legitimum comedendi agnum pascha-
1149 2707 1913 2780 lem: quod est absurdum. ⁋ Septimo arguitur. septima
