2349 3322
541 470 1028 558 cquamErtio circa hanc di-
524 535 1045 617 & aestinctionem quaeritur. An lai-
600 586 1046 645 cus teneatur sub vtraque spe
603 626 1039 688 cie communicare. Mouet haec
507 654 1042 731 cataalquaestio ob Bohemos: qui con
546 714 1033 774 himunicant suis laicis corpus
309 718 1034 818 ⁋gER. A, gesqu. Ccuristi sub vtraque specie-
275 818 1031 861 ⁋ Respondetur ad quaestionem per conclusiones
279 857 1043 909 sequentes. Prima est. Valde indecens est habere
282 905 1033 958 aliquam legem humanam praecipientem quemlibet laicum
283 947 1046 995 communicare sub vtraque specie. Probatur. Nam
276 990 1043 1039 illud est inductiuum plurium inconuenientium in re
274 1028 1040 1088 ligione Christiana: ergo lex super hoc faciendo lata
282 1075 1031 1120 no est decens: & per consequens non meretur dici lex
284 1113 1042 1172 Haec autem inconvenientia sequuntur. facile enim effunde,
285 1160 1049 1221 retur super terram, haerbas, vel vestes sanguis Christi
282 1208 1052 1264 a tanta laicorum multitudine, in qua multi sunt im-
278 1253 1045 1308 prudentes & rudes. Insuper oporteret in magna pa
280 1293 1037 1349 rochia habere multas species vini pro populo con-
291 1335 1045 1393 municando paratas: quae facile acesceret & in acetosi
294 1390 1048 1439 tatem converterentur. muscae etiam & alia animalia a deo
297 1431 1036 1484 crearentur aeque vt ad corruptionem vini si hic esset: i
292 1465 1043 1524 nauseam magnam sumentium. quando item deferretur Eu
294 1512 1048 1565 charistia de loco in locum: facillime fieret effusio
288 1556 1048 1605 sanguinis Christi: siue deferens pedes vel eques
286 1599 1045 1662 deferat. Praeterea in pascha pro multitudine commu-
283 1659 1052 1702 nicanda opus esset magno vase, quod inueniri faci-
288 1693 1048 1742 le non potest. Ex isto sequitur quod nulla est lex humana
291 1737 1039 1794 hoc praecipiens. & patet hoc: quia nescis illam legem doce
293 1779 1043 1835 re. De his autem quae non sunt & non apparent, idem est iudi
295 1831 1049 1878 cium. ⁋ Secunda conclusio: laicum communicare sub
303 1870 1039 1917 vtraque specie non est de iure diuino. probatur. quia da
301 1913 1046 1966 to opposito, sequitur haec conclusio. Tota ecclesia
296 1956 1042 2016 demptis Bohemis aberrat: & in mortali peccato de
291 2001 1050 2057 cedit continuo, & decessit a tot diebus vt nesciatur
299 2044 1055 2103 de principio: & nullus adultus decedens fuisset sal-
297 2088 1046 2141 uatus, quae nefas est concedere. Quia sequatur patet sic.
303 2135 1045 2190 per aduersarios, homines tenentur communicare sub
307 2187 1055 2233 vtraque specie: quod tamen non fecerunt. quod hoc a longissi-
294 2222 1046 2279 mis annis sit obseruatum, patet. quia hoc non legitur:
302 2264 1042 2314 nec de modo seruandarum specierum dandarum laicis, ne-
303 2315 1046 2364 cessarium tamen fuisset ecclesiae super hoc prouidere aeque
296 2357 1060 2412 ac super ministris & aliis hoc sacramentum contingenti
297 2401 1061 2452 bus: quod nullo modo legitur. Secundo arguitur. nihil de-
293 2449 1042 2500 bet asseri esse de iure diuino nisi constet per quem mo
301 2484 1057 2541 dum sit de iure diuino: sed non constat quod laico sit prae-
309 2528 1064 2588 ceptum sumere sub vtraque specie, quod probatur: quia non
303 2585 1052 2634 ex facto Curisti apostolos communicantis sub
304 2619 1067 2678 vtraque specie. Nam primo / illi erant sacerdotes. Secun
291 2661 1061 2711 do / sacerdotes non habent illud ex praecepto diuino
300 2710 1061 2775 plus quam alii: sed solum praecepto humano: vt patet de
1113 313 1877 387 consecra. dist. ii. c. Comperimus. Tertio. hoc potest
1123 378 1877 433 admitti vel imponi paruae & prudenti multitudini
1114 427 1864 472 quemadmodum erant apostoli, & non omnibus nunc
1129 466 1875 522 Quarto. facta Christi non sunt lex obligatoria:
1116 510 1875 566 alioquin essemus obligati facere miracula. Postre
1110 556 1875 608 mo. Actuum. ii. legimus de conversis ad fidem per apo
1122 594 1879 646 stolos. Erant autem perseuerantes in doctrina aposto-
1110 636 1877 694 lorum & communicatione & fractione panis. vbi
1116 679 1648 741 nulla est mentio de speciebus vini.
1120 725 1889 808 ⁋ Contra priorem conclusionem arguitur.
1119 789 1879 843 Presbyteri comunicant sub vtraque specie: ergo &
1122 834 1877 884 laici sub vtraque specie communicare possunt per le-
1123 883 1892 938 gem aliquam statutam. ⁋ Respondetur. consequentia est nul-
1120 926 1886 976 la. Presbyteri enim sunt cultui diuino mancipati: &
1113 970 1876 1022 le multi mali sint: plurimum tamen sunt plebe pruden-
1119 1019 1885 1069 tiores: & vasa sua ad hoc officium habent deputata:
1113 1057 1885 1119 vt sunt calices. ista autem non possunt reperiti in to-
1122 1099 1871 1161 ta multitudine: nec esset rationabile dare legem quod
1113 1138 1879 1206 prudentes omnes sub vtraque specie communica-
1119 1192 1889 1247 rent: nam quilibet putaret se tam prudentem quam so
1113 1231 1322 1300 cium suum.
1116 1273 1886 1351 ⁋ Contra secundam conclusionem ar-
1128 1338 1882 1399 guitur per illud quod loannis. vi. scribitur. Amen amen
1119 1382 1889 1435 dico vobis. Nisi manducaueritis carnem filii hominis
1122 1430 1876 1477 & biberitis eius sanguinem: non habebitis vitam in vo
1131 1476 1891 1526 bis. ⁋ Respondetur. sermo est illic de manducatione
1126 1520 1879 1579 spirituali. Secundo dicitur / quod si quis sumit sub spe-
1129 1568 1880 1620 cie panis: manducat carne & sanguinem. ⁋ Secundo
1128 1604 1889 1659 arguitur. sequeretur quod Bohemi / Graeci, & alii communi
1116 1656 1882 1704 cantes suis laicis Eucharistiam sub vtraque specie: in
1120 1697 1879 1745 hoc tenerent haeresim: & per consequens essent haeretici.
1131 1742 1874 1802 ⁋ Respondetur. si isti praefati dicant esse de iure diuino quod
1140 1787 1892 1842 quilibet laicus sumat Eucharistiam sub vtraque spe
1123 1828 1889 1878 cie: iam tenent haeresim. & si cum pertinacia hoc tueantur
1125 1874 1886 1920 sunt heretici, non enim minor est haeresis dicere ali
1132 1921 1888 1980 quid esse de iure diuino: quod non est de iure diuino
1125 1959 1895 2019 qui negare aliquid esse de iure diuino quod est de iu-
1125 2015 1892 2063 re diuino. Et propterea loannes Hus, & Hierony-
1128 2049 1886 2101 mus de Praga, in concilio Constantiensi cremati
1128 2096 1889 2145 sunt. Esto etiam quod non dicant illud esse de iure diui
1126 2143 1889 2188 no: quia tamen nolunt recipere traditionem rationabi-
1134 2185 1882 2242 lem ecclesiae: sed inniti volunt proprio sensui: sunt
1122 2226 1577 2285 inobedientes & schismatici.
1395 2413 1889 2512 sam Vaeritur vltimo quis
1416 2491 1874 2559 dsit modus celebrandi. Respon
1416 2535 1874 2600 udetur. multa de modo cele-
1403 2579 1876 2641 rbrandi tanguntur de consec. disti. i
1430 2620 1880 2692 In primis: sicut nullus nisi
1381 2659 1883 2731 Qu sacerdos potest consecrare:
1386 2718 1873 2789 ita non debet esse celebratio
