2329 3324
483 363 1255 426 aequatorem, antarcticum versus. Non sunt Mahume
487 415 1256 473 tistae nisi in pua Asia siue Turcia: Aphrica, ma-
498 458 1254 508 re mediterraneum versus: Aegypto: triplici Arabia:
488 505 1255 560 Perside: & Syria: & in Graecia: cuius partem nos habe-
496 548 1259 595 mus: & sub eis sunt plurimi christiani. plurimos
498 592 1244 648 tamen habemus haereticos: quos non reputo tam malos qui
502 642 1262 693 sunt Mahumetistae vel idololatrae: eandem enim partem
492 681 1252 737 nobiscu caperent cotra quoscumque in praecipuis fidei:
498 725 1258 783 nolo tamen eos excusarae quin grauiter delinquant. Eti
499 781 1253 829 am concedo quod veri Malmaluci existimantes sicut
492 813 1252 869 Mahumetistae sunt peiores eis propter relictam fi-
490 863 1262 916 demsuscepta. voco veros Malmalucos eos qui
492 905 1264 964 erant christiani adulti: sicut nati in Europa vel In-
489 956 1255 1004 dia: & eorum paucissimi sunt. vix reperiuntur quinque: vt
493 998 1258 1049 a fide dignis accepi: in Cairo: vbi omnes Malmaluci
499 1037 1262 1096 resident regulariter. In istis etiam sunt qui vnum oespedunt
502 1087 1258 1137 exterius: aliud interius habent: vel a christianis proscribun-
489 1131 1268 1178 tur: vel sunt homicidae viri Belial grauati aere alie-
487 1173 1256 1226 no: vel homines perditi: qui eadem perfidia starent sub Pluto
486 1217 1259 1267 ne in erebo: vt miseram vitam partranseant: qua sub Sul-
496 1263 1256 1314 tano. Nimirum Chanaam fuit maledictus a None Ge
493 1310 1247 1364 neseos. ix. Filii autem eius Aphricam: maiorem Aeguy
505 1350 1265 1403 ptum & omnem Arabiam in sortem ceperunt: vt luci-
499 1387 1256 1457 dum est ex Geneseos decimo capite: & glossa in
499 1439 788 1509 terlineari eiusdem.
504 1496 1252 1583 ⁋ Sed hic ex proposito quaeritur. Quomo
499 1564 1259 1629 do ita diu perdurant Mahumetani? Respondet Paulus
490 1610 1260 1670 Burgensis in quadam additione Apocalypsis. xiii.
503 1653 1262 1710 de huius sectae durabilitate: ita quod in effectu vult di
501 1696 1265 1762 cere quod nulla vna secta vnquam tatum durauit quantum
492 1743 1265 1796 haec. Licet enim idololatria a diebus Nembroth: immo a
505 1788 1265 1835 diebus Enos prout aliis placet inchoata ad Christum
508 1835 1253 1881 vsque durauerit: tamen nulla vna secta idololatriae ita
504 1880 1265 1936 diu mansit. victor enim nouum ritum colendi victis im
498 1932 1255 1981 posuit: & destruebat deos gentis deuictae. vnde Esaiae
499 1978 1263 2025 xxxvi. Rapsaces in noine Sennacherib qui multas
504 2014 1258 2068 gentes deuicerat: dicebat. Vbi sunt dii Ematis: & ar
507 2056 1265 2120 phat: & vbi sunt dii Sepharnaim &c. quasi di-
510 2096 1264 2158 cat: quod sicut vicerat gentes illas: ita & deos eorum.
502 2144 1259 2193 Idololatria enim est nomen generale: & sermo est de
505 2190 1249 2236 hoc modo indololatriae vel illo. Et dat tres causas
507 2234 1266 2286 Prima est. haec secta non est idololatica: nec cultum
508 2279 1262 2337 idolorum publice in suo dominio permittit: sicut aliae
504 2322 1264 2373 sectae praecedentes faciebant: modo inter omnia pecca-
510 2370 1262 2428 ta quibus deus offenditur, peccatum idololatriae est
507 2416 1255 2471 pessimum. Secundum in quo differt haec secta ab
511 2455 1249 2511 aliis praecedentibus est: quia peccedentes cogebant fideles
511 2506 1265 2563 ad orandum seu thurificadum idolis: isti autem non
505 2543 1265 2606 cogunt directe: licet christianos multum damnent.
507 2588 1255 2643 Prior pars. est nota de tribus pueris in camino re-
504 2638 1255 2694 gis Babylonis positis. Danieles. iii. & ex libris Ma
514 2678 1258 2741 chabeorum, & sanctorum vitis amplius patet. Secun
510 2723 1267 2785 da pars patet: quia in Alcorano habetur quod cogunt
498 2767 1256 2846 omnes ad suam sectam: vel ad soluendum tributa. mo-
1333 365 2096 439 do multi christiani viuunt sub eis soluentes tributa:
1342 426 2102 488 vt patet de religiosis in modote Sion: in Bethleem
1329 462 2102 530 ludae: in mote Sinai & in Graecia. Tertia causa. re
1336 517 2093 567 liquae sectae Christum denigrant non modo in eo negantes
1339 552 2086 607 diuinitatem, sed eum praedicantes malum virum. isti autem exi-
1332 605 2101 660 mium prophetam ponunt: negant tamen in eo diuinitatem. ⁋ Con
1329 651 2086 708 tra has causas argumentor. Ipse istis tribus causis
1326 691 2099 746 nititur durabilitatem huius sectae erroneae protegere: sed
1338 735 2096 796 aliquam secta diutius durauit qui Mahumetica: cui ista
1333 782 2090 838 tria non competunt: ergo nihil dicit probatio minoris
1332 819 2095 885 de secta erronea ludaeorum liam mille quingentis annis
1333 868 2101 917 durante: quae pessime inter reliquos de Christo sentit:
1333 911 2096 972 & christianos viuos si posset forte deglutiret. Isti
1329 959 2086 1017 etiam sunt idololatrae: vt patet per superstitiosum mo-
1339 995 2096 1060 dum & prohibitum de deo colendo quo vtuntur. For-
1330 1050 2090 1101 tassis mihi dices. hos conseruat deus: vt ex veteri
1341 1096 2086 1152 testamento capiatur argumentum fidei nostrae. sic di
1335 1142 2098 1188 citur quod propter aliquas alias causas Mahumetani per:
1332 1182 2097 1235 mittuntur viuere. Insuper Mahumetani negant cultum
1332 1219 2087 1283 latriae exhibendum illi: cui est exhibendus. i. Christo-
1336 1271 2096 1321 ergo sunt idololatrae in deficiendo. Assumit etiam
1341 1314 2086 1361 vnum quod reor esse falsum: quod nulla vna secta erro-
1329 1361 2092 1412 nea ita diu durauit sicut illa. plerique enim steterunt
1338 1393 2094 1462 diutius non victi quam mille aunis: vt patet de Scy
1339 1442 2087 1498 this: qui nec ab Alexandro magno: nec a Raotonanis
1339 1486 2090 1548 subacti sunt. capiam exemplum domesticum. Nostri Sco-
1330 1533 2093 1594 ti Britanni postquam ex Hibernia:( quae apud maiores
1342 1578 2090 1637 Scontia dicebatur, ingressi sunt Britanniam: in ea vltra
1336 1627 2087 1678 mille octingentos annos perdurarunt: ergo ita est ve
1331 1671 2087 1726 rosimile fuisse inter varios idololatras. Praeterea
1344 1717 2086 1776 prudentes victores in lumine naturali passim per:
1330 1763 2091 1818 miserunt subactos viuere in suo ritu colendi & in
1339 1800 2087 1861 legibus suis positiuis. vt patet de Romanis qui in
1336 1838 2088 1901 pantheo colebant omnes deos & deas gentium. & Ma-
1333 1890 2087 1942 ro in Georgicis inuocando opem superorum dicit.
1345 1926 2086 1989 Dii deaeque omnes studium quibus arua tueri. Qui
1342 1978 2080 2030 quod nouas colitis &c. In signum cuius Pilatus Roma
1342 2030 2093 2083 norum locum tenens in ludaea voluit dimittere iudaeis
1339 2060 2087 2119 Barabbam: quia erat consuetudo eorum erspore de morte
1335 2106 2083 2169 in pascha vnum condemnandum: vt patet ex euangeli-
1329 2151 2084 2214 stis. & ita alias consuetudines subditorum admise-
1342 2203 2092 2248 runt vt eos in maiore tranquillitate tenerent. mo-
1328 2247 2080 2304 do nihil tam mouet homines ad schisma & sedi-
1329 2287 2085 2345 tionem quam mutare cultum maiorum erga supos ser
1339 2338 2092 2387 uatum. tamen non nego quin aliqui insolentes coge
1333 2370 2088 2433 rent subditos ritum colendi superorum mutare
1342 2420 2081 2484 Rursus quaestio est ita grauis: quomodo deus sinit
1339 2465 1985 2525 idololatras in genere viuere & prosperari.
1333 2515 2088 2610 ⁋ Propterea ad omnia ista aliter respon-
1333 2598 2088 2651 dendum arbitror: suppono quod multa fiunt a deo
1328 2643 2081 2695 & rationabilissime quorum causa nos fugit: tamen
1348 2685 2086 2734 possumus in proposito (& conducit) dare aliquas
1332 2735 2086 2782 rationes. In primis dico quod deus reliquit homines li
1329 2774 2099 2847 beros: & dedit eis mandata rationabilia: sed homines
