2358 3321
267 352 1028 424 tur in anima & infunditur a deo quando homo habet istam disposi-
269 407 1034 456 tionem praeuiam, de lege, quemadmodum foetu com
270 453 1022 511 plete disposito in vtero muliebri / a deo infundii
279 491 1037 543 anima intellectiua. Sed gratia efficientiam naturalem ha-
276 536 1022 597 bet respectu illius actus. Hoc suppono ex. xvii
276 582 1031 643 distinctione primi sententiarum. Et tunc ad forma
273 627 1024 689 argumenti concedo quod contritio est aliquo modo
282 669 1027 732 prior gratia, non tempore, nec natura, loquendo
276 720 1031 768 more Aristotelis in Postprodicamentis: sed ex pacto
270 767 1022 806 diuimo nobiscum, & sua liberalitate & misericordia,
280 800 1040 865 est prior in genere causae materialis: & est posteri-
273 843 1036 908 or gratia tanqui effectus naturalis gratiae. Et sic con-
279 890 1024 952 cedo quod causa sine qua non, respectu b. gratiae est
276 939 1027 997 eius effectus naturalis: & quod est prius ex pacto, e
279 987 1036 1041 posterius natura. Patet analogia in numeris, in spe
272 1020 1031 1085 cie multiplicationis per regulam illam vulgatissimam.
276 1071 1034 1129 multiplicando digitum cu digito auferendo totiens
285 1119 1028 1175 minorem a sua dena quot vnitatibus a denario ma
274 1156 1027 1217 ior elongatur. Fodem modo si vnitates fuerint pares
277 1210 1030 1256 eandem legem auferendi subibunt: vt multiplicando
279 1256 1028 1306 viii. cum. viii. octo in vtrolibet loco imaginaberis:
277 1293 1027 1345 vnum numerum superiorem & alium inferiore. Numquid sa
267 1332 1036 1394 nitas medicinam in genere causae finalis praecedit, &
270 1376 1028 1434 medicina sanitate in gener: causae efficientis? sic in pro-
283 1433 1030 1490 posito, ista dispositio paruia praecedit gratiam in genere cau
276 1465 1034 1521 sae materialis: gratia aut actum eundem praecedit in gene
278 1507 1040 1556 causae efficientis. ⁋ Ad secundum conceditur quod non
272 1551 1028 1619 datur instans in quo primum infunditur gra. Opinor enim
280 1597 1031 1656 quod sicut homo successiue elicit actum, sic deus creat con
280 1651 1037 1701 tinuo gratiam. Quia deus continuo agat non mouea
276 1685 1040 1742 ris: nam quando ignis successiue calorem introducit
267 1735 1027 1787 in aquam: deus ad eundem calorem successiue coagit: sic
270 1774 1024 1832 in casu argumenti. Gomnitia enim icipit per vltimum instans
279 1815 1027 1877 sui non esse: sicut cotritio: & intenditur continuo siue con-
277 1867 1022 1918 tritio intendatur siue non: dummodo contritio libere con
276 1906 1035 1965 tinuetur. hoc enim ad crementum gratiae sufficit. Potest
281 1954 1030 2001 tamen deus si voluerit / gratiam infundere subito quae inci-
279 2002 1042 2059 piet per vltimum instans non esse, per idem quod est vlti-
279 2036 1037 2096 mun non esse contritionis: sed tunc bene verum est
273 2088 1021 2141 quod non datur primum instans esse gratiae. & est eadem dii
270 2135 1040 2192 ficultas de secundo angelo producto post primum.
289 2174 1034 2237 quam remitto ad quaestionem secundam distinctionis. xlvi.
282 2215 1031 2274 huius. ⁋ Sed cotra ista arguitur. sequitur ex isto modo
273 2261 1034 2325 respondendi quod nunqui dabitur contritio quando ipsa pu-
271 2316 1037 2365 re partibiliter elicitur. Probatur. ante omne instans
274 2350 1027 2404 in quo gratia est in anima: gratia praefuit. Sed actus
283 2393 1034 2456 bonus post infusionem gratiae non est contritio
282 2449 1033 2500 quod probo: quia si sic, sequitur quod si Magdale-
281 2481 1028 2539 na detestaretur in patria nunc peccatum suum con-
282 2525 1035 2580 missum dum erat viatrix: detestatio illa erit con-
270 2568 1037 2620 tritio, quod non videtur concedendum. Si dicas. ra
273 2618 1031 2672 tione illius detestationis non infunditur ei gratia
277 2669 1042 2719 quia ipsa non est viatrix. Sequitur si aliquis in
277 2702 1049 2764 via detestaretur peccata praeterita duplici actu im-
274 2743 1037 2817 mo centuplici: quod actus centuplus erit contritio.
1114 347 1862 419 quod non est dicendum. Respondetur negando hoc
1110 402 1871 463 non esse dicendum. quia est actus peccati detesta
1111 445 1865 500 tiuus & deletiuus, & deleret quantu est de se si non
1117 496 1867 550 praeueniretur ab alio actu: ratione cuius etiam actua-
1111 541 1865 588 liter infunditur gratia. licet possim dicere non esse si-
1105 580 1874 639 mile quando sunt varii actus non constituentes ali
1103 627 1858 677 quod vnum: & quando est actus pars. vbi enim totus actus
1114 673 1870 725 est contritio: & quaelibet eius pars. Et vtrumuis
1114 717 1877 764 istorum duorum dicatur: non potes hoc oppu-
1113 760 1871 816 gnare nisi luctando de vocabulo. Sed adhuc di-
1105 803 1868 855 cis. si producatur contritio in instanti, gratia infun
1113 843 1876 894 ditur in eodem: & concurrit ad illam contritionem:
1109 887 1870 939 & ad intensionem contritionis gratia erit maior:
1105 933 1870 989 & ad augmentum gratiae augetur contritio: quia
1119 976 1867 1028 aucta causa naturali augetur effectus. & sic in abysa
1103 1021 1870 1072 sum non erit status citra summum. Respondetur.
1106 1065 1865 1117 hoc non impugnat conclusionem nostram: & est
1118 1107 1865 1158 difficultas communis mihi & aliis. & licet dicas
1110 1153 1864 1206 quod gratia non concurrit in illo instanti: sed post il-
1105 1198 1865 1251 lud instans: non euaditur difficultas. quia eodem
1109 1248 1872 1295 modo argumentabor de actu & eius intensione
1104 1293 1870 1340 & de augmento charitatis post illud instans. Haec
1123 1328 1871 1383 difficultas potest fieri aliter in agentibus naturali
1116 1368 1868 1429 bus: vbi est actus aliquis productus in instanti quod
1113 1419 1877 1468 habitum in illo instanti producit: vbi propter re-
1111 1462 1871 1515 ciprocationem actus & habitus non videtur sta
1103 1507 1877 1562 tus. Sed de hac difficultate alibi loquimur. De me-
1113 1553 1867 1601 rito autem congrui & condigni nulla est difficul-
1116 1601 1871 1650 tas. Meritum de congruo est actus bonus sine gra
1113 1642 1870 1700 tia elicitus. Meritum de condigno actus a gratia
1112 1685 1877 1744 productus. sed de hoc remitto ad determinata in secundo.
1112 1725 1874 1827 ⁋ Nunc deuemnio ad solutiones duo
1114 1803 1874 1871 rum argumentorum aliam opinionem valde rigidam
1110 1867 1871 1914 probare conantium: quod scilicet requiratur maximus co
1114 1898 1871 1959 natus possibilis. Ad primum dico quod Augustini vult di
1118 1940 1877 2002 cere, ad veram poenitentiam requiri detestationem
1114 1983 1869 2050 omnium peccatorum extensiue. Non enim suf-
1114 2032 1863 2084 ficit vnius detestatio. Ad auctoritatem Psalmo
1109 2079 1876 2136 graphi adducitur vnum magis apparens pro arguente
1114 2129 1862 2179 quod scribitur Matth. xxii. & Deutero. vi. Diliges
1108 2168 1874 2221 dominum deum tuum ex toto corde tuo & tota anima tua
1114 2212 1877 2269 & ex tota mente tua. Et Christus respondit Pha
1113 2260 1877 2306 risaeis quod istud erat maximum mandatum in lege. Sed
1110 2293 1873 2355 hic totum non dicit totalitatem actus: sed totali-
1116 2340 1861 2400 tatem appreciationis: quod scilicet nullam creaturam nec
1115 2382 1862 2446 omnes simul iunctas tanti appreciemur seu aesti
1102 2439 1861 2492 memus quati daeum: ita vt non debeamus contra:
1113 2469 1865 2533 uenire praecepto dei pro eis omnibus iunctis. possum
1116 2514 1872 2579 tamen ita intense creaturam diligere vt deum. patr. quia eodem
1113 2557 1877 2621 actumeritorio possum vtrumque diligere. Ad auctori
1104 2601 1862 2653 tatem igitur adductam dico quod ille scrutatur dei testimodoia
1104 2649 1856 2712 in toto corde suo qui vult efficacitur implere mandata de-
1110 2689 1859 2756 per conr enim intelligitur voluntas: per animam intellectus: per
1105 2745 1864 2806 mentem memoria: vt in auctoritate Matth. ac si salua
