2326 3308
462 258 1223 316 sensu. Forte concedis consequentiam, antecedens
456 314 1222 365 & consequens: sed hanc negas, non requiritur com
459 366 1222 414 tritio in gradu ad delendum peccatum. Contra. an-
465 402 1220 449 te dictum est quod idem valet dicere: requiritur con-
471 444 1222 497 tritio ad delendum peccatum: & contritio requiri-
469 496 1220 541 tur ad delendum peccatum: ergo illarum contradi-
460 538 1222 587 ctoriae aequiualent. ⁋ Respondetur concedendo
475 577 1225 627 conclusionem in celarent: sed haec conditionalis
466 623 1223 688 est vera: si peccatum perpetratum deletur: opus est
468 668 1222 715 contritione: in sensu quo ante concessimus quae-
469 710 1223 762 stione praecedenti. ⁋ Sed contra illud arguitur. se-
468 758 1228 806 queretur quod quaelibet contritio poenam & culpam de
459 798 1229 849 leret: consequens est falsum: ergo & antecedens. fal-
460 840 1225 907 fitatem consequentis probo. quia alioquin ecclesia
460 887 1225 939 supuacanee imponeret poenitentiam, saltem non esset
468 931 1216 988 aliquo modo necesse. sed quod sequatur, patet. capio
477 975 1223 1030 contritionem intensam vt quatuor vel vt duo: cen
466 1022 1238 1074 tesima pars vnius gradus per te sufficit ad delen-
471 1062 1232 1123 dum peccatum: ergo mutat poenam eternam in
465 1111 1223 1169 temporalem: sed supersunt viginti partes contritio
475 1152 1232 1205 nis similes: ergo illae possunt tantudem facere: sed
475 1195 1222 1247 minor est poena debita post mutationem aeterna
469 1241 1237 1296 in temporalem, quam poena aeterna quae per vnam par
471 1286 1226 1334 tem contritionis tollitur. hoc est. minus est tollere
465 1332 1234 1388 poenam quam culpam. ergo reliquae partes graduales
472 1377 1229 1428 contritionissufficiunt pro poena. immo millesies
464 1427 1225 1480 pro simili poena quamuis duraret ad diem iudicii vsque
475 1460 1241 1511 ergo superuacanee iniungitur poenitentia. vel non
472 1505 1229 1566 quaelibet pars contritionis sufficit ad delenda pecca
475 1554 1228 1597 ta, contra dicta. Aut dicatur sic si velis. Vel contri-
475 1594 1222 1649 tio successiue producitur: vel in instanti. Si secundum
469 1642 1242 1700 signetur intensa vt duo. vna medietas eius pecca
480 1685 1229 1747 tum tollit: ergo quaelibet alia pars similiter. sed par
468 1732 1238 1775 tes sunt infinitae: ergo ab infinitis partibus tollitur
483 1781 1225 1833 peceatum. Si dicas, a totali contritione & non ab
472 1824 1234 1878 aliqua parte. Contra: medietas eius vel octaua si es-
475 1862 1238 1912 set seorsum, tolleret illa peccata meritorie: hoc est
477 1908 1235 1952 deus per illam contritionem tolleret: & non est mi-
481 1952 1223 2011 noris valoris in tota quam separati: ergo virtute vni
484 1998 1225 2048 partis tollitur peccatum. Si successiue: apparen
481 2048 1231 2091 tius argumentabor sic. quacunque contritione data
482 2086 1235 2142 ante illam peccatum est deletum: quia ante omne con
490 2128 1223 2184 tritum esse, est contritum esse vbi est successio: sicu
471 2177 1230 2231 ante omne moueri est moueri. vi. Physico. ergo
474 2217 1228 2273 non datur contritio tollens peccatum. ⁋ Responi
477 2270 1238 2315 detur negando consequentiam, quod scilicet quaelibet
486 2314 1235 2365 contritio poenam & culpam tolleret. Et ad probatio-
475 2356 1229 2399 nem dicentem quod vna medietas tollit peccatum
483 2393 1231 2448 dico quod culpa a tota contritione, & qualibet eius pat
471 2449 1229 2490 te tollitur, quando in instanti producitur. quia aequa
484 2483 1231 2535 lis est ratio in toto & in parte: & in magna parte, &
483 2531 1238 2581 parua. ldem est iudicium quando successiue elici-
478 2575 1241 2625 tur: quia culpa remittetur ratione totius actus: &
484 2620 1242 2669 ratione partis praecedentis. hoc est, inceptionem actus
484 2663 1244 2733 versus. licet ratione nullius partis proportionalis
1305 279 2059 337 actus, finem versus deleatur culpa. Si vero pona
1299 324 2068 377 tur minimum naturale contritionis, homo potest
1308 376 2070 425 aliter procedere: sed non est necesse illud ponere.
1311 410 2068 458 Nec sequitur. vna pars contritionis totam culpam
1312 454 2062 499 tollit: ergo & totam poenam. In agentibus enim
1306 500 2053 547 naturalibus non semper auferens maius: minus au
1305 542 2060 591 fert. Nam calor frigus corrumpit: non tamen humidita
1312 587 2067 646 tem vel siccitatem. Illa autem maxima tenet quando effe-
1310 633 2063 678 ctus corrumpendi sunt eiusdem speciei specialis
1305 676 2070 727 simae. si igitur ita est in agentibus naturalibus: mul-
1310 723 2066 772 to magis in agentibus liberis. semper enim contritio
1312 767 2072 812 maioris peccati vt nosti, plus tollit de culpa, quia
1315 808 2063 855 maiorem culpam. patet de mortali & veniali: &
1305 854 2064 904 de duobus mortalibus maiore & minore. vbi enim
1305 894 2071 951 superabundat delictum superabundat misericor
1311 942 2068 993 dia. & similiter vnus actus meritorius meretur ma-
1314 986 2074 1035 ius praemium concomitans quam alter. hoc est remissio-
1317 1032 2063 1085 nem poenae: vt manifeste videre licet in indulgentiis
1314 1082 2076 1129 vbi pro certa summa est completa absolutio pro
1305 1121 2065 1177 peccatis imparibus. Deus igitur vt patet, plus remit
1306 1168 2075 1224 tit pro parua contritione quando culpam remittit: quam quando
1312 1206 2072 1260 remittit poenam pro actu contritionis aequaliter intenso.
1311 1250 2065 1296 ⁋ Contra. ex isto sequitur quod aeque intensus dolor
1314 1299 2072 1342 requiritur ad deletionem furti simplicis ac vxori-
1308 1341 2069 1398 cidii vel matricidii vel incestus, consequens est fal
1311 1381 2066 1431 sum: ergo & antecedens. Et quod sequatur perspicuum
1312 1435 2075 1485 est ex dictis. falsitas consequentis patet. Na poe-
1314 1474 2069 1520 nae debent aggrauari secundum quatitatem delicti
1308 1516 2074 1565 xxiiii. qui. i. Non afferamus. modo contritio est poe
1314 1563 2074 1612 na. & pro fornicatione cum religiosa magna poe
1311 1605 2079 1662 na imponitur. ⁋ Respondetur, non sequitur quod aeque
1315 1647 2063 1695 intensus dolor requiritur pro magno peccato &
1321 1694 2060 1741 paruo: cum nullus requiratur vt dictum est. Sed quia con
1305 1734 2074 1791 ditionaliter argumentum forte intelligit: ad rem
1317 1790 2072 1835 respondendo distinguo. vel quo ad intensionem
1311 1831 2071 1882 gradualem: & sic transeat. vel secundum specien essen
1324 1872 2066 1927 tialem: & sic negatur. istae enim nolitiones: nolo pec
1308 1914 2066 1964 catum furti fuisse perpetratum a me: nolo peccatum
1308 1958 2071 2007 homicidii fuisse perpetratum a me: quae realiter sunt
1321 2001 2072 2053 detestationes, specie essentiali distinguuntur: & se
1320 2058 2071 2103 cunda nolitio distinguitur specie a prima: quia ha-
1315 2092 2068 2140 bet aliud obiectum. istae autem detestationes sunt poe
1312 2140 2075 2189 nae identice, si loquaris de tristitia quae est etiam poe
1311 2182 2078 2228 na nolitionem naturaliter sequens. sed an sit eius-
1318 2226 2073 2279 dem speciei dubium est, quamquam enim causae producti
1316 2270 2071 2329 uae specie differant: non oportet effectus specie
1317 2310 2069 2370 differre, quod patet de calore a sole & igne producto.
1324 2358 2066 2404 nec tamen oppositum potest ostendi: puta quod sint
1321 2399 2069 2452 eiusdem speciei, nec est multum vtile insistere ad
1311 2441 2074 2492 hoc suadendum. ⁋ Cum toto isto dico quod pecca-
1324 2489 2069 2550 tor debet plus detestari peccatum maius quam minus
1317 2535 2068 2585 & maior poena exterior est assumenda pro maio-
1314 2578 2072 2634 ri peccato. iuxta illud Deutero. xxv. Pro mensu-
1311 2618 2078 2671 ra peccati erit & plagarum modus. & Apocalyp.
1314 2666 2072 2734 xviii. Quantum glori ficauit se & in delitiis fuit: tam
