2325 3321
509 245 1286 313 de peccato finalis impoenitentiae. ⁋ Tertia. Sortes non
516 302 1272 365 potest poenitere de peccato finalis impoenitentiae. Voco
519 349 1281 404 autem peccatum finalis impoenitentiae quando homo decedit
508 385 1277 453 in mortali pronunc. quia ille est vnus modus loquen-
508 432 1274 497 di. de hoc dictum est in secundo. ⁋ Prima proposi
516 477 1277 540 tio probatur. capio hanc volitionem. volo finaliter dece
523 517 1281 589 dere in mortali peccato. arguitur sic. Hoc peccatum
513 565 1271 627 possum detestari: hoc peccatum est vel potest esse pec-
512 619 1274 673 catum finalis impoenitentiae: igitur de peccato finalis im-
513 658 1271 717 poenitentiae possum poenitere. consequentia tenet ex
509 702 1273 761 positorie: & antecedens claret: ergo consequens non
517 743 1269 808 debet esse dubium. Secunda propositio probatur. quia da
515 786 1267 843 ta eius opposita vel saltem repugnante: possibile est
514 828 1259 898 poenitere de peccato finalis impoenitentiae: cum illa sit
501 877 1258 939 modalis composita: oportet partes dicti conuenire
507 908 1259 981 inter se pro eodem tempore adaequato: vel quod eis non re
508 964 1269 1030 pugnet. loquor lege stante. modo hoc est falsum. ex
508 1009 1257 1072 prima namque conclusione patet: quod quam primum homo poe-
492 1059 1265 1117 nitet, non est peccatum: ergo non est peccatum fina-
503 1084 1251 1165 lis impoenitentiae. a superiore ad inferius negatiur
507 1145 1261 1199 cum distributione superioris. Tertia propositio non
495 1181 1260 1250 est eadem cum secunda. nam prima est modalis diui-
501 1225 1259 1295 sa: saltem loco illius vulgo capitur: & per hoc differt a se-
502 1273 1256 1339 cunda: sed quia quod ponitur a parte subiecti in prima, po
501 1310 1247 1381 nitur a parte praedicati in tertia: propterea est alia appella
495 1362 1256 1427 tio. & eius de inesse est haec: Sortes poenitet de pec-
498 1411 1247 1470 cato finalis impoenitentiae: quae implicat lege stante
499 1453 1247 1510 nam quando poenitet: non est peccatum finalis impoeniter
490 1493 1253 1554 tiae: nec vnquam erat peccatum finalis impoenitentiae. secus
505 1530 1247 1606 est de inesse istius. de peccato finalis impoenitentiae
498 1577 1249 1648 Sortes potest poenitere. Ex his potes argumentu
489 1619 1254 1686 in forma soluere. ⁋ Ad aliud nego quod peccatum mor
483 1672 1251 1738 tale rationabiliter fit. Et ad illam cosequentiam. Sortes
489 1719 1247 1779 poenitet. ergo peccauit, concedo quod sequitur capiem
482 1764 1247 1816 do peccatum sicut accipimus: & quod antecedens ratio-
478 1805 1247 1872 nabiliter fit: sed non oportet quod consequens ratio
495 1852 1246 1905 nabiliter fiat nisi consequentia sit rationabiliter volita:
483 1899 1235 1969 quod est falsum, esto bonitas consequentiae sit volita
484 1946 1248 2053 ⁋ Quarto arguitur probando quod pec
487 2029 1236 2096 catum non possit deleri per poenitentiam: & hoc triu-
493 2066 1237 2140 pliciter. Primo non possum poenitere de peccato, quam
489 2117 1235 2170 primum enim poeniteo de aliquo peccato: puta
483 2169 1236 2228 a. vel. b. ipsum deletur coram deo. ergo non est
471 2208 1236 2274 dabile instans in quo habeam veram poenitentiam
471 2250 1229 2317 respectu peccati. nam bene sequitur. ego habeo poe
481 2302 1238 2347 nitentiam de peccato meo: ergo peccatum meum
481 2333 1238 2406 est. alioquin das mihi modum sustinendi quod pos-
481 2378 1202 2448 sim poenitere de chimaera: quod diceret nemo.
492 2419 1230 2493 ⁋ Secundo. peccatum meum non fuisse est impossibile.
472 2465 1222 2522 Nam. vi. ethi. laudat Arist. hoc dictum Agathonis
481 2506 1229 2582 Hoc solo priuatur deus: ingenita facere quae facta sunt.
477 2560 1224 2617 nemo autem tenetur ad impossibile vel ad illud cuius
471 2608 1230 2667 oppositum est necessarium. sed sic est de quolibet prae
468 2640 1240 2728 terito vero ex futuro contingente non dependente, si
1356 266 2123 344 ne distributione. igitur. ⁋ Praeterea tertio. poenitentia
1357 315 2115 384 habet peccatum pro obiecto. ergo non est actus bonus:
1351 363 2114 431 nec per eam deletur peccatum. Hinc quarto ethi. dicit
1357 407 2110 479 philosophus quod verecundia non est virtus: quia est cir-
1355 456 2112 523 ca turpe. ⁋ Respondetur ad primum concedendo quod quam pri
1348 500 2096 562 mun habeo poenitentiam de peccato: ipsum iam non
1347 543 2108 609 est peccatum. nam poenitet ampliat & importat actum
1356 590 2097 649 voluntatis. sicut haec est concedenda. vellem habere
1344 633 2106 700 centum scuta: quamuis nulla essent. sic liberalitas plerumque
1337 662 2092 733 inclinat me ad dandum denarium siue sit in bursa siue
1348 722 2097 778 non, nec sequitur quod possim poenitere de chimaera. Etiam
1348 762 2090 817 actus qui erat peccatum potest esse in voluntate, & non
1353 799 2093 862 esse peccatum. ⁋ Ad aliud, dubium est quomodo
1341 848 2099 918 doleo de peccato tenendo quod ad praeteritum nulla
1351 890 2087 958 est potentia. vindicare enim peccatum commissum non
1342 940 2109 1007 est impossibile. sed de detestatione peccati est diffi
1335 992 2087 1051 cultas: scilicet nolle peccasse. Nam ista. a. peccatum
1335 1034 2086 1094 meum fuit, est necessaria per accidens: quia propositio
1338 1072 2102 1130 de praeterito vera non depedens ex vna de futuro contin
1335 1120 2090 1188 genti sine distributione: ergo sua contradictoria est in
1342 1166 2091 1229 possibilis saltem per accidens, quomodo igitur obligor ad
1345 1198 2093 1273 velle a. peccatum meum non fuisse, vel ad nolle a. fuis-
1331 1250 2090 1306 se. Probabile est quod non possum vllo modo habere
1345 1294 2093 1362 volitionem categoricam prosequutiuam respectu imposi
1334 1330 2088 1395 sibilis cogniti talis: licet possim habere quoddam
1337 1382 2088 1449 velle desideratiuum: volendo illud esse possibile: vel
1337 1428 2090 1490 velle optatiuum categoricum. & opinor Aristotelen
1339 1465 2080 1538 Tertio Ethicorum ita sensisse: cum dixit. Voluntat
1339 1508 2090 1582 est impossibilium: electio autem non. Ex primo mem
1327 1550 2087 1628 bro cum vno noto sequitur quod non possum velle condi
1323 1597 2075 1670 tionaliter notum mihi ipossibile. volitio enim conditio
1321 1651 2081 1714 nalis non tenet nisi extante conditione vt in materia
1323 1692 2079 1760 de matrimonio saepiuscule dicitur. modo homo non
1335 1742 2076 1806 vult conditionem impossibilem poni loquendo de vo
1327 1774 2082 1848 litione prosequutiua. lstud alibi latius deducere pro
1330 1824 2082 1893 pono. sed quatum attinet ad hoc argumentum, conce-
1324 1872 2079 1929 do quod quis obligetur ad impossibile per accidens,
1324 1906 2078 1973 & deus hominem ad hoc obliget: vt in casu argumen
1318 1948 2076 2025 ti, num quam tamen ad impossibile simpliciter. Secundo homo
1322 2002 2072 2067 potest illud nolle si sit possibile. ⁋ Ad tertium
1321 2051 2068 2103 respondetur negando quod habeat peccatum pro obie-
1321 2087 2078 2155 cto. quamprimum enim est poenitentia: actus desinit esse
1327 2138 2078 2198 peccatum. & quamuis duraret per tempus ( vt aliqui exi
1317 2178 2076 2243 stimant) distinguo quod peccatum sit obiectum poeniten
1317 2224 2066 2292 tiae: vel ipsum nolendo: & sic concedo. & talis actus est
1307 2263 2076 2332 bonus ac meritorius. & sufficienter eluitur litera
1317 2309 2066 2378 Aristotelis de verecundia. fruitio enim interdum habet
1320 2361 2070 2420 peccatum pro obiecto partiali: vt huius nolitionis: nolo
1324 2397 2067 2464 peccatu propter deum, deus & peccatum sunt obiectum
1321 2441 2069 2515 & ista nolitio est fruitio respectu dei, licet vsus re
1312 2481 2063 2554 spectu peccati. & data opposita opinione, pecca-
1306 2532 2056 2597 tum meritorie est obiectum totale nolitionis. Vel
1309 2570 2054 2642 ipsum volendo. & sic nego: immo esset peccatum,
1300 2628 2055 2685 non tamen negandum est quin cum habitu poe-
1309 2668 2057 2737 nitentiae stet peccatum mortale. Sed de actu intelr
