2307 3321
489 331 1241 411 tietur poenam debitam in purgatorio. sed si poeniten-
494 401 1241 462 tiam in mortali compleat: illa poenitentia est poenae libi
489 446 1246 490 ratiua: non tamen placans & reconcilians in amicitia dei-
508 491 1243 541 vlterius dico. quod licet deus non dimittat vnum morta
492 535 1241 594 le vel originale aliis mortalibus non dimissis quo ad
498 576 1246 628 culpam: vt magister. c. vltimo huius distinctionis san-
492 621 1246 676 ctorum auctoritatibus & scripturae bene deducit: tamen potest
505 669 1256 716 vnam poenam dimittere alia manente, quemadmodum
499 711 1250 760 episcopus potest absoluere ab vna sententia excommunicatio-
494 755 1250 801 nis: non absoluendo ab alia. Et tota ratio est voluntas
496 799 1243 851 dei nolentis mortalia segregare: licet nullam conmnexio
490 846 1250 893 nem naturaliter inter se habeat. homines enim nihil habent
490 889 1251 940 agere de remissione culpae: quia hoc est solius dei: sed
495 936 1256 987 poenam ciuilem culparum possunt remittere: non autem
492 983 1255 1036 poenam in foro dei. Post culpas autem dimissas potest
489 1019 1249 1075 quis satisfacere pro vno peccato in hoc mundo: non autem
498 1065 1250 1119 pro alio vel aliis. Amplius vtilitates operum bonorum
490 1109 1253 1168 moraliter in mortali factorum recitauimus. Ex quibus
499 1150 1256 1198 omnibus sequitur quod nullum est bonum non remuneratum a
496 1199 1257 1254 deo: praemio etiam maiore quam opus sit bonum. Vltimo
490 1240 1255 1286 sequitur quod licet opus in mortali factum possit facere
490 1279 1263 1347 ad accelerationem gesiae: non tamen ad augmentum glersiae: quia
489 1323 1139 1400 ratione talis actus non dabitur plus gloriae.
850 1532 1252 1620 d superiore quaestio
831 1601 1247 1665 ne vidimus quod quis potest in
830 1644 1259 1710 mortali satisfacere de pecca
829 1692 1253 1752 tis contritis: licet postea in pec-
826 1735 1262 1795 catum lapsus fuerit, nunc secun-
819 1781 1255 1838 do materiam satisfactionis prose
786 1826 1258 1885 quendo Quaeritur. an opus sa
483 1869 1252 1925 tisfactorium sit aeque meritorium, ac no satisfactorium.
508 1911 1256 1969 Verbi gratia. imponitur sorti in poenitentiam dicere
499 1956 1249 2013 septem psalmos. Plato etiam dicit septem psalmos per
499 2000 1251 2054 opus praecepti, quia est in sacris: & tenetur ex consue-
489 2051 1256 2102 tudine hodie dicere: vel per opus consilii: non refert
495 2093 1256 2139 habent aequales conatus dicendi: & caetera omnia
490 2132 1240 2191 sunt paria: hoc dempto quod vnus dicit adimplende
501 2190 1252 2238 poenitentiam iniunctam: alter vero non. quaestio est an
489 2216 1243 2279 aequaliter mereantur. ⁋ Ad quaestione respondetu
493 2265 1249 2324 per duas conclusiones. quarum Prior est. Opus satis
488 2309 1246 2364 factorium est meritorium. ⁋ Secunda conclusio. Opus
484 2364 1256 2408 satisfactorium non est minus meritorium quam si non esset
489 2395 1240 2448 satisfactorium. ⁋ Prior conclusio probatur. Omn
488 2442 1253 2490 opus procedens ex charitate est meritorium: opus
493 2488 1255 2548 satisfactorium est huiusmodi. igitur. consequentia est
492 2535 1256 2587 nota ex tertio primae. probatur minor: quia opus
498 2573 1256 2633 satisfactorium est opus moraliter bonum in illo qui ha
499 2624 1253 2675 bet gratiam. maior patet. aliquod opus procedens
490 2662 1243 2720 ex charitate est meritorium: & eadem est ratio in quo
496 2707 1250 2766 libet opere procedente ex charitate. igitur. ⁋ Se-
496 2755 1244 2824 cunda conclusio probatur. quia dato opposito sequi
1330 336 2077 404 tur haec conclusio. inconsulte facit ecclesia poeniten
1332 403 2084 450 tias iniungendo: & etiam inconsulte facit poenitens
1326 447 2092 505 poenitentias iniunctas accipiendo, quod est inconve-
1324 494 2083 542 niens. quod sequatur patet. quia minus merebitur de
1336 536 2084 592 praemio essentiali adimplens opus satisfactorium, quam
1329 580 2089 626 opus non satisfactorium per te: & parum poene debitae er
1339 625 2090 683 dimittitur per illum actum: quod non aequipollet carentiae
1333 665 2093 715 illius perpetuae beatitudinis. igitur. Confirmatur haec ra-
1329 711 2087 764 tio. Plato per oppositum conclusionis meretur praemium
1333 755 2096 810 vt quatuor: & sortes minus meretur per te. ponatur
1329 799 2095 855 gratia exempli quod mereatur vt duo. & dimittitur ei
1332 843 2093 899 poena solum temporalis peccatis debita ratione actus
1339 891 2096 935 satisfactorii: loco duorum graduum perpetuae beatitu
1329 930 2090 983 dinis quos habebit Plato in perpetuum. ergo totum prae
1330 978 2087 1028 mium Platonis exuperat totum permium sortis, quod no est
1336 1019 2095 1068 dicendum. ⁋ Ex illo sequitur quod libenter homo debet
1329 1064 2093 1124 adimplere poenitentiam: quia habebit duo bona per ad
1333 1111 2087 1159 impletionem poenitentiae: scilicet tantum beatitudinis
1338 1154 2096 1203 quatum alter habebit per opus non satisfactorium. & cum
1324 1196 2027 1258 hoc habebit remissionem poenae culpae debitae.
1326 1246 2090 1318 ⁋ Contra secundam conclusionem ar-
1338 1318 2087 1369 guitur. ex ea sequitur quod aequaliter merentes inaequali-
1329 1358 2098 1411 ter praemiabuntur. consequens est inconveniens in eodem
1336 1401 2087 1451 foro. sed quod sequatur patet. totum praemium sortis prae-
1336 1445 2087 1496 mium platonis exuperat: cum aequales btitudines ha-
1336 1490 2099 1543 beant: & cum hoc sorti remittitur poena. & tamen aequa-
1326 1534 2080 1579 liter merentur ex hypothesi. igitur. ⁋ Respondetui
1335 1578 2096 1624 negando quod non habebunt aequalia praemia essentia
1335 1624 2102 1670 lia. de praemio enim concomitanti scilicet remissione
1338 1667 2093 1720 poenae non est inconveniens. patet in alio casu: Sor-
1332 1716 2084 1765 tes vult consequi indulgentias: & eas consequitur: quia
1336 1754 2085 1803 dat secundum quotam in indulgentiis positam: Pla-
1332 1796 2090 1845 to etiam vult indulgentias consequi: sed impeditur: quia
1332 1844 2092 1897 non habet pecuniam: vel est aliud impedimentum: isti
1330 1888 2093 1933 duo per duos actus aequales & aequaliter meritorios
1330 1927 2080 1985 merentur aequale praemium essentiale: sed inaequaliter
1329 1977 1756 2032 merentur remissionem poenae
1332 2021 2090 2089 ⁋ Secundo arguitur. ille qui agit sua
1336 2085 2084 2145 sponte, alacrius & hilarius facit suum opus quam al-
1332 2126 2086 2183 ter cui poenitentia est iniuncta: qui opus tale non ad
1337 2172 2081 2216 impleret nisi esset ei iniunctum. ergo prior melius
1329 2215 2080 2268 facit. Hilarem enim datorem diligit deus. ⁋ Responde
1335 2262 2082 2309 tur. si caetera sint imparia, nihil ad a. Secundo dico.
1327 2309 2081 2360 quod stat vnum plus mereri per opus melius, & non plus
1335 2356 2080 2398 satisfacere. quia non oportet semper opus magis mer
1332 2395 2081 2450 torium esse magis satisfactorium. vt patet in indulgen
1329 2438 2086 2488 tiis, quas vnus intenso actu voluntatis acquirit &
1336 2482 2081 2537 alter remisso. prior enim plus meretur quo ad vitam
1323 2525 2090 2584 aeternam: non autem quo ad remissionem poenae. sic po
1330 2572 2086 2620 test esse quod duo dicant septem psalmos aequaliter sa-
1320 2614 2093 2673 tisfactorie: & tamen vnus plus mereatur. Hilarem enim da-
1332 2659 2089 2709 torem diligit deus. hoc est, actum sponte factum
1329 2698 2077 2746 diligit deus: siue actum eliciens sit iucundus & san
1326 2743 2084 2808 guineus siue subtristis & melancholicus. & non tantum
