2354 3320
495 325 1264 377 Quinetiam si homo non peccet a triennio: adhuc te-
493 377 988 430 netur ieiunare quadragesimam.
492 413 1255 497 ⁋ Secundo dubitatur: an per sola oper a
488 471 1253 531 poenalia debeat fieri satisfactio. ⁋ Respondetur. in
486 523 1256 571 satisfactione oportet auferre ab illo qui plus iusto
499 566 1264 616 iliquid ab alio subtraxit: vt sit aequalitas & compen
492 609 1266 672 satio. quod quinto ethicorum declarat philosophus de
495 655 1264 698 linea maiore & minore. reducendo enim ad aequalita-
489 704 1265 752 tem oportet tollere aliquem excessum lincae maioris &
483 746 1261 792 addere minori: quousque sit aequalitas. Sic quia in
504 790 1261 836 peccato peccator honorem subtraxit deo debitum: &
493 835 1261 890 deum offendit: oportet restituat aequiualens deo se-
492 878 1256 935 cundum legem dei statutam. Sed opus voluptuosum
484 922 1265 973 nihil a peccatore subtrahit: sed illi rem gratam facit.
489 964 1258 1024 debet igitur esse poenale. Et cum sit triplex bonum
492 1010 1249 1069 honestum / vtile, & delectabile, octauo Ethicorum: per
496 1057 1259 1107 subtractionem boni honesti non compensatur deus: sed
488 1106 1264 1157 offenditur. quare debet esse compensatio per subtra-
487 1148 1265 1201 ctionem boni vtilis vel delectabilis: vtriusque enim
486 1185 1259 1237 subtractio est homini poenalis. & respiciendum est
489 1233 1255 1293 ad poenalitatem quam plurimum fit ex parte rei operatae, & non
491 1275 1258 1321 ad poenalitatem ipsius operantis. interdum enim ope-
495 1328 1262 1377 rans laeta fronte opus iniunctum exequitur. ⁋ Hacte-
490 1367 1264 1425 nus de opere satisfactorio quod non minus est meri-
495 1411 1252 1457 torium qui non satisfactorium, quod debet esse poenale ex
480 1453 1264 1508 parte obiecti operati: & ita plurimum est. licet enim in
489 1505 1257 1546 oratione sit metis serenitas: est tamen afflictio car
480 1544 1259 1597 nis. & licet alicui sit iucundum in maio proficisci
485 1584 1258 1638 peregre: talis tamen peregrinatio corpori saepissime est
486 1633 1255 1684 poenalis. ltem si vnus pro alio satisfaciat, est poenale
489 1680 1253 1728 opus satisfacienti: & aliquid est poenae, scilicet tri-
490 1719 1249 1777 stitia ipsi pro quo fit: quae tamen non sufficienter
487 1761 1258 1811 tollit totam poenam nisi magna fuerit: propter
487 1807 1247 1855 sui imperceptibilitatem tamen non imponitur in
492 1851 1256 1906 poenitentiam. Amplius diximus: opus ad quod quis
495 1895 1256 1963 est aliunde obnoxius vi praecepti: non sufficere pro
495 1937 799 2011 opere satisfactorio.
817 2130 1247 2209 Vperiore quaestione
810 2187 1248 2242 de satisfactione in comune lo
820 2237 1250 2296 quuti sumus. Reliquum est
816 2281 1256 2339 de aliquibus operibus satis-
819 2319 1244 2385 factoriis in speciali loqui. Ma-
808 2369 1241 2425 gister enim in. xiiii. dist. huius lo
810 2413 1243 2475 quitur de eleemosyna. & quia
484 2456 1252 2507 multi hic de ieiunio etiam loquuntur: quod est opus sa
489 2500 1243 2549 tisfactorium: & est commune in ecclesia: de eo loquar:
490 2551 1253 2602 circa ipsum proponendo quatuor quaestiones. Pri-
489 2596 1256 2642 ma erit. An non ieiunantes peccent. Secunda erit. an ie
495 2636 1247 2685 unium quadragesimae sit de iure diuino obseruandum.
486 2680 1247 2732 Et propter aliquos sinistre opinantes, tangam in illa
481 2724 1256 2794 quaestione: an lex pure humana obliget sub poena
1345 323 2105 394 peccati. Et quia consuetudo regionum multum facit ad
1341 384 2107 426 ieiunium, quaeram de robore consuetudinis: & quomo-
1344 425 2101 484 do ipsa sit obligatoria. Quarto. an tertio comeden:
1348 471 2114 526 in die quo est ieiunandum, peccet peccato fractiuo
1338 509 2113 568 ieiunii. ⁋ Pro solutione primae quaestionis nota: quod lo
1338 562 2112 613 co ieiunii maiores nostri vsi sut vigilia: qui noctes
1347 597 2108 657 ducebant insomnes in sanctorum profestis ad carnis
1351 650 2109 708 castigationem. Sed quia successu temporum compertum est
1341 687 2101 752 hoc vigilantibus obfuisse: & occasionem impudio
1347 736 2116 784 tiae / cantibus lasciuis / luxui / furto / rixae / & homicidio
1344 779 2111 841 praebuisse: in nocte enim rarum est lumen: & qui male
1338 832 2108 877 agit odit lucem. loan. iii. Propterea ieiunio rationa-
1347 865 2116 918 biliter vigilia cessit: licet consuetudo loquendi adhuc
1345 910 2101 964 maneat: sed non res ipsa. Terminus autem ieiunium bifa
1337 955 2110 1010 riam accipitur: vno modo laxato vocabulo pro omni absti
1344 1000 2107 1049 nentia a peccatis. vt Esaiae. lviii. Nonne hoc est ieiu
1344 1042 2113 1100 nium quod elegi? & Matthaei. xvii. super illa propositione.
1341 1086 2114 1145 Hoc genus daemoniorum non eijcitur nisi in oratione & ie
1344 1130 2108 1189 iunio. glos. interlinea. dicit. Generale est non tantnum ab
1344 1185 2104 1240 escis, sed etiam ab omnibus iniquitatibus abstinere. &
1333 1222 2099 1275 illud patet de consecra. dist. v. leiunium. Secundo mo
1350 1263 2104 1315 do capitur strictius & vsitatius vt est circa cibum &
1344 1309 2106 1365 potum. Et istud est triplex: scilicet ieiunium nature: ie-
1339 1359 2109 1413 iunium virtus: & ieiunium ecclesiae. leiunium naturae dicit
1342 1402 2107 1444 omnimodam abstinentiam a cibo & potu. vt distin. ix.
1342 1440 2098 1507 huius diximus. hoc autem modo interdum dicit puran
1342 1488 2105 1550 priuationem cibi & potus: & nullum actum ponit, nonumquam
1348 1527 2102 1580 denotat eandem cum positione actus eliciti. leiunium
1339 1575 2109 1628 virtus est species temperantiae. Temperantia enim vt est
1339 1624 2093 1672 virtus cardinalis: circa venerea habet castitatem: cit
1336 1669 2099 1718 ca potum sobrietatem: & circa cibum abstinentiam: cuius
1333 1706 2107 1757 species est ieiunium. Vna autem species est circa sensum
1332 1754 2099 1802 tactus. Alia tam circa gustum: quam tactum: licet magis cir-
1338 1801 2096 1854 ca tactum, quod ingeniose colorat Aristoteles per Philo
1335 1838 2099 1888 xenum quendam pultiuoracem: qui precatus est deos
1345 1885 2090 1937 quatinus collum gruis haberet, propter voluptatem
1342 1933 2098 1991 quam in collo experiebatur. de lingua enim pre-
1338 1974 2096 2032 catus est nihil. Tertium ieiunium vocatur ieiunium ecclesiae.
1339 2020 2095 2070 ⁋ Sed hic occurrit difficultas. Videtur enim ieiu-
1336 2066 2086 2119 nium ecclesiae si non sit actus bonus, non esse sa-
1333 2107 2083 2155 tisfactorium praecepto ecclesiae. vtpote si quis
1332 2151 2077 2213 propter inanem gloria solum ieiunet, non videtur quod
1334 2199 2086 2256 ieiunet: secundum dicta in quaestione prima huius
1333 2237 2093 2294 distinctionis. Et idem probabiliter videtur si scienter
1326 2286 2081 2346 per intemperantiam peccet per actum quo solo adimple-
1332 2332 2087 2376 re satagit ieiunium: puta per talem actum: nolo come
1338 2370 2083 2420 dere hodie. vbi ratio dictat quod comedere tenetur.
1344 2423 2089 2469 videtur inquam quod non satisfacit praecepto de ieiunio
1329 2459 2090 2506 ecclesiae: dato etiam quod sit peccatum solum veniale.
1335 2505 2083 2552 licet hic dari possit discrimen: cum non ponatur ma-
1338 2550 2084 2605 ius finis vel obiectum malum. Durum autem videtur quod
1323 2594 2081 2649 dicens horas mane propter diabolum & hoc confitendo
1327 2638 2081 2690 non solum habeat peccatum detestari: sed etiam horas
1336 2684 2083 2729 repetere cum adhuc tempus superest. si quis enim habeat
1336 2728 2097 2793 actum moraliter bonum quo intendat implere prae
