2309 3324
194 393 944 471 ex vertibilitate liberi arbitrii sunt ad malum ab ado-
192 447 941 519 lescentia proni: propterea multi auertunt se a sancto
192 499 944 563 ritu colendi deum. nunquid inter christianos plu
192 547 950 602 res sunt mali quam boni? & plerumque mali abundant in
195 585 941 653 bonis fortunae interdum per fras: interdum per nefas
203 628 945 693 & illa est similis difficultas ei quam quaerimus: & illam
200 670 946 751 quaestionem quaerit Hieremias. xii. capite sui libri ir
203 723 956 793 quiens: Quare via impiorum prosperatur? plantasti
193 767 954 834 eos: & radicem miserunt & proficiunt. Et Abacud
194 805 951 881 primo scribitur. Mundi sunt oculi tui ne videas
202 852 957 924 malum: & respicere ad iniquitatem non potes. Qua
194 904 955 961 re non respicis super iniqua agentes? & taces deuo
201 941 954 1005 rante impio iustiorem se? ⁋ Secundo ponendo auxi-
195 989 961 1051 lium dei: quod est multo rationabilius opposito: &
204 1030 953 1091 cum sanctis libris bibliacis: & sanctorum exposi
207 1077 955 1138 tionibus magis quadrat quam oppositum: voluntas
209 1118 962 1184 sola cum dei influentia generali non potest se ad
198 1163 959 1234 bonum conuertere: nec intellectus ad credendum:
207 1206 954 1273 secundum illud loannis. v. Nemo potest venire ad
201 1252 965 1319 me nisi pater qui misit me traxerit eum. vbi licet
207 1308 955 1368 textus sit clarus, glossa interlinearis dicit. Nemo
206 1342 969 1417 potest credere in me: nisi gratia eum praeuenerit. hoc
213 1389 964 1454 est dei auxilium, nec est sermo de gratia gratum
205 1429 953 1498 faciente. Et Malachiae primo originaliter scribitur
202 1487 964 1540 Iacob dilexi: Esau autem odio habui. Et recitatiue
207 1528 967 1587 ab apostolo ad Romanos. ix. Antequam nati essent
215 1564 959 1636 vel aliquid egissent &c. Agamus ergo deo immer
216 1608 958 1675 sas gratias quod nos ad fidem trahat & non alios. sed
210 1653 958 1724 hoc in secundo prolixius deduco. ⁋ Tertio dico te
210 1699 967 1765 nendo oppositum istius: sicut aliqui theologi tenent:
206 1746 960 1811 quod propter malam vitam nostram deus ista permit
219 1791 961 1854 tit, nunquid deus permisit populum suum pecu
222 1833 974 1899 liarem duci in captiuitatem apud idololatras Ba
221 1887 968 1942 bylonios: & templum loue dignum apud sacras
225 1920 962 1986 historias decantatissimum dirui & funditus euerti
222 1969 964 2039 Nunquid permisit arcam foederis in qua erant de
221 2017 966 2085 prodigia magna, capia Philisteis propter peccata Ofn
224 2058 980 2123 & Phinees? primi regum. iiii. Cum psaltes regius po
217 2110 982 2169 puli peccata recitasset: subiungit. Tradidit eos in
224 2144 972 2213 manus gentium: & dominati sunt eorum qui ode
230 2189 971 2258 runt eos. Psalmo. cy. Non mirabere ergo quod pro
221 2233 969 2306 pter nostra peccata multas terras amisimus: & no
229 2284 981 2345 uissime Graeciam. Graecia enim superba ecclesiae vni
229 2323 980 2394 uersali non paruit. Et Latinos in Syriam proficiscen-
233 2370 979 2439 tes terram sanctam recuperare volentes impedi-
237 2415 993 2479 uit & fefellit. Et licet Baptista Mantuanus libro
242 2462 977 2519 primo calamitatum id superbiae Othomani ascri
234 2503 977 2566 bere velit inquiens. Hinc est orta lues: quam Thraci-
235 2558 986 2609 regna vetusque Graecorum imperium vertit. Byi
237 2598 985 2658 zantia regum Vrbs opibus constructa mari prae
228 2636 981 2695 tenta duobus Aegaeo euxinoque fretis stipata sedi
239 2681 988 2748 bat Sceptra tenens paruo qua gurgite bospho-
243 2726 983 2794 ros vndam Colligit: hanc scythica irrumpens Otho
240 2773 985 2832 manus ab arcto Insidiis captam ferro violauit &
236 2815 992 2896 igni. Arx erat Europes & inexpugnabile quondam
1021 393 1789 450 Romanae fidei vallum, Mahumetica contra Ar
1021 445 1790 497 ma, minas Asiae fraenans Libyaeque tumultum. Po-
1024 481 1786 542 tissima tamen causa dicta est, & Baptistae aduenti
1023 529 1783 586 tia, sicut contra rebelles hebraeos vicinos reges in
1033 572 1795 631 belium impulit: qui victores sibiipsis gloriam dedere.
1041 616 1786 681 ⁋ Quarta causa est fidelium exercitatio. Tum vt in
1042 662 1784 719 virtute & fide erudiantur: tum vt ocium euitent
1030 707 1784 761 & corpore exerceantur. Apud Romanorum anna-
1033 753 1787 804 les legimus Scipionem Nasicam contra Catonem
1040 795 1787 849 Carthaginem nolle dirui: & ita Romanis consuluis-
1031 839 1790 899 se: vt eius metus Romanos in tranquillitate ci-
1036 888 1801 944 uium contineret. Simile losue. iii. legimus: vbi li-
1038 934 1790 985 tera dicit. Hae sunt gentes quas dominus dereliquit: vt eru
1039 972 1781 1026 diret in eis Israelem: & omnes qui non nouerani
1031 1014 1783 1080 bella Chananeorum: & postea discerent filii eorum
1036 1059 1784 1114 certare cum hostibus: & habere consuetudinem prae-
1037 1105 1795 1165 liandi contra satrapas Philistinorum omnemque
1036 1148 1795 1208 chananeum: & Sidonium atque Eueum qui habitat in mo
1042 1194 1798 1249 te libano de mote Baal Hermodo vsque ad introitum
1038 1239 1798 1296 Emath. dimisitque eos: vt in ipsis experitetur Israe-
1042 1294 1796 1345 lem vtrum audirent mandata domini quae prae-
1041 1325 1805 1392 ceperat patribus eorum per manum Moysi, an non.
1053 1370 1790 1433 ⁋ Quinto dico quod per has tribulationes purgantur
1040 1416 1804 1474 boni a malis. nam ab orbe condito ab iniustis iu-
1043 1462 1812 1516 sti praessi sunt & persecuti. locupletissimum testimonium
1042 1508 1811 1561 in medium ciere possum ex veteri testamento & no-
1047 1547 1814 1611 uo: incipiendo ab Abele, Iacobo, losepho, Daui
1042 1597 1799 1657 de, Iobo, Thobia, Hieremia, Daniele, & aliis pro
1044 1646 1789 1706 phetis. Lucidius est in nouo testamento, a Christo
1049 1682 1807 1743 exordiendo ad apostolos & colunnas ecclesiae descen
1047 1735 1796 1788 dendo per omnes tyrannorum persecutiones quas
1046 1774 1806 1838 passa est ecclesia: quae quanto magis passa est in-
1042 1819 1813 1871 iurias tanto amplius fide & moribus creuit: & ro-
1049 1861 1801 1920 borata est. Secundum illud Psalmistae psalmo. cxxviii.
1052 1906 1811 1965 Saepe expugnauerunt me a iuuentute mea: etenim
1047 1955 1804 2008 non potuerunt mihi. ⁋ Sexto dico. quia nostri ob in
1051 2004 1807 2054 testina bella inter sese propter auaritiam & gloriam
1057 2041 1807 2096 a vulgo aucupandam hostibus fidei relictis in se
1050 2086 1807 2153 inuicem arma conuertunt. plus enim propriam glo-
1050 2127 1804 2189 riam quaerunt quam dei: & quam salutem communem reipubiicae
1047 2174 1815 2237 christianae. ⁋ Septimo dico teste Sabellico in fi-
1053 2218 1807 2274 ne tertii libri. Nullum genus hominium hodie in terris
1063 2269 1810 2329 ordinatius militat in armis quam Turcae & Mahume
1059 2306 1813 2365 tani: qui plus nobis quam reliqui omnes nocent. modo
1055 2353 1822 2423 deus plerunque sinit causas secundas suas actio-
1058 2391 1807 2462 nes agere. Ad pauca aspicientes istud falsissimum
1067 2442 1814 2510 putant: suos vel qui marte ancipiti cum suis cer
1061 2488 1823 2548 tant in re militari ponentes primos. ⁋ Octauo di-
1059 2528 1817 2592 citur. Non semper habens iustam causam belli
1062 2580 1816 2637 iniustum vincit & superat. hoc patet ludicum.
1059 2620 1822 2679 xx. vbi omnes filii Israel iustissimam bellandi
1063 2663 1819 2723 causam habebant contra Beniamin, propter tur
1067 2705 1820 2780 pe scelus perpetratum in Gabaa: & tamen bis vt
1065 2761 1828 2819 notum est ceciderunt in ore gladii: vel quia nimis in
1069 2794 1816 2881 propriis viribus confidebant: vel idoloratria in Dan
