2339 3317
466 283 1219 350 obligat nisi eos qui sunt infralimitem: sed per secundam
469 339 1213 393 comestionem iste no est infra limitem. igitur. ⁋ Respon
468 387 1216 430 deo quod hoc argumentum aequaliter probaret de voto
472 429 1214 481 virginitatis & vini: quod tamen ipse negaret. Fortasse
469 472 1211 530 inficiaris esse simile: quia bibens in a tempore obligatur pr
466 518 1226 562 b. & c. temporibus, in quibus potest seruare suu votum. Sic ti
466 562 1220 611 bi dicam quod obligatio ecclesiae est hunc obligantis non
464 606 1211 660 pluries qui semel comedere: & quotienscumque illi cor
463 652 1222 706 trauenit totiens transgreditur praeceptum. Tertium argumen
466 695 1226 749 tum eius est idem cum primo. ⁋ Quarto arguitur. si se-
466 737 1220 786 mel secundo comedit, frangit ieiunium: & si ter, duo
462 782 1211 831 ieiunia: sed in eodem die non possunt esse ieiunia
459 828 1213 882 duo. ⁋ Respondeo. quando secundo comedit, ieiunium
468 872 1214 929 frangit. & quando ter, non frangit duo ieiunia: quia
466 915 1220 962 non sunt duo in eodem die, nec vnum: quia est fractu.
460 962 1214 1012 sed quia facit quod in se est in tertia comestione ad
468 1005 1219 1050 frangendum ac si esset integrum: non minus peccat.
456 1049 1214 1100 Etiam tibi dicam esse plura ieiunia in eodem die: quando
459 1093 1217 1136 enim secundo comedit, ieiunium totius diei categore
460 1136 1220 1182 matice est fractum: sed non huius partis, demostran
463 1180 1217 1231 do horam quartam pomeridianam. sicut de vouente
459 1225 1216 1270 virginitatem diximus. Et si dicas: ipse est bonus
465 1268 1224 1319 Theologus, & opinatur vt Durandus vel Martinus:
463 1313 1212 1369 & si tertio comedens sciret se tertio peccaturum non
465 1358 1223 1405 vellet comedere. Illud non iuuat. Dubium est satis:
456 1401 1220 1445 an tertio tantum peccet quantum secundo: exponens autem
453 1444 1210 1492 se periculo peccat, vtcumque sit. Adducit exemplum. si
462 1490 1223 1538 dominus inhibeat mihi frangere vitrum: percutiendo vi-
457 1536 1208 1590 trum pecco: postquam autem percutio vitrum fractum non pec
451 1578 1217 1624 co. Et si debeam dare scutum frangendo vitrum: fracto
454 1628 1220 1679 vitro percutiendo non debeo dare tot scuta quo-
459 1667 1201 1715 tiens percutio. Et dicit illud exemplum esse perempto
447 1714 1213 1766 rium. Respondetur. quicquid sit de illo exemplo: vbi vi
454 1756 1216 1805 trum est fractum, non est amplius frangendum. sed
459 1800 1217 1855 coram deo non minus pecco: cum faciam quod in me est
450 1852 1220 1895 ad secundo & tertio frangendum. Et quia Martinus
456 1888 1205 1936 dicit illud exemplum concludere contra aduersarios i
459 1934 1210 1984 llud euacuandum est. vel prohibitio de fractione
465 1979 1217 2033 vitri est ipsum non frangere sub poena vel pecca-
454 2022 1205 2075 ti vel alterius poenae: vel non percutere hoc vel haec
453 2063 1216 2113 demonstrando eius partes, vel que fuerunt partes.
447 2115 1213 2170 Si primum: fracto vitro partes vel entia quae fuerunt
447 2156 1201 2207 eius partes percutiendo, non peccas: nec cotrauenis
453 2208 1202 2254 prohibitioni. Si secundo percutias: tantum peccas
451 2243 1205 2300 quantum primo: & etiam amplius propter contemptum, vel
445 2286 1206 2334 saltem non minus. Sic impresentiarum dico, quod deus
450 2333 1213 2380 etiam potest prohibere fractionem ieiunii huius diei. Et
450 2377 1199 2432 hoc bifariam intelligi potest. Vno modo vt homo
447 2420 1201 2476 non obligetur ad aliud ipso fracto. Et restat proba-
454 2469 1208 2523 re ecclesiam intendere hominem obligare in illo mem
450 2506 1193 2558 bro. Alio modo: quia prohibet comedere pluries quam
453 2553 1214 2601 semel hoc die: & hoc reputat fractionem ieiunii: &
459 2593 1208 2642 llud aestimatur frangere qui contrauenit. sicut vo
447 2640 1213 2699 uens virginitatem, secundo cognita voluntatie a non
441 2679 1211 2760 suo peccat: & contrauaenit suo voto: licet non in pro-
1293 290 2050 358 priis terminis: cum amplius non sit virgo. ⁋ In super
1294 347 2047 392 argumentor. si tertio comedens peccaret peccato
1303 385 2058 445 fractionis ieiunii, sequeretur quod ille qui in secunda
1297 433 2051 477 comestione comederet centu bolos, totiens pecca-
1290 476 2057 522 ret peccato fractionis ieiunii. consequens est falsum
1300 519 2047 568 ergo & antecedens. probo consequentiam: quia tertia
1309 565 2051 613 comestio est peccatum: quarta & quinta & sic sine
1294 609 2042 656 statu. ⁋ Praeterea sequitur quod aliquis in casu esset perple
1305 655 2050 714 xus. consequens est falsum: quia non cadit perplexi-
1303 697 2057 754 tas in lege aliqua etiam quantucumque culpa praecedente
1294 740 2050 788 secundum rectiorem viam. probo consequentiam. comedat
1303 782 2056 832 aliquis parum mane quod non sufficiat sustentationi suae
1294 830 2048 878 naturae: secundo comedens peccat per hanc positionem
1292 874 2053 931 frangendo ieiunium: & obligatur succurrere suae natu-
1291 920 2047 967 rae: ergo ad aliquod impost ibile obligatur. ⁋ Ad pri
1290 964 2054 1021 mum dico quod hoc argumentum non est multo magis
1288 1002 2048 1055 contra hanc positionem quam oppositam. des illi solutionem
1291 1051 2045 1096 & illa mihi sufficiet. Propterea pro vtraque positione
1294 1091 2053 1144 dicamus? Argumentum enim aliquid coloris habet dum
1299 1139 2054 1186 modo homo sciat ipum regere) quod pro secunda comestione
1293 1183 2045 1239 totali homo peccat vnico peccato mortali: similiter
1288 1222 2041 1288 in tertia comestione: sed non pro qualibet comestio
1280 1269 2057 1322 ne partiali: sicut cum quis intendit occidere hominem fuste
1294 1322 2048 1370 vel pugno, non est nisi vna occisio & vnum mortale.
1293 1361 2050 1412 non enim loquor de partibus illius mortalis: sed sufficit
1284 1405 2056 1457 mihi quod non quaelibet ipositio carnis vel panis in os
1287 1446 2057 1501 reddat mortale. Sed contra istud insto. Pono ali-
1296 1493 2054 1543 quem qui pransus est in meridie: sit Sortes: incipiat
1282 1538 2051 1581 comedere hora tertia: & comedat paulatim ad ho
1288 1584 2051 1635 ram sextam vsque: Plato octies comedat & interrumpat
1288 1626 2052 1679 comestionem. arguitur sic. Ex solutione oportet dice-
1294 1670 2048 1716 ce Platonem octies plus peccare quam Sortes peccet:
1293 1711 2047 1764 quod tamen minime videtur dicendum: cum Sortes diutius
1290 1759 2050 1811 continuet. Respondetur. consequentia est nulla. Forte tamen con
1278 1802 2047 1860 sequens est verum, quia stat Sortem aduertere ad princi
1288 1846 2039 1898 pium comestionis, & non ad continuationem. Plato
1291 1888 2048 1931 autem ex sua malitia octies distincte comedens & vo-
1287 1931 2048 1980 lens comedere bene potest octiens plus peccare quam Sor-
1287 1979 2041 2026 tes. sed si Sortes toties distincte cogitet de come-
1284 2023 2040 2070 stione quotiens Plato: quamuis semel comedat come
1288 2066 2041 2116 stione totali: stat quod plus vel aequaliter peccet cum Pla
1287 2108 2042 2157 tone. propterea in omnibus istis currendum est ad actus inte
1282 2153 2051 2202 riores & non exteriores. ⁋ Ad aliud nego quod aliquis
1288 2195 2047 2248 est perplexus in aliqua lege. de illo enim qui comedit
1284 2242 2051 2296 mane quaero ab aduersario: quid deberet facere in secunda
1287 2287 2044 2333 comestione. & sicut ipse respondet respondebo. pro
1287 2332 2041 2385 pterea hoc non est poderandum contra hanc positionem
1287 2380 2032 2436 plusquam contra aliam. Dico, vel aduertit quando mane con-
1288 2418 2036 2467 edit: vel non. si secundum, vt plerumque accidit, est sine
1287 2464 2044 2509 culpa comedentis. si vero comedat parum cogitans
1281 2508 2044 2557 & sciens: tunc vel potest sine laesione sui corporis ieiu
1279 2553 2048 2597 nare: vel non. Si primum, ieiunet: si non potest, non
1278 2597 2033 2650 obligatur. sicut mendicus & plerique alii deobligam
1278 2642 2048 2687 tur. Dicis. forte est ei difficile. Ex dictis solutionem
1273 2683 1726 2747 habes quid facere debeat.
