2367 3326
495 323 1243 398 ⁋ Respondetur concedendo illatum. si enim non dem bona
495 390 1237 442 fortunae meae vt succurram vicino meo quatenus
487 434 1234 499 illum a peccato praeseruem: peruerto ordinem charitatis
498 478 1240 531 & hoc si iudicem eum sola inopia ad hoc inductum &
495 521 1249 577 reducibilem a malo per hoc quod illi suffragor: & pauci
489 566 1243 615 tate contentum fore. Hinc beatus Nicolaus vt conser-
492 616 1243 663 uaret filias tres vicini sui a prostibulo: dedit eis
495 658 1253 706 dotes. visa enim aliorum negligentia ad non succurrem
490 696 1241 753 dum eis suis opibus: ad hoc tenebatur: licet non ad
498 749 1253 801 tantam molem pecuniae dandam filiabus. Quod fortius
499 789 1249 839 est, beatus Vitalis pater Geruasii & Prothasii vt
501 835 1255 889 vrsinum iam ad martyrium vocatum conseruaret in fi-
489 868 1258 932 de: vt non negaret Christum in agone: exposuit
500 919 1247 977 propriam vitam discrimini: & occisus est. Redeundo
502 971 1249 1020 ad argumentum: potius quam rapiat & spoliet transeun
498 1009 1255 1060 tes: debeo ei dare de meo: quatenus desistat, & etiam
495 1049 1243 1111 ne furetur. Et licet sit apparentia in oppositum quod
496 1093 1247 1147 non furetur: sed capiat sibi debitum & licite faciat
496 1140 1252 1193 adhuc illd non sufficit, licet ita sit: sed non occidetur a
501 1190 1258 1241 prudente iudice si capiat solum pro releuanda inopia:
495 1237 1250 1286 tamen aperitur ei via perpetrandi mala: & plura ca-
505 1275 1261 1328 piendi quam oporteat: & ascensus datur ad rapinam &
492 1325 1246 1373 homicidium: & ad infamiam & tandem ad periculum oc
498 1360 1250 1421 cisionis. ⁋ Ecce quid est Eleemosyna: quae est prae
501 1417 1243 1469 ceptum affirmatiuum pro loco & tempore obligans
497 1452 1253 1504 ad dandum pauperi in extrema necessitate consti-
502 1493 1249 1543 tuto: siue defectu cibi, siue potus, vestium, hospiti
501 1538 1250 1589 medicinae, & similium hoc eueniat. Amplius dix
493 1581 1261 1637 idem esse: quando si non succurratur viro: in extreman
501 1625 1260 1677 labetur inopiam. Rursus dixi, non solum dandam esse
496 1671 1256 1732 eleemosyna in extrema necessitate: sed quando est
495 1715 1256 1767 in arcta & magna penuria citra extrema necessi-
503 1759 1255 1815 tatem. hoc ex industria prolixius exemplariter de
495 1806 1255 1857 claraui. & illud puto esse verum quando homo ha-
504 1851 1252 1906 bet superflua naturae suae & suorum quos alere habet
492 1894 1252 1948 nec ob dationem eleemosynae est vero simile quod ips
503 1938 1258 1988 vel sui in similem necessitate incident. ergo a fortio
501 1981 1253 2042 ri qui habet superflua naturae & status, tenetur talibus
495 2025 1247 2080 extreme indigentibus succurrere. nam illud est di
501 2067 1259 2126 lege naturae a Christo in euangelio tactum Matthaei
498 2113 1256 2160 vii. Hoc fac aliis quod tibi fieri vis. ⁋ Citra hanc no
495 2157 1262 2203 tabilem necessitatem reor non esse praeceptum da-
510 2198 1264 2254 re eleemosynam: sed interdum consilium: inter-
502 2249 745 2307 dum vero non
507 2319 1264 2383 ⁋ Vt autem clare videas quae dixi &
513 2378 1252 2432 dicere velim: pono propositiones sequentes. Prima
507 2417 1252 2469 est. Praeceptum est dare existenti in extrema necess
505 2459 1260 2516 tate tantum eleemosynae quantum sufficit eum releuare:
510 2511 1250 2567 vel saltem dare ei mutuo. & si est vero simile quod non
513 2556 1249 2609 erit soluendo: debeo ei absolute dare: vel si est cibus
511 2596 1252 2644 vel res modici momenti non debeo expectare so
504 2639 1258 2689 lutionem. ⁋ Secunda propositio. Praeceptum est dare ill
513 2688 1261 2739 qui non est in extrema necessitate eleemosynam:
502 2726 1261 2796 qui vero similiter protinus labetur in extremam
1321 325 2086 398 necessitatem nisi detur ei eleemosyna. ⁋ Tertia
1329 381 2090 445 propositio quam opinor veram (dicant alii vt volue-
1318 431 2093 481 rint) praeceptum est dare eleemosynam illi qui est in
1324 478 2084 523 notabili & magna necessitate citra extremam ne
1323 524 2083 569 cessitatem nisi ignorantia inuincibilis excuset. Teti
1317 562 2099 622 gi exempla duo in probatione illius partis conclusio-
1321 610 2080 664 nis, nec tot propterea laici damnantur vt alii putant.
1323 656 2090 701 non enim existimo vllum prudentem laicum nolle ma-
1320 694 2096 744 nus adiutrices. porrigere sic egenti: cum multi eorum
1321 740 2072 789 dent aliis quibus danda est eleemosyna solum de con
1336 785 2084 831 silio. Et comestio apostolorum spicas euellentium
1330 831 2093 876 hoc confirmat: qui non erant in extrema necessitate:
1331 871 2099 923 sed bene vt opinor, in notabili inedia. Etiam de lai-
1329 918 2083 969 cis loquutus sum: quia beneficiatorum superflua
1327 964 2084 1009 danda sunt pauperibus: quamuis non sint in necessita
1323 1004 2083 1053 te de qua loquuti sumus in tertia conclusione. Hinc
1329 1051 2083 1108 distin. lxxxvi. ca. Fratrem nostrum. dicitur de quodam
1327 1092 2099 1153 episcopo. Largam manum habeat: necessitatem patien-
1331 1139 2105 1186 tibus occurrat: alienam inopiam suam credat: quia si
1324 1176 2093 1232 hoc non habet vacuum nomen episcopi tenet. In ca-
1329 1221 2096 1287 su autem dubio quando pauper est in magna & vr-
1332 1272 2084 1324 gente necessitate, ob securitatem detur ei de super-
1335 1317 2084 1364 fluo, non dare enim potest esse peccatum: sed nullo
1324 1363 2090 1415 modo dare est peccatum. tutior autem via est in mate
1323 1404 2080 1453 tia morum tenenda. Et si fueris inter multos diuites
1336 1448 2084 1496 consule eis saltem in portione aliqua succurrere ex-
1332 1494 2084 1542 treme pauperi. quod si agere noluerint: teneris in so
1339 1538 2093 1584 lidum ei succurrere. queadmodum si Sortes velit
1338 1580 2089 1632 Platonem occidere quem quatuor astantes possunt.
1336 1624 2086 1676 & debent seruare non occisum: si alii non succurrant:
1338 1668 2099 1714 tu succurrere teneris si potes sine vite apparentis-
1327 1714 2084 1770 simo periculo. Vlterius dico potius eleemosynam
1335 1759 2092 1819 dandam esse pauperi vicino honeste viuenti non
1329 1803 2087 1849 mendicanti oi faciemn attritam habenti iam in mendicita
1335 1844 2090 1892 te, quem si videas panem habentem in mantica: censeas
1335 1888 2093 1949 non esse in extrema necessitate. In super interdum te-
1335 1927 2095 1985 neris inquirere de aliquo probo viro morbo la-
1333 1977 2096 2029 borante: an habeat necessaria vitae: qui fortasse la-
1329 2017 2095 2075 borauit in vinea domini vtiliter & laborabit adhuc si
1347 2066 2099 2113 sibi succurratur. qui forte fuit negligens in accumu
1345 2109 2092 2170 landis bonis fortunae, vel (vt rectius loquar) pru
1342 2154 2105 2202 dens in non congregandis opibus: sed applicuit se
1344 2196 2096 2243 studio: exhortans ad virtutes alios: confidens in do-
1339 2239 2099 2294 mino, & in bonis, vt sibi in necessitate succurre-
1335 2286 2096 2346 rent. Et aeque aut potius seculari quam religioso sub
1332 2330 2090 2387 uenire debes: quia religiosi habent confratres qui
1344 2371 2099 2432 pro laborante morbo prouisionem faciunt. iste autem
1341 2418 2089 2469 erubescit mediate vel immediate petere. Praeter-
1344 2460 2090 2520 ea si tibi diuiti fuerit vicinus calcifex, faber aliquis
1353 2509 2090 2553 vel alius artifex: ob debitum creditori non potens
1345 2549 2105 2597 satisfacere: & rigidus creditor per manus iustitiae
1342 2595 2099 2652 instrumenta artificii auferat: vt laborare nequeat:
1341 2638 2102 2699 quem cum suis mendicare oporteat vel peiora exer-
1334 2681 2102 2732 cere: consule timentes deum quid opus sit facto. &
1329 2725 2098 2793 forte necessarium inuenies pecuniam ei dandam per
