2321 3322
207 275 967 349 modum ele emosynae vel saltem mutuo: esto nunquam
195 331 967 396 totam pecuniam soluat. ⁋ Concludendo dico meminii
207 381 976 441 se oportere pauperes esse Christi membra. nam ipse
210 423 970 483 de eis dixit Matthaei. xxv. Quod vni istorum fecistis
210 468 967 533 mihi fecistis, bona enim fortunae ordinantur pro homi
205 515 973 573 num sustentatione: & fortasse magis conducit tam sa
210 559 976 616 luti corporis quam animae tuorum liberorum: mediocria
201 604 977 660 solum habere bona. quinimo forte deuinctus es re-
214 646 970 703 stituere multa bona icerta quae penes te adhuc sunt. E
211 692 972 755 si eleemosynam dare nolueri, saltem noli cum murmure
208 739 970 795 & probro pauperem contemnere: sed deum preceris quati
202 783 980 842 nus sit ei auxilio. & sic omni petenti tribues vel for
202 824 982 880 tunae bona: vel benignam responsionem: quae pauperem
206 868 974 923 a paupertatis onere quodammodo leuabit. Et si
210 913 976 970 importune quaerat: noli irasci, nescis heu nescis in
208 956 986 1026 qua necessitate constitutus sit. tu si hic esses, for-
213 1006 659 1072 tasse importunius quaereres.
552 1203 979 1296 Ecundo circa mate
553 1273 978 1336 tiam eleemosynae quaeritur
550 1318 979 1384 an eleemosyna sit opus ma
548 1361 992 1429 gnae perfectionis: & an qui-
550 1407 983 1463 libet de quolibet bono quod
530 1448 982 1520 i habet possit licite facere elee
552 1492 988 1560 mosynam. ⁋ Respondetur per con-
218 1540 992 1596 clusiones. Prima est. Eleemosyna est opus deo mul-
213 1587 979 1647 tum acceptum & gratum probatur. Lucae. xi. scribitu
231 1626 985 1691 Date eleemosynam: & ecce omnia munda sunt vobis
230 1670 981 1736 ltem orationes & eleemosynae Cornelii ascenderum
222 1721 991 1776 in conspectu dei. Actuum. x. Preterea multum placet
216 1760 989 1820 deo redemptio peccatorum: sed haec fit per eleemosy-
232 1808 983 1863 nam. igitur. Probatur minor per illud Danielis. iiii
218 1856 992 1914 Peccata tua eleemosynis redime. Insuper Augusti
227 1892 994 1961 nus in sermone. xlvi. ad Eremitas dicit. Fratres
228 1945 994 2004 mei charissimi num quam recordor me legisse mala mor
228 1982 981 2051 te periisse illum qui libenter opera pietatis & chari
229 2028 981 2089 tatis voluit exercere. Rursus ad hoc inuitant no-
224 2072 985 2140 scripturae. vt Matthaei. x. Quicumque potum dederi
236 2114 997 2180 vni ex minimis istis calicem aquae frigidae tamen in no-
222 2161 982 2228 mine discipuli, Amen dico vobis non perdet mero
231 2206 990 2262 dem suam. Et Esaiae. lviii. Frange esurienti panem
238 2248 988 2306 tuum: & egenos vagosque induc in domum tuam
243 2294 994 2355 Vide quomodo Abraha sedebat in ostio domus
229 2344 994 2402 suae in convalle Mambre: vt inuitaret transeuntes ad
230 2381 1004 2439 hospitium & cibum. quomodo Loth excepit hospi-
231 2421 999 2492 tes: quomodo mortuos Thobias sepeliuit. Quid lo
244 2468 988 2539 anni eleemosynatio contigerit, lege in vitis patrum
242 2511 1000 2583 Quid de sancto Osbaldo Anglorum rege post elee
232 2558 998 2635 mosynam communem pauperibus datam: cum diceretur
234 2603 994 2670 illi quod erat multitudo pauperum adhuc expectans
243 2647 994 2711 quae nihil eleemosynae acceperat: Rex zelo dei du
240 2689 1005 2769 ctus lancem argenteam in qua comedebat, fregit &
1037 259 1802 343 pauperibus iussit erogari. cui pater Aidan. preco-
1049 324 1810 380 deum inquit, nunquam arescat haec manus, quod & effe-
1052 365 1804 423 ctum habuit, vt Beda recitat in historia ecclesiae gi
1050 419 1817 468 tis Anglorum. libro. iii. ⁋ Ex his patet quam stulti sint
1041 464 1798 517 illi qui eleemosynam in vita non dant: proponentes ma
1044 505 1805 558 gnam vel mediocrem relinquere dandam pauperi
1051 551 1814 609 bus post mortem. licet enim haec volitio sit bona: & in
1066 593 1814 644 vita: tamen non est circa difficile: quare est parui me-
1060 631 1805 690 riti. das enim effectualiter quando retinere non potes
1053 688 1811 737 Forte quibus relinquis non dabunt pauperibus
1056 726 1811 783 ltem pro illa datione exteriori non mereberis: quia non
1058 767 1816 822 es viator: sed pro actu quolibet meritorio in vita
1059 815 1822 869 elicito mereris vitam aeternam. ⁋ Secundo sequitur
1054 865 1823 912 multo imprudentiores esse praedictis: bona superflua
1053 897 1829 957 colligentes & accumulantes liberis: qui ea fortasse dissi
1054 938 1817 1011 pabunt: vel erunt eis occasio maioris peccati & rui-
1056 987 1813 1048 nae: nec dabunt in eleemosynas. ⁋ Ex quo tertio sequ
1048 1033 1822 1097 tur quod multo stultiores sunt illi qui circa bona for
1053 1072 1811 1148 tunae inhiant: nec habent liberos, patrem, nec fratres
1052 1116 1816 1180 & non liberaliter dant eleemosynam & in pios vsus
1061 1162 1829 1228 quod attestatur Salomon Ecclesiastis. iiii. dicens. Con-
1053 1206 1829 1270 siderans reperi aliam vanitatem sub sole. vnus est
1058 1249 1819 1316 & secundum non habet: non filium / non fratrem: & tamen labo
1056 1295 1819 1357 rare non cessat: nec satiantur oculi eius diuitiis: nec
1053 1342 1835 1400 recogitat dicens: Cui laboro? & fraudo animam
1053 1394 1274 1457 meam bonis.
1070 1444 1829 1529 ⁋ Secunda conclusio. quilibet habens
1067 1508 1834 1571 bona superflua pro se potest dare eleemosynam non ex-
1065 1566 1831 1613 treme pauperi nec in notabili arctitudine posito:
1071 1600 1830 1660 est enim opus consilii & magni meriti & non praece-
1075 1653 1834 1702 pti. Haec sequitur ex probatione conclusionis prae-
1070 1687 1822 1748 cedentis: cu dictis in quaestione praecedenti. Seruus
1059 1731 1825 1802 autem dans eleemosyna de rebus domini sui contra eius
1075 1788 1832 1839 voluntatem, furtum facit. & sic facit vxor de rebus
1065 1819 1828 1881 viri: nisi in certis casibus: caput enim mulieris est
1077 1866 1833 1929 vir. Si tamen famulus vel vxor habet voluntatem
1076 1922 1834 1979 patrisfamilias expressam vel praesumptam de dan-
1076 1960 1834 2017 da eleemosyna: non est peccatum: sed bene actum.
1059 1999 1829 2065 consensus enim mariti sufficit vxori: qui constat ex
1072 2044 1836 2104 consuetudine aliarum mulierum vel virorum convicaneo-
1068 2087 1828 2146 rum. solent namque mulieres panem, potum, & huiusmo
1065 2143 1837 2191 di minuta dare pauperibus secundum facultates
1071 2176 1828 2238 suas. Si autem habeat multos liberos quibus vix ha
1077 2218 1829 2283 beat panem: male agit dando aliis propriis neglectis.
1079 2271 1822 2326 In certis casibus tamen potest dare marito no consen
1068 2305 1828 2371 tiente: vtpote si sit extreme pauper: iam enim ille est priui-
1070 2353 1834 2416 legiatus & omnibus praeponendus: cui famulus contradicente
1070 2395 1828 2458 dmo, & religiosus contradicente superiore potest eleemosu
1085 2435 1828 2503 nam dare: immo tenetur: ergo a fortiori vxor: si vir es
1083 2485 1834 2548 stultus, aut demens, nec datus est ei director alius prae-
1083 2529 1830 2592 ter vxorem, potest prudens mulier dare eleemosy-
1076 2570 1845 2636 nam vel aliquod donu ne maritus vel familia iacturan
1083 2618 1838 2681 incurrat. Sic enim fecit Abigail. i. Regum. xxv. Si est
1080 2663 1837 2738 mulier habeat parapherna: hoc est res proprias praeter
