2329 3322
593 171 1550 321 Qaubula quaprobabeticau.
1124 306 1882 379 Christum & apostolos nihil habuisse in proprio
263 326 1044 379 Carthusiensis in aliquo euentu non solum potest: sed
1136 366 1872 424 vel in communi, asserere, haeresis est. cceyi. d. & sequi-
805 375 861 420 ta::
290 371 725 418 etiam tenetur carnes comedere.
878 372 1040 427 cccxvii. b
1138 412 1626 465 a. in Extrauagante loannis. xxii.
268 417 1044 468 Carthusiensis moriturus nisi comedat carnes / iudi-
1115 456 1871 524 Christus an praeter agnum paschalem comederit
287 462 1041 516 cans quod ad carnium comestionem alii scandalizabuntur: &
1131 500 1236 557 carnes.
1716 502 1886 558 cccxvii. b
296 513 1035 563 exemplum sument comedendi carnes citra extremam ne
1125 546 1881 594 Christus quoto aetatis anno passus sit. cccxxxvii.
292 550 1032 605 cessitatem, non debet comedere carnes. cccxvii. c.
1137 590 1875 647 c. & tota. qui. i. Quoto aetatis amno baptizatus sit. ibi.
270 592 1044 641 Castitas coniugalis est bona. cclxxiiii. c. in prin.
1115 632 1871 684 Christus natus est. xli. anno Augusti Caesaris.
275 637 1043 693 Castitas aliqua coniugalis dari potest aequalis meriti
1129 678 1209 728 folio
1598 678 1874 734 cccxxxvii. c. in si.
287 684 563 745 cum virginitate.
875 683 1044 741 cclxxiiii. c.
1119 723 1880 785 Christus quoto die resurrexerit a mortuis. folio
275 727 1036 776 Castitatis votum aliquis potest vouere in scuesto. cccx. d.
1145 762 1523 826 cccxxxviii. b & tota. q. ii
276 772 780 822 Casus fortuitus non est vsurarius.
888 771 1038 826 cxxxv. d.
1121 802 1876 868 Christus quot horis manserit mortuus. ccexxxviii. d.
275 819 1043 885 Casus an plures episcopi sibi reseruare possint: &
1121 855 1549 909 Christus an solus iudicabit.
1728 857 1884 908 ccclvii. b
866 860 1044 916 clxxviii. a.
288 864 474 919 quare non.
1124 890 1874 960 Curisti anima in triduo non erat beatior quam reassum
278 885 1044 950 Catechismus an sit necessarius baptismo. xxxiii. d.
1722 943 1887 997 ccclxxi. a-
1150 947 1335 1006 pto corpore.
276 950 1037 1009 Causa secunda nihil agit sine prima. xiii. d. &. xiiii.
1121 993 1874 1045 Christus post resurrectionem habuit claritatem: sed
281 994 1041 1044 Causam propriam esse alicuius, difficile est probare. xiiii. c.
1133 1038 1875 1090 apostoli illam deprehendere non poterant. ccclxxvii. b
287 1039 1043 1097 Causas iniquas qui sciens fouet tenetur ad resti-
1115 1072 1890 1127 Christiferae virginis actus quomodo fuerint he-
905 1082 1047 1138 cxxxi. a.
293 1083 493 1143 tionem laeso.
1599 1118 1875 1176 ccclxxxvi. d. in fi.
1140 1123 1292 1178 roici. folio
275 1130 1038 1198 Causae pauperum & oppressorum, ad ecclesiam
1710 1164 1878 1220 lxxxvii. c.
1112 1161 1473 1225 Cibi ieiunantis quantitas.
870 1172 1050 1229 cclxxiiii. b
810 1183 841 1225 ius
290 1173 447 1229 spectant.
1115 1210 1886 1267 Cibum iis qui ieiunare debent ministrantes peccant si
281 1218 1032 1266 Cedens bonis si soluere potest non bene agit. cxxxi. a
1798 1254 1875 1305 xc. bi
1130 1253 1497 1317 ipsum negare possunt.
275 1264 1027 1318 Celebranti si occurrat memoria peccati, sufficit ei
1121 1302 1877 1367 Cibus assumptus a Christo post resurrectionem non
291 1303 1053 1357 detestatio, nec potest intermittere celebrationem: & tamen
1137 1346 1550 1401 convertebatur in corpus eius.
1635 1343 1884 1399 ccclxxv. d. in fi.
947 1349 1038 1406 xli. b
297 1350 779 1410 non peccat de nouo mortaliter.
1766 1388 1891 1445 xiiii. d.
1121 1381 1698 1442 Circuncisio an & quomodo gratiam conferebat.
937 1392 1038 1447 lxvi. a.
285 1393 905 1444 Celebrare an liceat pluries vno die.
1771 1435 1890 1493 xvi. d.
1112 1433 1666 1498 Circuncisio quid sit: & qui eius definitio.
275 1439 1050 1496 Celebrans quacumque hora consecrat: sed non licet con-
1126 1486 1877 1533 Circuncisio erat necessaria solis masculis de domo
296 1492 1034 1532 muniter nisi in die natiuitatis pluries consecrare
1140 1523 1887 1573 Abrahae: nec tamen omnibus. xvi. d. Debebat autem
291 1526 1038 1579 licet tamen in certis casibus. lxvi. b. c. Quando
1140 1567 1881 1628 fieri die octaua non de necessitate sacramenti, sed
298 1584 1049 1627 quis teneatur celebrare & quando non. fo. lxvii. b
1748 1611 1887 1666 ibidem.
1140 1612 1275 1672 ministri.
290 1616 1050 1673 Quis possit celebrare, & Eucharistiam laicis ad-
1127 1654 1890 1709 Circuncisio quomodo data est Abrahae in foedus
960 1661 1044 1715 lxvii.
294 1662 477 1716 ministrare.
1754 1700 1886 1757 xxiii. d.
1139 1703 1365 1759 sempiternum.
771 1702 812 1752 fixi
830 1702 1037 1763 lxxvi. b. in fi
284 1705 717 1756 Celebrandi quis sit modus.
1122 1733 1884 1799 Circuncisio aliquo tempore tantum gratiae conferebat
288 1748 1040 1804 Celebraturus aut aliud opus bonum facturus de
1742 1787 1886 1845 xxiiii. b
1134 1787 1497 1850 quantum Baptismus.
284 1796 727 1848 bet prius peccata detestari.
918 1793 1042 1851 xxxi. b
810 1800 851 1844 poi
1736 1829 1778 1875 ot
1793 1836 1881 1889 clii. a.
1130 1827 1617 1886 Circumstantiae iustae negociationis.
281 1841 1052 1895 Celebrans pro pecunia an simoniam committat. dicit
1120 1867 1887 1928 Circumstantiae peccatorum an sint dae naecessitate salutis in
915 1880 1047 1939 ccxlvyii. c
280 1884 630 1942 quod id sex modis fiat.
1152 1926 1893 1974 confessione dicendi. clxxvi. b. Et quae sint circumstantiae: &
282 1922 1043 1978 Ceruisia & mulsum non est materia baptismi. xx. a.
1143 1971 1898 2027 quod multiplices. ibidem. Anhomo taeneatur confiteri circum.
285 1977 771 2020 Character an fiat a sacramentis
957 1969 1037 2024 xii. di
1151 2019 1890 2072 tantias differentes secundum magnum & paruum ex parte ob
953 2015 1056 2074 xiii. b
274 2021 840 2074 Character an sit ponendus: & quare.
1136 2059 1880 2110 iecti, & secundum intensum & remissum ex parte actus. ixv. a
287 2059 806 2111 Charitas infunditur in baptismo.
953 2063 1049 2113 xv. c.
1124 2099 1890 2160 Cistertien. statutum de confessione integra semel in an
285 2109 837 2167 Characterem omnes aequaliter recipiunt.
895 2100 1041 2162 xxviii. di
1145 2149 1890 2200 non abbati facienda est rationabilis. clxxx. b
286 2151 1037 2206 Character an sit causa quare non iteretur bapti
1138 2197 1895 2243 Ciuitas libera potest imponere ciuibus suis tot dena-
309 2196 1056 2249 smus. xxxii. a.c. & an sit ponendus. ibidem. a. &
1139 2230 1890 2291 rios mutuo dandos quot sufficiant ad repellen-
296 2238 437 2296 quid sit
897 2238 1042 2292 ibidem. bi
1741 2277 1893 2334 cxliiii. b
1143 2280 1601 2333 dum malum ciuitati imminens.
293 2274 1040 2353 Christiano an liceat vocare infideles ad auxilium
1130 2313 1890 2376 Cyprianus spiculatori dedit. xxv. aureos nummos
300 2329 578 2383 sui in iusto bello.
928 2327 1047 2381 cxxi. a.
1673 2367 1891 2427 ccclxxxvi. b
1151 2373 1228 2422 folio
287 2377 1052 2431 Christum quomodo non semper habeamus cum semper nobiscum
1127 2412 1886 2462 Claritatis dotem habent bti. ccclxxvi. d. tota. qui. xix.
305 2420 818 2472 sit vsque ad consummationem saeculi
953 2416 1047 2474 clvi. a
1130 2456 1881 2524 Claue an sacerdos vti posset in quolibet. cxciii. a.
293 2461 1059 2515 Christus licet sine poenitentia iniuncta peccata di-
1761 2501 1882 2557 ibidem.
1127 2503 1411 2564 Clauis quae res sit.
282 2506 817 2568 miserit non tamen id aliis faciendum.
920 2504 1058 2561 cxcvi. c.
1134 2535 1895 2609 Clericus omnis an debeat quotidie dicere horas cano-
288 2556 1054 2611 Christus regalem politiam in ecclesia reliquit Petro, &
1761 2588 1896 2653 ibidem.
1149 2588 1629 2654 nicas. lxvii. c. Et quis sit clericus.
297 2593 608 2648 successoribus eius.
930 2592 1050 2646 ccxiii. c.
1715 2632 1895 2694 clxxxix. b
1134 2633 1661 2687 Clericum percutiens an sit excommunicatus.
886 2639 1049 2691 b. & totius
290 2630 870 2690 Christi sunt bona ecclesiae. fo. ccxxxv
311 2682 680 2742 mundi, sed differenter.
1139 2664 1889 2741 Clericus beneficiatus, an possit testari: & de quibus
878 2682 1059 2738 ccxxxvi. e.
1742 2726 1905 2801 cccxli. c.
1152 2724 1266 2797 bonis.
881 2727 1056 2802 cclxxvii. a.
290 2726 741 2800 Christus an habuerit fratres.
