2312 3368
573 261 923 351 ⁋ apisto
376 357 964 428 Aptismus quid sit. xvii. d. quod sit aquae
861 422 966 472 xviri. a
432 418 518 472 folio.
384 451 979 524 Baptismi sacramentum potest asinus
272 501 396 563 xu
853 503 992 555 xviii. b.
432 507 539 565 bibere.
867 549 980 604 xviii. d.
213 548 475 612 Baptismi forma
210 593 968 652 Baptismus loannis qualis erat: & quare sic dictu
249 639 978 690 & quare eo baptizati tenebantur ad baptismum
863 684 983 736 xviii. d.
248 681 529 737 Christi: & similia.
890 729 977 781 xx. bi
205 726 712 780 Baptismi forma an non sit alia.
898 774 978 822 xx. c.
214 778 698 833 Baptismus fsuminis siue aquae.
212 818 977 868 Baptismi institutio an euacuauit circuncisionem.
870 861 975 916 xxii. c
265 861 350 917 folio.
204 906 974 956 Baptismus non est institutus dum loannes baptizaba
252 956 983 1004 xxii. d, nec dum Nicodemus noctu ad lesum ve-
261 996 983 1063 niebat. ibidem, nec differebatur eius institutio vsque
859 1039 980 1095 ibidem.
261 1041 686 1094 ad resurrectionem Christi.
213 1083 985 1140 Baptismus quo tempore erat licitus & institutus an tolle-
850 1128 983 1177 xxiiii. a.
246 1129 748 1180 bat circuncisionem de praecepto.
207 1172 974 1224 Baptismi gratia quomodo potest post opus impartiti f
727 1216 974 1271 xxviii. a. in fine-
264 1221 476 1272 cte baptizato-
210 1260 977 1317 Baptismus triplex. flaminis, fiuminis, & sanguinis.
828 1304 977 1352 xxviii. d.
247 1307 562 1362 & eorum declaratio
217 1352 974 1396 Baptismum an liceat recipere a malo viro. xxx. di
219 1398 979 1448 Baptismum confert omnis intendens quod eccle
239 1439 973 1496 sia intendit facere: & quilibet tenetur in necessitati
255 1490 968 1554 etiam a praeciso ab ecclesia baptismum petere
564 1531 970 1577 xxxi. a, nec peccat. ibidem. c
259 1529 302 1578 fo
211 1576 974 1621 Baptismum vendere volenti cum sit necessitas sus
255 1619 973 1667 cipiendi quomodo & quando / & quando non dam-
255 1663 683 1720 da est pecunia / & pro qua re
853 1657 983 1716 xxxi. d.
217 1705 628 1757 Baptismum reiter antis poena
853 1706 977 1756 xxxii. a.
216 1743 830 1801 Baptizantis intentio qualis esse debeat.
877 1749 987 1803 xix. d.
216 1793 986 1857 Baptizandi forma quando dubitatur an fuerit ba-
258 1849 976 1896 ptizatus. & quod nullus seipsum potest baptizare
264 1884 544 1939 nec duo vnum &c
865 1883 989 1937 xx. a. b
223 1927 977 1981 Baptizandi ratio & modus / an requiratur quod aqua
264 1980 986 2029 per manum applicetur. & quae pars debeat bapti-
869 2016 976 2065 xxi. b
256 2017 479 2070 zari: & similia.
216 2062 979 2128 Baptizandus si moriatur prolato primo verbo, an sit
271 2104 617 2163 censendus baptizatus.
871 2105 983 2156 xxii. a.
207 2149 976 2204 Baptizandi volitionem habens simpliciter & no-
256 2196 980 2249 litionem secundum quid, vtpote ex metu, bapti
249 2246 971 2291 zatur. xxvii. b. Nolens actualiter suscipere vt non
253 2283 980 2341 lens opponitur conditionali volitioni & catego-
255 2326 983 2375 ricae: licet sacerdos verba dicat & aquam infundat
259 2381 970 2428 non baptizatur. ibidem. Capax rationis si prius vo
256 2408 983 2473 luit baptizari licet nunc nullum actum habeat / si sa-
255 2460 973 2510 cerdos officio suo fungitur baptizatur. ibidem.
213 2507 970 2561 Baptizari in principio verborum nolens & a me
258 2558 970 2607 dio in finem vsque volens: vtrum censeatur ba-
836 2591 973 2647 xxvii. di
267 2594 404 2645 ptizatus.
220 2630 983 2692 Baptizati an omnes aequaliter effectum baptismi
838 2680 983 2735 xxviii. d.
254 2683 406 2741 recipiant.
220 2729 976 2780 Baptizati baptismo sanguinis aut flaminis an te
255 2774 790 2841 neantur ad baptismum siuminis.
798 2771 977 2836 xxx. b
1098 222 1690 368 uatprobabetico.
1063 350 1817 423 Baptizans vnum debet dicere baptizo te. sed si dixe
1089 418 1822 466 rit honoris causa baptizo vos, intendens tantum vnum
1089 460 1822 504 baptizare, baptizat. xxxiii. b. Potest etiam par-
1096 504 1823 553 tem post partem baptizare conditionaliter & cer
1090 547 1397 607 tis verbis expressis
1689 550 1830 599 xxxiii. c.
1054 592 1816 642 Baptizatus simul a duobus dicentibus ego te baptizo
1099 641 1829 683 si alius te non baptizet, an sit baptizatus. xxxiii. c.
1066 681 1823 734 Beatitudinem quam non habebit meruit ludas. ccvi. di
1061 729 1823 777 Beatitudo siue summum bonum an in bonis corpo-
1108 772 1830 831 ris vel fortunae inueniatur. ccclvyiii. c. & tota. q. i.
1060 814 1826 874 Beatitudo vera in quo consistat. ccclix. d. & tota. q. ii.
1060 859 1822 911 Beatitudinem stoici locant in virtute. princeps vero
1104 904 1822 951 Peripateticorum in operatione virtutis. ccclix. d-
1057 944 1829 1007 Btintudo an consistat in vno actu an pluribus. cclx. d. qui. x
1065 992 1829 1039 Beatitudo aliqua est optima res possibilus ecclxi. a.
1057 1038 1823 1087 Beatitudo aliqua est notitia dei: simiter aliqua beatitu
1699 1080 1820 1130 ibidem.
1105 1078 1382 1138 do est dilectio dei-
1059 1124 1820 1176 Beatitudo an principalius consistat in actu intellectus.
1113 1168 1328 1221 an voluntatis.
1501 1168 1823 1226 ccclxii. b. & tota. qui. v.
1060 1216 1823 1263 Btintudinem an omnes summe appetant. ccclxiiii. b. to. quod .
1060 1259 1822 1318 Beatitudinem an appetitus liber ex necessitate ap
1117 1307 1190 1352 petat.
1489 1306 1829 1363 ccclxv. a. & tota. qui. vii.
1059 1351 1820 1404 Beatitudo an a solo deo producatur. ccelxvii. c. qui. ix.
1066 1393 1826 1451 B. intudo an partialitur producatur a beato. ccclxviii. to. qui. x.
1060 1437 1814 1481 Beati omnes an sint aequiliter beati. ccclxviii. d. to. qui. xi
1059 1478 1445 1531 Beatitudo an sit perpetua.
1527 1481 1822 1537 ccclxx. a. b. c. qu. xii.
1059 1524 1823 1574 Beatitudo sanctorum an post resurrectionem futura
1074 1571 1817 1615 sit maior in anima quam nunc sit. ccclxx. d. tota. qui. xiii
1063 1616 1474 1672 Beati non dormiunt vnquam.
1672 1614 1811 1665 ccclxxi. c
1065 1658 1822 1711 Beatorum sensus exteriores an erunt continuo in acti
1105 1701 1373 1763 bus suis in patria
1483 1704 1823 1763 ccclxxi. c. tota. qui. xiiii.
1050 1744 1828 1814 Beati an compatiantur poenis damnatorum. fo-
1102 1791 1160 1845 lio.
1464 1790 1816 1850 ccclxxxviii. d. & sequi. a
1069 1835 1826 1890 Beatorum corpora per quod erunt impassibilia. ccclxxv. c.
1060 1880 1816 1926 Beatorum duplex permium. ccclxxx. b. in prim. quod
1066 1928 1813 1980 Bellando aliena vsurpantes sunt vituperandi. cxvi. di
1059 1974 1814 2021 Bellans quando se morti exponere debeat. cxvii. c
1063 2017 1826 2061 Bellare quomodo liceat / cum Christus dixerit / si quis te
1110 2061 1813 2113 percusserit in dexteram maxillam praebe illi & alteran
1096 2107 1586 2166 Et: converte gladium in vaginam &c.
1701 2106 1815 2159 cxvii. co
1063 2148 1826 2202 Bellare in bello iusto est licitu & meritorium. cxvii. d.
1087 2193 1820 2237 Nec rapta in eo secundum exigentiam culpae sunt
1084 2236 1811 2289 restituenda. Princeps autem bellans iniuste scien
1096 2280 1817 2326 ter, peccat. Subditi autem dubitantes an bellum
1096 2324 1826 2372 sit iustum dummodo cogantur non peccant: peccant
1090 2369 1820 2421 autem non subditi se vltro in bello dubio locantes.
1099 2414 1822 2459 Auferens autem alienum intentione inordinata in bel-
1085 2459 1817 2513 lo iusto / peccat quidem sic auferendo / sed non te-
1095 2499 1415 2554 netur ad restitutionem
1539 2500 1811 2562 cxvii. d. & fo. sequi-
1057 2536 1646 2601 Bello iusto an liceat occidere & rapere.
1656 2549 1812 2602 exvi. a.
1060 2590 1313 2648 Bellum quid sit.
1662 2585 1811 2643 cxvi. a. bi
1060 2635 1814 2683 Bellum est duplex scilicet iustum & iniustum. cxvii. c.
1099 2680 1814 2728 Vide ibidem consequenter requisita ad bellum iustum.
1060 2723 1550 2768 Bello iusto an vti liceat insidiis.
1699 2727 1811 2783 cxxi. c.
1063 2770 1807 2818 Bellouacorum vxores ante viros in templo offert. vo. ci
1599 2810 1673 2871 am iii
