2291 3324
625 182 1713 324 gnsignium Bateriarum
648 277 688 334 c
412 328 1170 386 Agilitas in btis vnde proueniat. ccclxxvi. a. &. c. qui. i.
1858 319 2018 394 cexc. cxi-
1239 319 1663 398 Apollonii Tyanei oratio.
412 378 1170 436 Alexander Halen. Ioannes Scotus, & Ricardus Mid
1244 380 2011 447 Apostoli an pdicauerunt verbum Churisti in omni ter-
445 423 1176 473 diltonus non sunt veriti eleemosynam petere. cecy. bi
1844 427 2013 482 xxiiii. c. d.
1281 434 1324 480 ra.
1250 465 2013 517 Apostolorum omnium an vigiliae sint ieiunandae. xc. c.
416 466 1179 539 Alexandri dictum de Diogene. cclxxx. a. & fo-
1034 514 1181 564 ccclix. a.
1252 514 2013 563 Apostoli verba de copula carnali. i. ad Cori. vii.
446 515 507 575 lio.
1287 558 1477 614 explicantur
412 526 1181 625 Alexandri Peripatetici opinio de intellectu hu-
1837 559 2016 612 cclxxix. c.
1000 601 1169 660 ccexxix. bi
1884 602 2020 655 cccx. d.
1249 597 1624 658 Apostoli continuerunt
440 606 729 664 mano est apparens.
1042 645 1176 702 ccciiii. c.
1250 647 2013 701 Appetitus duplex, liber & naturalis. ccclxiiii. b
410 644 798 701 Alexii beati mendicitas
412 677 1166 741 Alienum detinens an teneatur quilibet domino reddere sub
1284 692 2007 754 Nullus rei appetitus distinguitur a re cuius est ap
439 732 1170 808 poena peccati, sicut quilibet danum inferens tenetur illud
1303 738 1416 793 petitus
1851 734 2013 791 ibidem. d.
1034 777 1179 830 cxxx. b
1250 781 2016 831 Appetitus liber an ex necessitate appetat btintu-
449 782 589 840 resarcire.
963 789 1024 837 eal:i
1028 821 1173 879 ccxliiii. d.
1656 824 2014 884 ccclxv. a. & tota. qui. vii.
1293 827 1413 876 dinem.
418 815 1009 882 Alienare res ecclesiae an liceat praelato.
1256 869 1768 930 Aqua quamdiu & quando sit baptismus.
418 863 981 921 Altissimum ascendere est possibile.
1091 868 1180 923 liii. a.
1890 869 2020 928 xviii. b
411 911 1176 976 Amens perpetuus est vt puer habendus, & ideo non
1246 899 1881 969 Aqua rosacea non sufficit ad baptismum.
1904 916 2014 970 xix. d.
440 962 1171 1008 requiritur in eo actus voluntatis ad receptionem
1249 959 1904 1017 Aqua marina potest esse materia baptismi-
1907 958 2022 1016 xx. a.
1037 1002 1174 1057 xxvii. a.
1253 998 1804 1050 Aqua nulla requiritur ad baptismum.
445 1001 624 1061 sacramenti
1923 1008 2020 1056 xx. c.
425 1028 1181 1093 Americus Vespucius terras nouas reperit.. i. d.
1252 1048 2011 1099 Aqua quanta sufficiat ad baptis. xx. d. &. xxi. a.
1261 1090 2019 1140 Aqua debet misceri vino ante consecrationem, alio
407 1090 1170 1160 Amoribus & Veneri non det operam bellator. fo
1045 1132 1173 1187 cxvii. b
1293 1134 1611 1193 quin peccet sacerdos.
1905 1135 2021 1190 lxv. d.
441 1137 501 1185 lio.
414 1165 1189 1238 Analogiae ad capiendum, corpus Curisti septem pe-
1256 1167 2019 1226 Aqua benedicta an aliquid valeat, & quid. ccviii. c.
1261 1223 2014 1273 Arctatio in muliere quomodo matrimonium impediat. ax. d
457 1220 942 1272 dibus longum esse in eucharistia
1091 1220 1182 1274 l. b. c.
1261 1269 2019 1324 Argumentum captiosum ex. A. Gellio, de Prota-
413 1252 1173 1334 Angelus vnus an possit immediate post alium
465 1316 587 1369 produci
1700 1312 2013 1370 cclxxxix. d. & sequi. a-
1292 1310 1559 1369 gora & Euathlo
944 1310 1183 1369 ccclii. a. b. c. d.
1630 1320 1667 1361 inus
422 1354 1176 1410 Ania baptizati si imponatur nouo corpori an cen-
1256 1354 2025 1429 Aristoteles quid de animae immortalitate senserit. fo-
1073 1400 1177 1454 xxii. bi
445 1399 940 1460 seatur baptizatum illud suppositum.
1814 1398 2013 1453 cccxxix. b. c.
1289 1403 1333 1451 lio
424 1428 1183 1497 Aina eadem de potentia dei absoluta potest informare
1256 1446 2014 1500 Aristotele nemo poterat diuinius loqui de btintu
449 1488 1179 1548 partem corporis seperatam & reliquas coniuctas. xlviii. c.
1291 1491 1638 1540 dine in lumine naturali
1892 1491 2024 1543 ccclx. a.
1263 1525 2014 1583 Arma omnibus indifferenter vendentes peccant. cix. c.
418 1531 1182 1604 Aiam humana tenentes esse mortalem in solo lumi
1257 1584 2017 1628 Assensus quibus & quot modis generetur. cccl.a.
442 1578 1190 1635 ne naturali incedentes etiam ante legem gratiae non sunt
1001 1622 1175 1681 cccxxvi. di
1264 1622 2019 1673 Assuefactio an de veniali faciat mortale. roc. b
448 1622 747 1683 excusati a peccato.
1264 1671 2023 1728 Attentio qualis requiratur ad orationes & horas di-
1008 1666 1192 1724 cccxxix. a.
420 1652 927 1727 Aina separata a corpore manet.
422 1713 1191 1768 Aina iterato naturaliter informabit corpus. ibidem
1879 1713 2020 1764 lxx. a. b
1296 1714 1421 1765 cendas.
433 1757 1180 1805 Aimam an immortalem putauerit Arist. cccxxix. b. c.
1263 1757 2029 1809 Attritio an possit esse contritio. lxxix. b & est
428 1803 1191 1873 Aimam esse immortalem probabilius est in lumine natu-
1304 1801 1476 1859 multiplex.
1885 1801 2026 1853 ibidem. c.
1014 1848 1192 1901 cccxxix. c.
1256 1846 2022 1901 Audiens missam & interea horas dicens: cum ad vtrum
457 1848 531 1899 rali.
1303 1890 2019 1947 quod obligatur: an satisfaciat vtrique praecepto. lxxi. d.
427 1880 1183 1962 Aina separata potest acquirere tam habitus quam actus de no-
1265 1935 1857 1983 Audiens libenter detrahentes peccat.
1082 1932 1189 1990 cccl. b
1873 1940 1916 1979 x
1930 1939 2022 1986 cx. c.
461 1939 511 1985 uo-
1262 1974 2020 2033 Audientium confessiones testimonia non sunt re-
425 1974 1188 2029 Aina separata potest se quocumque mouere. ccclxxvi. a
427 2023 1185 2094 Aiae an liberentur per indulgentias obtentas a viuis a
1304 2030 2020 2091 cipienda de iis quae per solam confessionem
1051 2065 1191 2121 cxcix. b
1843 2065 2027 2121 clxxviii. d.
469 2071 642 2132 purgatorio
1303 2071 1410 2118 norint
1271 2113 2027 2170 Audiui peccata grandia huius vel illius non licet di-
421 2096 1191 2182 Aiae corporibus exutae, & simiter daemones quo modo
920 2154 1195 2212 cccxlii. tota. qui. vi.
1304 2156 2025 2220 cere sacerdoti: sed audiui confessionem eius. fo-
465 2159 639 2210 crucientur.
431 2200 1188 2253 Ainae purgandae quo loco puniantur cccxlvii. d.
1298 2202 1345 2255 lio
1921 2200 2019 2257 ccii. c
1043 2243 1196 2301 cccxliii. a.
1259 2235 1808 2306 Auditus in patria erit in suo actu.
433 2244 951 2310 Animae in purgatorio quomodo puniantur.
1858 2240 2032 2298 ccclxxi. d.
1270 2289 1652 2341 Aues cantu gaudentes.
428 2280 1184 2340 Ainalia an possint licite ad societatem dari, ita vt
1923 2291 2029 2342 xcii. a.
1268 2334 2041 2384 Augustinus, Hieronymus, & alii eruditissimi viri
467 2338 1190 2385 fructus & foetus sint communes ob nutrimentum: &
1297 2383 1671 2429 non susceperunt gradus
969 2375 1180 2437 clxii. d. & sequi
1840 2378 2031 2431 ccclxxxii. c.
457 2378 825 2426 in multis aliis casibus.
1262 2413 2029 2473 Augusti imperii anni. lvi. cccxxxvii. d. in princ.
430 2402 1190 2472 Ainalia ficta locans de vsura suspectus est. clxiii. d.
1266 2466 1698 2518 Aureola virginum quid sit.
428 2470 1191 2524 Ainalia certo praecio aut mercede sic locans vt con-
1862 2465 2032 2520 cclxxiii. c.
469 2510 1188 2567 ductor ea salua praestare teneatur quocumque casu inter
1271 2510 2034 2563 Aureola triplex, martyrum, doctorum, & virginum.
1846 2554 2031 2609 ccclxxx. b.
470 2555 1194 2623 ueniente an licite id faciat: argumentat cum Con-
1294 2556 1372 2611 folio
1267 2597 2035 2652 Aureola virginum amittitur sine peccato. i. b
952 2597 1191 2661 clxiiii. d. & sequi.
476 2602 567 2657 rado.
1268 2647 2022 2695 Aureola debetur doctoribus. ccclxxxi. tota. qui. a
425 2617 1200 2693 Ainalia varia, varios habent appetitus. cclxxviii. c
1274 2688 2025 2754 Aureolae proprie dantur actibus heroicis. ccclxxxii. b
430 2691 1184 2761 Anna habuit duas alias filias praeter diuam virginem
466 2733 816 2807 ex duobus aliis viria
1025 2733 1185 2808 cclxxvi. bi
1934 2731 2036 2803 ibi. d.
1317 2732 1876 2806 An in patria deprehendentur per signa.
1870 2739 1909 2793 am
