2354 3324
577 139 919 273 ⁋ abulo
802 271 971 334 cclxxxiii. a
218 266 640 344 Lex gratiae obligat omnes.
207 315 971 391 Lex Mosaica in adulterio deprehensas occidebat.
258 369 978 421 cclxxxviii. d. Fadem lex fuit apud Roma. ibidem.
213 408 983 474 Leprosae vxori an reddendum sit debitum. cclxxx. b
218 454 986 527 Leproso viro vxor sana debitum reddere tenetur.
829 498 979 555 cclxxx. b
255 507 350 566 folio.
212 540 969 615 Libellus repudii in lege Mosaica an fuerit licite per
499 584 973 654 cclxxxiii. c. d. & tota quaestione
247 596 377 650 missus.
218 630 985 696 Libellum repudii non reprobauit Christus Matth. xix.
255 672 982 746 cclxxxiiii. a. b. Libellus quare dictus sit. ibi. b
901 720 989 780 xii. b
216 725 733 789 Linguae igneae non erant sacramenta.
218 764 979 838 Litigans non tenetur dicere horas donec fructus perci
270 811 989 885 piat de beneficio si aliunde non teneatur. lxix. b. vi-
269 859 601 920 de ibidem consimilia.
221 867 985 967 Litigantium pro beneficio decisio vt alter pensionem
876 944 992 997 ccliii. a.
272 940 785 1007 alter beneficium habeat, an sit licita.
234 984 985 1065 Locationis & conductionis contractus vtrum sit lici
875 1029 995 1088 clx. c. d.
249 1036 533 1101 tus. & tenet quod sic.
830 1073 998 1133 ccclxxii. c.
225 1078 662 1143 Loquutio quo fiet in patria,
231 1111 985 1177 Loth incestus non fuit peior quam ebrietas. clxxxvi. a
224 1165 991 1233 Lucrum etiam si si tcommune & danti ad vsuram & recipienti,
774 1205 995 1269 cxxxiiii. a. in fi.
282 1216 613 1274 non tamen est licitum
234 1251 1000 1322 Lucri cessantis occasione si vltra sortem capere liceat
282 1294 1000 1357 videatur omnis vsura posse palliari: cuius argumenti
269 1339 991 1399 solutionem & aliorum vide. cxxxviii. a. b. c. di
233 1390 995 1460 Lucrum potest quis intendere pro sustentatione
880 1432 1005 1489 cxlix. a.
273 1439 704 1498 sui & suorum sine peccato.
245 1473 997 1540 Ludere an sit honestum tam verbis quam rebus. fo-
747 1515 995 1578 cvii. d. &. cviii. a
270 1528 335 1583 lio.
237 1538 1007 1637 Ludendi modus vnus est alicui conueniens & alteri
879 1608 1006 1665 cviii. b.
276 1623 358 1676 non.
889 1652 1006 1713 in illo.
248 1627 874 1725 Ludus aliquis est honestus in hoc loco qui non
892 1696 1007 1752 cviii. c.
280 1705 377 1758 folio.
901 1743 1007 1798 cviii. d.
242 1715 806 1809 Ludus quidam est omni statui hominium illicitus.
251 1781 1009 1841 Ludus taxillorum est extirpandus & inhonestus. cviii. d
239 1840 1003 1904 Ludorum instrumenta vt tesseras, taxillos, chartas:
282 1875 992 1930 & similia facientes & vendentes an bene viuant. cix. be
856 1917 1013 1974 ibidem. c.
281 1920 739 1985 Respondetur per propositiones.
251 1947 1006 2035 Ludum & instrumentorum eius factorem respicientes pro
844 2003 1002 2065 cx. col. c. di
294 2012 596 2075 positiones vide fo.
248 2053 1009 2119 Lusor an lucrando acquirat dominium. cv. d. in fi.
293 2094 1012 2152 Acquirit autem dominium in aliquibus fortuitis. ibidem.
291 2137 1010 2200 Sed contra artem ludi lucrans aut ab eo qui dominium
925 2184 1010 2242 cvi. a.
293 2190 703 2253 transferre non potuit / non
257 2218 1021 2296 Lucrans autem ab eo qui dominium transferre po-
285 2269 1006 2332 test / etiam taxillis non cotra artem, acquirit dominium
287 2311 1024 2384 ibidem. Non est igitur securum ludere cu religioso, stul
298 2359 1024 2424 to, seruo, filiofamilias & prodigo, cui vsu patri
296 2407 1012 2472 monii interdictum est: & similibus. cvi. d. Interdum
921 2453 1026 2508 cvii. a.
293 2450 811 2513 tamen cum religiosis sine periculo luditur
251 2493 1018 2553 Lumen glorie quare ponatur. ccclxi. d. & sequi. a. b
267 2540 1025 2612 Luna quartadecima duplex erat tempore passionis
892 2580 1024 2635 lxxv. b
317 2585 767 2648 Christi secundum Middelburgen.-
252 2626 1027 2696 Lux, lumen, & color nullam habent inter se repugnantiam: &
305 2676 1019 2744 possunt eidem subiecto primo inhaerere. ccclxxii. a.
1122 126 1714 268 quamlphobetica.
1205 256 1814 321 a Achabeis quaere non licuerit carnes come-
1645 305 1825 363 cccxviii. d-
1235 317 1323 369 dere.
1160 350 1822 430 Q M Machinatio mortis alicuius an impediat.
1633 390 1829 453 cclxxxix. a.
1060 394 1494 450 lgg Qae matrimonium.
1053 446 1817 504 Mahumetica secta cur tandiu durauerit / & an caete
1544 482 1823 555 vii. c. d. &. viii. a. b
1086 494 1260 551 ris diutius.
1611 530 1820 597 viii. d. in fine.
1062 536 1502 593 Mahumetici erroris initium.
1732 572 1826 629 vii. b
1056 551 1567 638 Maiori parti an semper assentiendum
1689 618 1822 676 ccxii. b
1053 625 1613 676 Mala quae caelibatus sacerdotum parit.
1056 665 1828 729 Maleficiatus perpetuo non potest contrahere matri-
1637 707 1828 763 cclxxxv. di-
1108 716 1252 768 nonium.
1071 752 1823 813 Maleficium vnum nullo modo licet per aliud tol
1626 798 1837 854 cclxxxvii. b
1093 810 1166 861 lere.
1061 840 1832 900 Maria virgo votum castitatis emisit. cclxxv. b. c.
1063 882 1835 946 Maria virgo erat haeres loachim, & vnica filia pa-
1692 925 1838 986 cclxxvi.
1111 939 1172 994 tris.
1058 965 1840 1032 Maria virgo & loseph an fuerint eiusdem tribus.
1575 1017 1838 1073 cclxxvi. c. in prin.
1108 1026 1200 1083 folio.
1068 1059 1831 1124 Maria virgo semper virgini tradita est custodien-
1596 1103 1838 1163 cclxxvii. a. in fi.
1104 1117 1159 1169 da.
1067 1157 1841 1215 Maritus si religionem profiteatur, & votum non sit ir
1109 1194 1831 1259 ritatum ab vxore in vita: post mortem vxoris ma-
1673 1234 1837 1293 cclxxxi. a.
1576 1254 1653 1297 c: tm-s
1113 1246 1378 1303 nebit religiosus.
1071 1276 1838 1352 Martyri facit iniuriam qui pro martyre orat. ccclxxxiii. be
1631 1324 1834 1382 ccclxxxiiii. a
1564 1346 1604 1380 cra
1074 1333 1481 1396 Martyr an possit damnati-
1074 1352 1847 1440 Martyr non est is qui damnatur supplicio mortis ob
1629 1406 1840 1471 ccclxxxiiii. b
1108 1425 1409 1482 scelus commissum.
1073 1467 1833 1537 Martyrum aureolam habebit aliquis qui non est mai
1527 1503 1843 1562 ccclxxxiii. d. in fine.
1102 1521 1175 1573 tyr.
1080 1545 1847 1609 Martyrii acceptiones: & eius definitio. ccclxxxii. d.
1079 1593 1855 1660 Martyrium quando quis debeat pati / & pro quibus
1410 1638 1848 1699 ccclxxxiiii. c. &. tota. qui. xxv.
1109 1650 1219 1706 causis.
1079 1681 1849 1748 Martyrium patiendum est non solum pro opere praecepti:
1644 1720 1848 1783 ccclxxxv. b
1585 1738 1627 1775 Qa
1119 1728 1550 1796 sed etiam pro opere consilii
1079 1774 1843 1842 Martyrio plantata est ecclesia: & crementum acce-
1644 1812 1856 1871 ccclxxxvi. b
1137 1824 1346 1879 pit ex eodem.
1087 1852 1841 1923 Martyrii actus cui debetur palma an sit magnae per
1127 1903 1856 1973 fectionis: & praestet actui cui non debetur pal-
1483 1945 1853 2004 ecclxxxvi. tota. qui. xxvi-
1135 1966 1190 2017 ma.
1085 1973 1855 2056 Martyrii actus est dilectio dei / & heroicus actus cha
1646 2032 1849 2093 ccclxxxvi. d.
1145 2051 1235 2105 ritatis.
1091 2053 1855 2150 Martyrii actus vel ille cui debetur aureola martyrum:
1127 2123 1844 2186 cuius virtutis sit ccclxxxvii. tota quaest. xxvii
1097 2163 1855 2237 Materiam sacramentalem an restringere possit pon-
1680 2210 1865 2272 cccxxiii. b
1135 2225 1223 2281 tifex.
1085 2244 1852 2314 Matrum occisores sunt monstra hominium. cclxxxix. c.
1094 2301 1867 2370 Matrimonium vtrum sit sacramentum nouae legis.
1743 2346 1859 2400 cclvi. a.
1148 2353 1336 2414 Et quid sit.
1097 2363 1865 2459 Matrimonium an possit contrahi propter pulchri
1726 2432 1852 2493 cclyii. a.
1147 2444 1435 2497 tudinem vel opes.
1091 2447 1864 2550 Matrimonium an in lumine naturali debeat esse
1728 2524 1865 2579 cclvyii. c.
1143 2540 1322 2589 perpetuum.
1097 2563 1864 2635 Matrimonium an sit sacramentum vniuoce cum
1152 2608 1865 2681 aliis sacramentis. cclviii. a. Et tenet quod sic contra
1728 2657 1866 2727 ibidem.
1158 2663 1352 2733 Durandum.
1612 2683 1682 2758 esti
