2338 3334
619 238 968 336 & quibute
291 321 1042 421 Conscientiam suam deponere debet interdum iudex
988 395 1043 448 v. di
357 399 602 452 vt bene iudicet.
292 425 1045 493 Consecrans debet hature certam intentionem circa consecran
334 489 1046 539 da, ita quod si excipiat in intentione vnam partem incertam, ni
328 536 1036 582 hil confecret: sed bene excipiendo certam. lix. a. b
282 571 1051 627 Consecrare possunt duo diuersas partes hostiae sin
342 629 1003 683 guli suam, dummodo certa sit intentio. ibidem.
300 663 1058 723 Cosecrans si proferat verba consecrandi panis super vi
332 708 1045 764 num aut econtrario, an consecret. & an possit conse
335 749 1049 802 crare hostiam post dorsum suum. lix. b. in fine. & c.
300 793 1043 848 Consecrare intendens vnam hostiam, si ea fuerit subla
332 839 1049 893 ta & altera pro ea reposita: an illam alteram consecret.
337 891 1052 935 lix. c. Potest autem consecrans facere infinitam mul-
964 931 1052 983 lix. b
333 935 782 990 titudinem entium separatorum.
304 976 1043 1029 Consecrare vtrum nobis liceat in azimo an in fer
336 1020 1043 1088 mentato. lxxii. c. Christus in azimo consecrauita
332 1065 901 1122 lxxii. d. & eum decet imitari. ibidem.
291 1096 1045 1160 Consensus coactus per metum an sufficiat ad ma
892 1149 1058 1201 cclxviii. b
346 1157 548 1208 trimonium.
292 1175 1046 1246 Consensus mutuus per signa praesentialia explicatus
345 1242 1051 1295 an requiratur & sufficiat ad contrahendum verum
931 1286 1055 1338 cclix. a.
345 1286 584 1344 matrimonium.
934 1328 1049 1389 cclix. bi
301 1317 731 1387 Consensus virtualis qui sit
301 1378 1060 1431 Consentiens peccato vel cooperans quando pec
357 1412 1055 1467 cet, & quando non: vide regulas. xxxi. c. in fine.
295 1462 1061 1516 Constantini donatio an fuerit rationabilis. x. d.
340 1496 1052 1562 An ceciderit in haeresim Arrianam. ibidem. & sequi-
306 1551 1060 1608 Consuetudo patriae aut regionis in qua quis ha-
351 1592 1051 1648 bitat, an sufficiat ad seruandum aut non seruan-
346 1640 545 1696 dum ieiunium
984 1640 1055 1694 xc. c.
307 1672 950 1743 Consuetudo an praescribat contra pontificem.
969 1685 1052 1743 xc. di
294 1737 836 1782 Consuetudo non omnis obligat.
976 1727 1049 1783 cci. bi
300 1763 1064 1825 Consuetudo contra ius diuinum & humanum non
861 1815 1058 1871 xci. c. in fine.
359 1819 482 1876 obligat.
310 1856 1064 1913 Consuetudinis gratia an liceat aliquid accipere &
337 1909 1055 1957 cogere nolentem dare secundum consuetudinem loci tam in
343 1950 1060 2000 collatione sacramentorum quam beneficiorum. ccl. b
352 1995 1056 2058 Tenet quod post collationem licet aliquid capere dono
351 2045 1055 2098 gratuito. Male autem agat sacerdos cogens laicos
348 2087 1057 2137 ante exhibitionem sacramentorum aliquid dare: sed
352 2129 1064 2185 tamen post exhibitionem potest laicos cogere per supe-
346 2173 1064 2226 riorem ad seruandas laudabiles consuetudines:
342 2215 613 2273 sed non clericos.
950 2218 1052 2273 ccl. b. c
309 2259 1064 2319 Consuetudo ex malo exorta potest esse bona. ccli. b
312 2308 1069 2357 Continentiam vouere possunt vir & mulier statu
891 2350 1061 2402 cclxxxi. d.
352 2351 562 2399 non mutato.
306 2381 1058 2447 Continentie votum pontifex maximus pro rationa
355 2440 1064 2493 bili causa relaxare potest. cocyii. d. & sequi. a. b
310 2484 1057 2534 Contractus quid sit, & quot eius species. cxlvii. c
313 2528 1067 2580 Contractus aliquos ecclesia prohibet: sed non irritat si
319 2570 1064 2625 fiant: aliquos prohibet & simul reddit inanes. cexc. b
320 2620 1070 2668 Contrahere prohibetur pater cum filia, & filius cum ma-
355 2664 1065 2715 tre, iure naturae. cccxxxiiii. d. Similiter frater
938 2704 1064 2757 ibidem.
346 2706 512 2757 cum sorore.
309 2740 919 2820 Contraria non semper curantur contrariis.
975 2752 1068 2800 xii. c.
1239 191 1840 340 aipbobetica.
1123 317 1877 406 Contritio & attritio in quo differant. lxxix. a. in fi.
1128 399 1879 451 Contritio an sit causa gratiae, an contra. lxxix. d.
1128 450 1886 503 Contritus an possit hatre peccatum mortale: hoc est an
1161 494 1871 543 quis possit cum contritione habire mortale. lxxxv. bi
1130 530 1876 601 Copula carnalis non est de essentia matrimonii.
1167 581 1222 634 fo.
1654 574 1883 629 cclxxv. c. & d.
1132 614 1877 669 Copula carnalis quomodo sit turpis. cclxxviii. b. in fi.
1132 670 1874 727 Copula carnalis non sic est necessaria conseruationi
1180 707 1889 766 vitae humanae vt cibus. cccxviii. d. & sequi. a.
1138 752 1874 812 Corpus Curisti quomodo totum sit in qualibet parte hostiae
1155 804 1886 859 xlvi. b. Et si partes diuidant donec sint imper
1159 839 1892 905 ceptibiles, an illic remaneant corpus & sanguis
1731 889 1890 940 xlvi. c. d.
1156 886 1275 945 Christi-
1137 899 1886 995 Corpus & sanguis Curisti an sint realiter in Eu
1786 974 1889 1029 xlv. c.
1173 975 1313 1034 charistia
1131 1005 1889 1069 Corpus Curisti vtrum sit tantum in Eucharistia quantum
1167 1062 1613 1121 in caelo, & quomodo id fieri potest.
1755 1063 1890 1120 xlviii. b
1124 1100 1891 1164 Corpus Curisti vtrum possit sustineri esse longum
1164 1152 1882 1206 septem pedibus in Eucharistia, & sit ordo partiu in or
1683 1194 1882 1249 xlix. c. &. l. c.
1164 1190 1541 1253 dine ad totum non ad locum.
1140 1238 1891 1301 Corpus Curisti vnum & idem quomodo potest esse simul in
1182 1285 1894 1340 diuersis locis. li. a. Tenet autem quod deus potest po-
1179 1327 1889 1379 nere idem corpus circumscriptiue in locis diuer-
1180 1374 1889 1431 sis totalibus separatis, duobus, tribus, & sic
1186 1418 1481 1476 deinceps sine statu
1711 1416 1889 1477 li. a. in fine.
1143 1455 1886 1522 Corpus Christi non sumpserunt Apostoli in tri
1182 1505 1888 1569 duo mortis Christi: immo non aute missionem
1812 1554 1884 1607 lii. b
1186 1552 1418 1611 spiritus sancti.
1146 1592 1892 1655 C orpus vnum si sit in diuersis locis an possit simul
1183 1639 1886 1705 esse viuum & mortuum. lii. a. An possit portare
1820 1687 1896 1744 lii. c.
1192 1683 1463 1745 infinita pondera.
1141 1717 1882 1781 Corpus idem penetrando seipsum potest manere in duobus
1179 1771 1897 1830 locis, & in vno si vnus sit partium situs. lii. d.
1137 1821 1903 1875 Corpori Curisti an insint eaedem proprietates in
1184 1862 1580 1921 Eucharistia quae in caelo.
1822 1866 1889 1917 iii. a
1143 1908 1555 1967 Corpus capitur tripliciter.
1761 1901 1898 1962 ibidem.
1143 1936 1899 2010 Corpus Christi in caelo an videat & audiat quae
1189 1996 1408 2056 fiunt in altari.
1798 1993 1901 2053 liiii. a.
1143 2018 1897 2102 Corpus Curisti anpossit a nobis in altari videri
1185 2089 1717 2144 & tenet quod sic: cum sit coloratum.
1802 2085 1886 2141 liiii. bi
1146 2121 1898 2178 Corpus Curisti quomodo non diuidatur ad diuisio
1187 2170 1691 2223 nem hostiae seu specierum panis.
1793 2173 1901 2231 liiii. d.
1152 2207 1898 2280 Corpus Curisti in Eucharistia vtrum possit moueri
1183 2261 1892 2323 ab aliquam creatura. lv. a. Tenet quod sic. ibi. b & quod
1180 2307 1892 2366 naturaliter mouetur motibus cotrariis. ibi. c.
1143 2347 1900 2397 Corpus Christi non semper mouetur dum hostia mo-
1204 2393 1904 2452 uetur. lv. c. Vtrum autem moueatur localiter quan-
1197 2439 1675 2493 do incipit esse sub Eucharistia
1754 2439 1896 2497 ibidem. d.
1146 2475 1892 2544 Corpus manens Parisiis potest constitui Romae
1196 2527 1582 2590 sine pertransitione medii
1816 2532 1893 2584 vv. d.
1149 2571 1892 2638 Corpus Curisti potest esse sub modo naturali absque
1192 2618 1712 2677 hoc quod sit sub modo sacramentali.
1808 2618 1895 2673 lvi. a.
1146 2644 1786 2712 Corpus Curisti an videatur in Eucharistia.
1805 2665 1896 2721 lvi. c.
1150 2707 1886 2776 Corpus Curisti per quod instans desinat esse sub
1192 2751 1385 2806 Eucharistia.
1798 2752 1903 2824 lxv. c
