2280 3336
503 236 839 350 ⁋ abuto
223 345 997 398 Eucharistiae sacramentum est tametnum vnum. xxxvii. c.
859 396 995 447 ibidem.
246 397 541 448 Et an sit consecratio
219 440 989 488 Eucharistiam in mortali peccato sumens an omnis
241 485 995 534 indigne sumat. xxxix. c. Sumitur autem quatuor
249 532 992 579 modis. ibidem. Meritorie ipsam sumit omnis exi-
252 574 980 621 stens in gratia. ibidem. d. Omnis autem in mortali existens
253 620 983 670 si sumit, mortaliter peccat. Et nulius sumit ipsam in
246 664 983 711 digne contradictorie quin est contrarie. ibidem. An par
247 708 782 757 uulus eam sumat, & an ei dare liceat.
928 711 983 759 xl. a-
208 752 985 804 Eucharistiam in mortali existens videns, aut si cecide
246 797 994 845 rit leuans, non peccat mortaliter vt sumens. xl. b
220 839 989 890 Fucharistia an sit danda ei quem sacerdos scit via
667 884 992 942 xliii. d. &. xliiii. a. b. c.
234 886 583 942 occulta in mortali esse
210 931 982 980 Eucharistiam non ieiuno sumere non licet. xlii. d. nisi
249 986 982 1027 in casu necessitatis. in quo vide quomodo, non ieiuno
244 1019 979 1067 consecrare liceat etiam in pane fermentato. xliii. bi
216 1063 992 1119 Fucharistia quomodo deneganda est eam in secre
237 1109 983 1157 to petenti si sit in mortali: & quid faciendum si que
243 1154 977 1201 rimoniam fecerit. xliiii. in si. d. Quomodo notorio
882 1199 980 1252 xlv. a
237 1198 694 1260 peccatori poenitentiam agenti.
216 1242 986 1296 Eucharistia an contineat realiter corpus & sangui
889 1288 987 1336 xlv. c.
244 1286 437 1341 nem Christi.
222 1334 982 1382 Eucharistia videatur in nomine corpus. In ea sunt quandam
252 1378 989 1422 secundum naturam, quaedam supra naturam intelligibi
244 1422 991 1469 lia: quaedam supra naturam & intellectum nostrum: secun-
240 1465 806 1525 dum antiquos. la. Quos improbat.
822 1472 864 1509 rt:
870 1466 991 1514 fo. l. b
232 1505 989 1556 Eucii Constantinopolitani episopi error. ccclxxxvii. d.
222 1555 983 1604 Eudoxus vir optimus in voluptate felicitatem po
235 1599 683 1657 suit: licet ipse esset temperatus.
833 1598 983 1655 ccclyiii. d.
216 1641 799 1706 Excommunicare quis possit, & quis soluere.
888 1646 980 1699 cxc. di
229 1689 983 1740 Excommunicatio an excludat excommunicatum a communione
235 1733 983 1787 aliorum mutua. clxxxviii. a. Quid sit. ibidem. c.
213 1769 988 1828 Excommunicato qui actus sint denegandi. clxxxviii. b
226 1823 974 1873 Excommunicatio non est ferenda nisi pro morta-
235 1866 983 1913 li contumacis. Et excommunicatus tenetur euitare
792 1911 977 1966 clxxxviii. di
235 1911 545 1970 alios vt alii ipsum.
213 1956 983 2011 Excommunicatio non est leuiter facienda: & si inique
807 1999 976 2054 clxxxix. bi
234 2000 589 2054 sit, non nocet coram deo.
214 2037 755 2091 Excommunicatio iniusta an sit timenda.
817 2045 983 2102 clxxxix. c.
754 2040 789 2094 i-
217 2092 980 2142 Excommunicationis effectus duo. cxc. b. An cadat
236 2134 508 2187 in vniuersitatem.
824 2135 988 2192 ibidem. c.
219 2172 733 2225 Effectus excommunicationis sunt duo.
883 2179 984 2234 cxc. b
216 2224 976 2275 Excommunicationis quae certitudo requiratur, vt te-
244 2269 986 2319 neamur fugere excomunicatum. cxci. c. An huius
237 2311 980 2358 modi communionis prohibitio cum excommunicato
241 2357 716 2409 sit de iure diuino an humano.
873 2356 971 2410 exci. di.
223 2396 845 2463 Excommunicationis materiae epilogus.
859 2400 984 2453 cxcii. b
223 2446 973 2500 Excommunicatus propter falsos testes, quia iudex
241 2491 977 2540 legitime processit, debet se coram populo gerere
228 2535 976 2587 pro excomunicato: & pati damna excommunicati: aut da
231 2579 508 2636 re quod non debet.
669 2582 976 2633 clxxxix. d. &. cxc. a.
214 2615 982 2668 Excommunicatum si vitari non vult sufficit vitare quan-
795 2665 986 2724 fo. cxc. a. b.
232 2668 623 2726 tum decenter possumus.
210 2710 980 2764 Excommunicato vtrum omnis participans peccet mor-
234 2758 713 2824 taliter. respondet per conclusiones.
871 2758 971 2823 cxci. a.
1148 206 1759 343 asprbabetica.
1074 339 1848 405 Exorcismus an sit necessarius baptismo. xxxiii. d.
1065 394 1514 451 Expiationis festi celebritas.
1699 397 1841 455 lxxuiii. ci-
1225 439 1541 499 Allere non potest deus.
1614 442 1837 496 ccclxxvii. b. c.
1221 479 1837 545 Famam alterius lacerans an teneatur re-
1264 527 1370 583 tituere.
1742 532 1829 582 cxi. a.
1173 557 1840 630 g Fama quid sit: & quot modis laceretur. ibi.
1056 624 1840 674 Fama qui laesit non sufficit petere veniam sine restitu
1086 664 1844 715 tione. cxii. a. Tenetur autem quilibet petere restitutio
1092 712 1835 765 nem famae aelo iustitiae no vindictae. ibidem.
1071 751 1838 799 Famam quibus & quomodo liceat negligere. cxuii. c.
1071 794 1844 842 Famae est consulendum etiam si nullum committatur
1083 839 1843 893 peccatum: vt in contractu suspecto de vsura: li-
1080 879 1330 935 cet non sit vsura
1549 885 1831 943 cxxxvii. b. in fine.
1072 926 1838 973 Famam proximi rodere an sit grande peccatum. cxcv. c.
1098 973 1421 1022 vide eius rei modos.
1645 974 1833 1025 bidem. &. d.
1069 1014 1832 1076 Famuli dominorum sumentes ante prandium suum aliquid
1092 1063 1831 1118 per modum medicinae ieiunare: possunt. lxxxviii. b
1566 1105 1832 1161 cclxxxvi. b. in fi.
1075 1105 1472 1167 bascinatio quomodo fiat.
1065 1151 1832 1197 Fauni & homines syluestres an sint daemones. aby. a.
1063 1196 1837 1245 Felicitas siue summum bonum an in bonis corporis
1077 1239 1394 1296 vel fortunae consistat.
1512 1239 1829 1296 ccclyiii. c. & tota. q. i.
1057 1280 1838 1341 Felicitas non est ponenda in corporis voluptatem in
1081 1330 1346 1374 lumine naturali.
1666 1331 1833 1387 ccclviii. d.
1069 1370 1839 1426 Felicitas consistit in vita contemplatiua, & non
1084 1416 1190 1473 actiua.
1692 1418 1837 1472 ccclx. a-
1060 1455 1622 1510 Ferarum dominium quo iure acquiratur.
1735 1465 1820 1520 ciii. c.
1699 1474 1733 1520 a-
1066 1507 1828 1559 Fictus & non volens vtrum recipiant sacramentum. xxvi. de
1057 1555 1829 1606 Fictus duplex. xxvii. a. Prior non recipit sacramen
1080 1596 1381 1653 tum, sed posterior.
1696 1598 1839 1654 xxvii. c.
1062 1635 1829 1691 Fides catholica habet motiua naturalia sufficien
1078 1683 1531 1744 tia ad persuadendum gentili.
1752 1687 1837 1742 vi. a.
1060 1729 1822 1800 Fides an semper maior habenda sit pluribus, quam
1081 1774 1280 1828 paucioribus.
1743 1776 1825 1831 vi. a-
1068 1831 1835 1874 Fides maior habenda est paucis doctis, & fide di-
1078 1863 1370 1925 gnis quam multis aliis.
1761 1868 1822 1919 vi. a.
1068 1906 1627 1970 tides quare non sit per doctos plantata.
1660 1909 1824 1964 viii. d.
1066 1954 1823 2004 Fidem confiteri non semper est necesse ccclxxxiiii. d.
1065 2000 1822 2047 Fidem confiteri in aliquo tempore necessarium
1073 2041 1201 2092 est. folio
1632 2043 1823 2096 ccclxxxv. a-
1059 2089 1829 2143 Fidelis an possit habere infidelem vxorem. cccxxi.
1080 2129 1320 2188 d. & sequenti. a.
1062 2171 1838 2239 Filius relinquens parentem in extrema, necessitate
1071 2218 1545 2278 male facit religionem profitendo.
1698 2222 1823 2279 cccix. a.
1063 2264 1823 2316 Filius religiosus tenetur coenobio egredi, vt pa-
1081 2310 1826 2361 rentibus aliunde sustentationem habere non va
1086 2355 1372 2408 lentibus succurrat.
1692 2351 1830 2404 ibidem.
1633 2359 1658 2410 t-
1061 2395 1826 2446 Finium cognoscendorum regulae bonae. ccxlviii. a.
1054 2443 1823 2509 Foemiae an resurgent in sexu masculino. cccxxxvi.
1077 2487 1306 2545 d. & sequenti. a
1057 2527 1610 2583 Forma baptizantium in nomine Christi.
1725 2522 1823 2584 xx. b
1054 2577 1552 2639 Forma qua baptizamus est vera.
1686 2578 1823 2632 xxi. a. b
1054 2620 1828 2671 Forma aliquam an impartibiliter aliam excedat. cccliui. b. c.
1057 2666 1826 2712 Forma non est summum bonum seu btintudo. ccclix. d.
1053 2713 1816 2761 Fortis moraliter non necessario est robusto cor-
1078 2754 1172 2830 pore.
1701 2759 1837 2832 exvi. e
