2304 3332
656 171 1692 311 uansignium atoteriorum
1233 307 2010 363 Confessus fratribus mendicantibus sine venia curati seu
388 308 1170 383 Coenobii hona expendens contra intentionem regulae
1012 358 1164 412 ceci. b. c.
436 354 719 415 grauissime peccat.
1264 358 2008 416 plebani, an teneatur illa peccata iterum confiteri proprio sa
402 400 1161 455 Cognatio spiritualis & legalis an impediant ma-
1273 400 2011 456 cerdoti. clxxxi. a. Tenet quod papa potest dare facul-
430 446 617 500 trimonium.
804 442 1174 503 cccxxvii. tota. qui. vnica.
1260 448 2013 504 tatem sacerdoti audiendi confessiones in cura plebani
1262 492 2017 549 non requisita eius venia. ibidem. Et parochiani possunt
391 483 1170 553 Cognoscere suam causa prolis generandae tpore, loco, &
434 540 1167 584 modo debito est actus bonus moraliter & in ha
1256 534 2013 581 illi confiteri. ibidem. c. praestat tamen curato. ibidem. c.
989 577 1167 631 cclxxvii. d.
437 584 810 631 bente gratiam meritorius.
1240 576 2016 636 Confiteri si tamten semel in anno quilibet tenetur, qua-
395 619 1169 683 Collegiorum primarii an peccent dando vinum di-
1266 628 1715 680 re dicitur in canone regulariter.
1856 625 2020 677 clxxiiii. c.
427 672 1170 720 lutum pro mero. & qualiter collegia sint instituen
1256 671 2017 718 Confiteri an quilibet teneatur omnia peccata sua semel in anno
926 709 1164 768 cliii. d. &. cliiii. a.
441 713 705 770 da & coseruanda.
1274 715 2019 772 & an proprio sacerdoti: & si omnia: quomodo est oblita: & qualem
409 759 1166 819 Columbarium tenens vt columbos alieno nutriat, fu
1262 759 2015 827 peccatorum indaginem debeat facere. clxxiiii. d. & sequi.
1038 801 1174 854 cxxxi. a.
450 799 780 857 ratur eorum victum.
1250 804 2022 852 Confiteri quando non expediat vni omnia vide casus
406 833 1177 900 Commentatoris error pessimus: ac minor ei dan-
1262 846 1341 899 folio
1824 845 2016 904 clxxix. b. c.
1000 892 1163 941 cccxxxi. a.
439 888 660 945 da venia. folio
1253 891 2016 946 Confiteri quomodo liceat & deceat pluries eadem pec-
416 928 1179 995 Commentator in rebus diuinis fuit inconstantissi-
1256 936 1654 994 cata praesertim religiosos.
1760 934 2010 988 clxxix. d. & sequi.
436 978 1178 1044 mus. ccclxiii. b. In errore tamen Mahumeti in quo
1249 981 2012 1034 Confiteri iterato laicus rite confessus & absolutus ab il-
444 1028 984 1077 natus erat non permansit intrinsecus.
1043 1015 1179 1076 ibidem.
1268 1024 2013 1075 lo qui potuit absoluere, post peccatorum sufficientem inda
417 1067 1176 1121 Commercium cum daemodoibus summe cauendum. cclxxxvii. bi
1270 1073 2015 1125 ginem non tenetur eadem peccata: etiam si poenitentiam sit obli
410 1110 1183 1171 Communicare praestat quam non communicare dum quis potest / licet
1274 1117 2016 1163 tus, & aliud peccatum post confessionem occurrat. xrsr. a.
929 1154 1177 1213 xliii. c. in dubio.
438 1153 636 1215 non teneatur.
1259 1158 2022 1212 Confitens non potest sacerdoti dare facultatem reuelan
415 1188 1178 1260 Communicatio an debeat fieri etiam a laico sub
1273 1203 2021 1261 di peccatum suum: sed si opus est vt reueletur, dicat
1047 1245 1186 1301 lxxvi. a.
447 1245 652 1300 vtraque specie.
1280 1246 1541 1301 extra confessionem.
1914 1246 2022 1301 ccii. d.
424 1288 941 1348 Communio triplex inter homines.
953 1287 1172 1345 clxxxviii. a. b
1269 1291 2015 1340 confitentem non absoluendum absoluens si non potest
424 1331 897 1388 Comprehendere dupliciter accipitur.
1002 1334 1180 1390 ccclxxiii. b
1268 1333 2026 1388 suum peccatum confiteri sine reuelatione peccati illius
423 1376 1186 1436 Conclusiones de pluralitate beneficiorum quas posuit
1267 1378 1698 1428 confessi: non tenetur confiteri.
1907 1379 2022 1435 cciiii. a.
908 1421 1173 1480 fo. coxxxi, & sequi-
446 1420 826 1480 qui. xii. impugnat. qui. xiii.
1256 1424 2028 1478 Confitens potest quaedam reuelare audita ab audiente,
827 1437 884 1473 re qu
426 1466 1179 1523 Concretum & abstractum interdum supponunt
1272 1474 1776 1524 nulla tamen audiens ab eo dicta.
1912 1469 2029 1523 cciiii. c.
467 1510 631 1559 pro eodem.
1065 1512 1174 1567 ccclxi. a
1270 1512 2017 1561 Confirmatio an sit sacramentum iterabile. xxxviii. c.
1094 1559 1170 1610 exi. c
422 1549 1007 1609 Coditio adiecta an impediat baptismum.
1279 1559 2022 1618 & quid sit ibidem. & quae eius forma & c. consequen
416 1599 1188 1660 Conditionalis proposteo in qua(su illatiue sumitur, quid ad
1278 1605 2023 1654 ter. Est sacramentum nouae legis distinctum. xxxv. a.
1286 1646 2027 1693 & non debet iterari. xxxv. b. An sit a Christo in-
453 1644 1192 1715 sui veritatem requirat: & quid ea in qua (sue promis
461 1687 677 1747 siue accipitur.
1006 1688 1191 1743 coxciii. a. b
1290 1689 1756 1749 titurum: & quem habeat ministrum.
1847 1690 2029 1746 xxxv. c. di.
421 1729 1190 1790 Conductor quibus casibus teneatur leuissima cul
1272 1733 2028 1788 Confirmatio an sit maior baptismo. xxxvi. a. Fan
455 1777 750 1839 pa ad reddendum.
1282 1781 1692 1839 iterans quam poenam incurrat.
1048 1779 1191 1835 clxi. c. d.
1901 1779 2028 1833 bidem.
1271 1824 2027 1874 Coniugatus post carnalem copulam religionem
412 1811 1188 1882 Cofessio vocalis quo iure sit introducta. tenet quod
454 1871 822 1926 iure diuino legis gratiae.
1071 1869 1194 1921 clxx. a.
1290 1869 1848 1924 issumens contradicente vxore, & ei
1862 1871 2027 1923 restitutus,
1054 1907 1181 1966 clxix. d.
416 1895 918 1969 Contritio an sit pars poenitentiae.
1874 1914 2011 1966 profiteri.
1280 1919 1839 1978 non tenetur ea mortua religionem
1059 1958 1194 2011 clxxii. a.
431 1950 939 2015 Confessio non obligat infidelem.
1284 1955 1384 2014 folio.
1868 1958 2017 2012 tclxxxi. a.
422 2002 1181 2057 Confessio vocalis est difficillima prars legis gra-
1264 2000 2026 2057 Coniugatus non habet tam plenum dominium in proprium
461 2036 793 2104 tiae: sed praelurimum vtilis.
1280 2046 1683 2107 corpus quam non coniugatus.
938 2049 1193 2100 clxxii. a. in fine.
1842 2047 2031 2103 cclxxxix. c.
1269 2091 2032 2147 Coniugatorum status mutatio post carnalem copulam
418 2072 1189 2148 Confessionis praeceptum non obligat ad impossibile
461 2141 928 2191 quia nullum nisi quatenus potest.
1842 2135 2029 2193 tclxxxi. c. d.
1055 2133 1182 2191 clxxii. b
1290 2134 1632 2194 quomodo fieri possit.
432 2177 1190 2243 Confessionem quilibet adultus facere tenetur semel
1262 2181 2032 2232 Coniugum vnus an possit vouere sine consensu
1286 2226 1407 2275 alterius.
464 2223 964 2281 in anno sub poena peccati mor.
1091 2222 1190 2283 clxxii.
1555 2226 2020 2283 cclxxx. d. in fi. & tota illa. q. ii.
433 2264 957 2323 Confessionis partitio quomodo toleretur.
1034 2267 1185 2321 clxxix. b
1277 2272 2031 2321 Coniugem occidere an grauius sit crimen, an al-
1286 2313 1549 2371 terum parentem.
434 2313 1181 2371 Confessus legitime fratribus ad hoc admissis a
1829 2313 2028 2361 cclxxxix. b
467 2364 1200 2417 papa non tenetur eadem confiteri proprio sacerdo-
1270 2354 1668 2413 Consanguinitas quid sit.
1839 2359 2028 2413 cccxxxii. b
459 2404 1193 2456 ti quem curatum vocant. clxxxii. a. b etiam si curatus
1265 2403 2028 2448 Consanguinitas diuiditur in lineam rectam & colla
920 2445 1201 2501 clxxxii. b. in fine.
461 2441 657 2503 id precipiat.
1286 2446 1916 2496 teralem. ibidem. De gradibus eo. fo. c. d.
429 2461 1192 2549 Confessus si non poenituit. i. si non proposuit cauere in
1269 2488 2028 2541 Consanguinitas an impediat matrimonium. fo-
476 2539 1194 2587 posterum, an teneatur iterare confessionem. clxxxvi. c.
1288 2534 1629 2592 lio. cccxxiii. tota. q. ii.
437 2574 1191 2637 Confessio ficta est iteranda. clxxxvi. c. &. clxxxvii. b
1272 2575 2022 2630 Consanguinitatis gradus quare matrimonio pro
430 2621 934 2674 Confessionem concernentium epilogus.
1290 2624 1455 2679 hibeantur.
1733 2623 2038 2681 cccxxv. d. & sequi. a.
1023 2620 1197 2682 clxxxvi. d.
436 2671 1194 2740 Confessionis secretum vtrum sacerdoti liceat quo-
1274 2669 2040 2728 Consanguinitas in linea recta protenditur in abys
474 2711 757 2784 uis modo reuelare.
1097 2713 1200 2777 ccii. b
1289 2712 1454 2784 sum. folio
1835 2713 2030 2784 cccxxxiii. d.
