2357 3328
565 205 899 306 Q. quibuto
294 299 1009 376 decet autem reseruare sibi casus occultos, hoc
298 369 1010 416 est peccata voluntatis non exeuntia in actum: nec car
304 410 1013 462 nalia minoris culpae: nec alia de quibus verosimile
298 459 1022 512 est quod plures peccarent omittendo confiteri, quam caue
306 493 1007 549 rent peccare propter reseruationem. clxxix. a. b
257 541 1006 608 Restituere per ludu acquisita licet sit securius: noi
328 585 1015 637 tamen id docere necessarium est securius. cvii. bi
262 630 1013 682 Restituere an teneatur homo quae acquisiuit per praescri-
340 675 754 727 tionem vel vsucapionem.
909 674 1016 726 ciiii. a-
268 718 1016 770 Restitutione facienda an aliquis sefuandus sit or
315 764 658 822 do: & qualis seu quis.
883 763 1016 817 clxix. bi
268 806 689 865 Restitutio simoniae cui fiat.
913 810 1020 859 cclvy. c-
259 854 1021 901 Resurgens per poenitentiam a peccato, an resurgatur
294 896 1006 954 ad priora merita & gratiam. cciiii. d. Et tenet quod
295 943 1012 990 resurgat ad maiorem gratiam. ccv. c. ltem ad maiore
898 986 1010 1039 ibidem.
294 982 761 1043 beatirudinem quam prius habuisset.
265 1019 1019 1089 Resurrectio hominum futura non potest ostendi
856 1079 1022 1130 cccxxx. c.
286 1076 470 1125 naturaliter.
256 1116 1013 1171 Resurrectio hominium generalis an sit futura: & resui
646 1163 1015 1219 cccxxxiii. d. & tota. qui. vt
297 1162 536 1224 gendi modus.
568 1171 593 1209 squ
268 1207 1010 1269 Retrahens aliquem a professione religionis an tenea
303 1250 805 1309 tur restituere aliquid religioni.
838 1250 1012 1303 cccxiiii. c. di
267 1295 1012 1364 Rex non potest transferre ius regni. in quencumque velit
940 1340 1012 1390 ciii. bi
306 1343 793 1397 nec praetendere ius alterius regni.
256 1383 1016 1440 Rex Romanorum in quibus papae obedire debeat
901 1432 1013 1481 cxxi. c
308 1429 350 1481 fo-
271 1464 671 1530 Rex an possit legitimare.
844 1473 1018 1525 cccxxvi. di
262 1518 1015 1563 Robur non est summum bonum seu btintudo. ccclix. c
255 1563 1013 1613 Romana ecclesia an habeat dominium rerum quibus
871 1608 1012 1656 cccyi. c. de
315 1607 707 1657 vtuntur fratres Minores
255 1649 1019 1704 Romanus pontifex potest dispensare cum religioso
289 1698 1012 1739 simplici, vt vxorem ducat. cccvii. & tota. qui. xiiii
261 1736 1013 1792 Rubrica intricata de conversi coniug. explicatur
829 1780 1022 1837 c clxxxi. c. d.
315 1787 374 1830 fo.
444 1827 1016 1888 Abbatum ludaeis erat celebrius quam quandam
291 1831 411 1930 a-
471 1870 622 1920 alia festa.
885 1872 1007 1927 lxxiii. b
457 1908 1010 1973 Sacerdos baptizans alienum non effici
279 1912 380 2013 ge
398 1931 1016 2015 irregularis: licet ordinans eum. xxxi. c
268 2005 1019 2061 Sacerdos tenens paruulum baptizandum iamiam mori-
307 2053 1013 2097 turum, & videns hostem a quo nouit se interimer
300 2092 1024 2147 dum: debet potius paruulum baptizare quam fugien
296 2136 581 2192 do vitam seruare
892 2140 1013 2189 cxxii. c
811 2187 844 2230 i
261 2172 806 2239 Sacerdos proprius qui sit dicendus.
858 2179 1022 2235 clxxxii. b
270 2228 1013 2276 Sacerdos euangelicus an virtute sacramenti pee
289 2268 769 2320 nitentiae tollat aliquid de culpa.
843 2269 1013 2328 clxxxvii. c
258 2318 1012 2363 Sacerdos vtrum teneatur celare peccatum sibi in con
313 2355 611 2411 fessione detectum.
921 2360 1007 2411 ccii. be
261 2390 1025 2449 Sacerdos sciens per confessionem socii sceleris se interfi
294 2448 1013 2495 ciendum si nemus intrauerit, non debet nemus intra
294 2489 1012 2537 re: sed ne confessionem per hoc reuelet: dicet sibi ni
292 2534 1013 2586 gocium necessarium esse alibi, in quo non mentir
285 2580 362 2633 tur.
928 2581 1013 2634 ccii. c
271 2601 1021 2680 Sacerdotem an papa possit dispensare ad contra
297 2667 767 2722 hendum postea matrimonium.
904 2669 1010 2722 coxi. a
261 2716 1018 2770 Sacerdos in occidentali ecclesia si prius contraxe
1161 205 1798 313 Aupropopeticam.
1137 296 1858 370 rit quam fiat sacerdos potest vxorem tenere, & ei in
1143 367 1841 424 occulto debitum reddere: sed non debet benefi
1144 415 1547 474 cio ecclesiastico gauderae.
1722 408 1856 472 cclxi. da
1099 443 1432 509 Sacramenti definitio
1762 451 1853 505 xii. a.
1101 482 1700 552 Sacramentum non potest institui a puro homine-
1768 495 1856 548 xii. b
1097 545 1852 607 Sacramenti effectus duo. character in tribus, &
1150 587 1455 640 gratia in omnibus.
1755 585 1847 638 xii. de
1098 606 1863 688 Sacramenta nouae legis an habeant aliquam causa-
1141 679 1860 742 litatem respectu charecteris & ornatus in ani-
1141 720 1205 774 ma-
1750 716 1850 777 xii. d.
1105 737 1857 832 Sacramenta alia & alia an debebant esse pro di-
1152 807 1439 863 uersis temporibus
1756 812 1856 863 xv. a-
1098 840 1855 906 Sacramenta in remedium peccatorum fuerunt aliqua
1138 897 1847 948 in omni lege. xvi. b. Congruum autem fuit diuersis
1146 945 1852 989 temporibus habere diuersa. ibidem. Non autem fuissent
1143 983 1849 1037 in statu innocentiae, nec erunt in patria. xvi. c. in prima
1101 1024 1850 1076 Sacramenta licet cuique suscipere a superiore suo
1732 1069 1856 1129 xxxi. a-
1144 1069 1553 1135 malo non praeciso ab ecclesia
1096 1115 1844 1166 Sacramenta ecclesiae quomodo probentur plura
1609 1158 1856 1218 xxxvii. in fine-
1149 1158 1313 1219 quam septem.
1098 1200 1849 1254 Salomon in deum ingratissimus: cclxxxii. di
1600 1248 1859 1306 cccxlviii. b. qui. v.
1095 1251 1516 1297 Sancti an orent pro nobis
1098 1295 1859 1342 Sancti quomodo cognoscant orones notras. cccxlviii. c-
1101 1338 1855 1404 Sanguis menstruus in praegnante trifariam scin
1702 1380 1850 1434 cclxxx. ci
1158 1383 1230 1434 ditur
1098 1407 1859 1474 Satisfacere deo pro peccato an quis possit. lxxxiii. a-
1107 1468 1847 1522 Satisfacere an post quis in peccato mortali. lxxxiii. c.
1150 1515 1856 1572 hoc est an quis manens in peccato mortali.
1153 1559 1858 1619 possit reconciliari deo de alio peccato mortali
1695 1603 1850 1656 lxxxiiii. c.
1144 1604 1477 1664 ibidem. Tenet quod sic-
1701 1647 1857 1704 lxxxiii. c.
1110 1647 1408 1705 Satisfactio quid sit
1107 1677 1616 1752 Satisfacere an quis possit pro alio-
1707 1691 1840 1744 cxcvii. a
1108 1736 1667 1798 Satisfactorium ac non satisfactorium o
1690 1734 1859 1790 pus an sint
1131 1784 1611 1839 aeque meritoria caeteris paribus.
1704 1782 1855 1831 lxxxv. c.
1105 1824 1666 1880 Satisfactio an fiat solum per poenalia
1696 1821 1854 1877 lxxxvi. c.
1105 1867 1859 1923 Scandalum Pharissaeorum non est ponderandum: hoc est
1144 1911 1565 1969 scandalum acceptum inique
1672 1914 1847 1970 cxxxviii. a
1101 1961 1856 2017 Scandalum quid dicatur. Scandali partitio. Scari
1140 2002 1354 2056 dali definitio.-
1717 2004 1856 2063 cccxx. a.
1102 2035 1850 2101 Scandalum omne actiuum est peccatum: similiter pas
1131 2092 1853 2145 siuum. cccxx. b. Propter scandalum nullum opus prae
1149 2137 1846 2187 cepti est omittlendum: sed opus consilii est relin-
1158 2183 1857 2237 quendum vedifferendum propter scandalum.
1152 2222 1571 2282 similiter actus indifferens.
1716 2224 1847 2273 ibidem.
1101 2260 1855 2329 Scandalum contrauenit charitati fraternae. fo-
1710 2314 1856 2366 cccxxi. a.
1135 2315 1193 2366 lio.
1704 2355 1851 2406 xxiiii. d.
1102 2340 1576 2406 Schisma in primitiua ecclesia,
1105 2394 1850 2458 Scientia magna an requiratur in episcopo. cexix. c.
1153 2446 1849 2496 &. ccxx. a. Sed qualis aut quae requiratur in be
1145 2489 1300 2544 neficiato.
1725 2495 1847 2550 ccxx. c.
1110 2511 1856 2589 Scientiae externae ad theologiam tamen facientes sunt
1137 2580 1849 2638 a theologo tractandae. i. b. Etiam quarundam peri-
1146 2622 1440 2678 tia est ei necessaria.
1809 2633 1853 2684 . c.
1111 2661 1859 2738 Scientiarum alienarum opiniones admiscere theo
1149 2712 1348 2780 logicis licet.
1798 2714 1853 2780 i. c-
