2342 3270
254 166 1155 215 as by wedlocke there doth spring up a
257 233 1145 284 great number of men ye acknowledge,
262 300 1152 343 call upon, & worship god as they ought
269 361 1150 409 to doe. The thirde cause why matri
259 428 1152 472 monie was ordeined, ye Apostle Paule
261 489 1152 540 expresseth in these wordes: To avoide
261 553 1147 598 whoredome let everie man have his
256 615 1156 663 owne wife, and every woman her own
257 681 1152 729 husband. It were good and expedient
258 746 1156 793 for a man not to touch a woman, and
257 811 1163 858 to live single, but because this is not
262 877 1155 925 given to all men, as ye Lord in the Gos
262 944 1158 994 pell testifieth, & that concupiscence of
265 1008 1155 1056 the flesh doeth for the most part, burne
256 1073 1158 1121 the greatest sort of men, the Lord hath
267 1137 1162 1184 appointed marriage to be as it were a
262 1201 1158 1249 remedie against that heate, as the A
263 1267 1156 1314 postle in another place witnesseth, say
268 1329 1152 1378 ing: Let them marry which cannot ab
262 1393 1156 1441 staine: for it is better to marrie than to
259 1458 1154 1506 burne. By this we learne that the na
267 1524 1157 1573 turall copanie of a man with his own
265 1577 1165 1631 wife, is not reputed for a fault or un
268 1654 1159 1703 cleannesse in the fight of God. Whore
265 1709 1169 1758 dome is uncleannesse in the eies of the
262 1784 1155 1832 Lord, because it is directly contrary to
261 1847 1153 1895 the lawe of God. But God hath allow
268 1912 1156 1961 ed wedlocke and blessed it, therefore
259 1977 1155 2025 married folkes are sanctified by ye bles
257 2041 1156 2089 sing of God through faith and obedi
270 2106 1154 2153 ence. Neither lacke we here anie evi
261 2169 1162 2219 dent argumentes, and testimonies of
269 2234 1155 2284 Paule to prove it by. For to the He
261 2298 1155 2346 brewes he saide: Wedlocke is honor
266 2359 1145 2408 able among al men, and teh bed undefi
258 2423 1152 2474 led: but whoremonders and adulte
262 2489 1154 2545 rers God will judge. the Apostle here
257 2556 1156 2609 spake verie reverently, and by the bed
261 2622 1161 2672 he understood the naturall company of
261 2686 1156 2737 a man with his wife, which he saieth
267 2752 1158 2801 plainely is undefiled. What God hath
261 2816 1158 2865 made cleane, who shall call uncleane?
265 2879 1145 2930 who can denie, ye to ye cleane all things
261 2943 1162 2994 are cleane? Paphnutius therefore both
253 3007 1154 3061 bishop and coufessour judging rightly
251 3075 1153 3125 of this, did in the Nicene coucell say o
1194 164 2106 214 openly: That the lying of a man with his
1191 230 2100 277 owne wife is chastitie. Neither was
1198 295 2100 343 the most modest Apostle ashamed to
1197 360 2097 408 make lawes betwixt a ma & his wife.
1201 424 2093 473 For to the Corinthians he saith, Let
1193 488 2087 532 the husband give to the wife due bene
1199 550 2095 598 volence: likewise also the wife to the
1198 614 2101 662 husband. The wife hath not the power
1202 679 2099 729 of her owne bodie, but the husbande:
1201 744 2092 792 likewise also the husband hath not the
1204 809 2104 858 power of his owne bodie, but the wife.
1202 875 2101 921 Defraude ye not the one the other, ex
1199 939 2098 986 cept it be with both your consents for
1203 1004 2102 1051 a time, that ye may give your selves to
1207 1068 2102 1115 fasting and to prayer: and afterwarde
1200 1133 2110 1180 come together againe, that fathan tept
1205 1198 2105 1249 you not for your incontinencie. These
1209 1266 2104 1313 words of ye Apostle are so evident, that
1207 1331 2104 1378 they neede no exposition at all. In the
1208 1392 2105 1443 same Epistle againe he saith: If thou
1202 1454 2111 1509 marriest a wife, thou sinnest not. And
1208 1522 2101 1572 againe, If a virgine marry, she hath not
1201 1589 2101 1636 sinned. Now what is more excellent,
1209 1651 2101 1703 pure and holy, than virginitie is? But
1206 1716 2098 1767 a virgine sinneth not if the change vir
1210 1784 2102 1834 ginitie for holy matrimonie. Very wel
1211 1848 2101 1896 therefore doeth Chrysostome in a cer
1211 1911 2109 1960 taine homilie say, The first degree of
1205 1976 2110 2021 chastitie is unspotted virginitie, the 2.
1201 2039 2106 2087 is faithfull wedlocke. S. Augustine also
1209 2108 2103 2155 calleth marriage chastity or cotinency:
1210 2173 2101 2219 the place is to be seene in the 19. and 20.
1205 2234 2098 2285 cha. de bono coning ali, and in the 198. E
1213 2299 2102 2349 pist. This is the head fro whence doth
1212 2364 2104 2415 spring ye greatest part of publique ho
1206 2427 2110 2477 nestie. For God alloweth wedlock, but
1206 2494 2105 2542 disalloweth fornication and all kind of
1214 2558 2103 2605 uncleannes. It pleased him by his or
1205 2623 2109 2671 dinance to exclude al uncleannes from
1211 2687 2102 2736 his beleeving servants. Let the saints
1212 2753 2103 2802 therefore, but magistrates especially,
1205 2817 2098 2865 have an especiall eye, not to be slacke
1207 2879 2104 2929 in promoting holie wedlocke, but di
1209 2946 2108 2994 ligent to punish severely all filthie for
1201 3011 1985 3057 nication and other uncleannesse.
1205 3070 2101 3121 This I have hitherto rehearsed some
