2342 3270
240 159 1152 212 is, that all pastors in everie congrega
254 223 1150 275 tion should teach sobrietie, temperan
249 289 1150 340 cie, and the true fast in deede: not pre
244 353 1155 404 suming to prescribe any lawes for the
247 398 1145 470 choice of meates or times, but leaving
254 483 1154 536 that free to every man & nation, who
253 548 1155 598 undoubtedly will have an especial eye
247 611 1138 662 to temper theselves from the thinges,
250 675 1151 727 by which they perceive ye their health
249 741 1145 791 wilbe indaungered, but most of all in
254 804 1146 857 the time when the fleshe beginneth to
254 869 1154 923 waxe over wanton, or whe some great
265 936 1150 989 peril hangeth over their head. For the
257 998 1146 1050 time of fasting is not proroged till an
266 1064 1148 1115 appointed number of yeares or dayes
262 1126 1152 1181 be expired, but til the loosenes or wan
257 1194 1146 1245 tonnesse of the flesh, temptations, or
256 1257 1146 1306 motions be utterly brideled. Fastings
262 1321 1146 1373 being so ordered, as they be the exerci
261 1387 1153 1438 ses of godlines, obteine great praise in
251 1452 1145 1500 deede in the Church of the Lord.
277 1514 1147 1571 THus much hitherto touching fa
253 1580 1156 1633 sting. Now so that uppe this seventh
259 1646 1157 1701 precept, I say it forbiddeth al intem
259 1712 1145 1765 perauncie, it commaundeth dolinesse,
254 1776 1150 1826 and the cleane and lawefull use of all
255 1840 1153 1890 the members of the whole bodie: and
257 1906 1154 1955 therefore in this short precept there
257 1969 1145 2017 is conteined a good part of the doctrine
261 2037 1156 2083 of Christ and his Apostles. For Paule
258 2095 1149 2147 to the Thessalonians sayeth: We be
251 2162 1156 2207 seech you brethren, and exhort you
242 2206 1156 2271 by the Lorde Jesus, that yee increase
251 2289 1153 2338 more and more, as yee have received
257 2355 1152 2404 of us, howe ye ought to walke, and to
1203 154 2090 202 please God. For ye knowe what com
1202 220 2090 268 maundementes wee gave you by the
1198 286 2095 333 Lorde Jesus. For this is the will of God
1194 349 2082 398 even your holinesse, that ye should ab
1195 416 2100 464 steine from fornication, that everie
1197 481 2091 528 one of you should knowe how to pos
1204 546 2090 594 sesse his vessel in holinesse and honour,
1194 610 2089 657 not in the lust of concupiscence as the
1198 674 2100 721 Gentiles which knewe not GOD.
1201 738 2097 787 God is a revenger of all such as wee
1197 802 2006 850 have forewarned you and testified.
1197 865 2094 916 For God hath not called us unto un
1200 936 2094 982 cleannesse, but unto holinesse. And
1198 998 2093 1048 straight way after againe: The God
1205 1064 2092 1114 of peace sanctifie you throughout,
1198 1129 2096 1176 that your whoale spirite, and soule,
1204 1191 2088 1240 and bodie, may bee preserved blame
1197 1258 2099 1307 lesse in the comming of our Lord Jesus
1210 1322 1374 1372 Christ.
1267 1387 2094 1441 I have againe my brethren, passed
1194 1452 2090 1504 beyond the appointed time of an ordi
1196 1518 2095 1569 nary sermon, staying you longer than
1202 1583 2097 1632 I am wont to doe. Pardon this fault,
1198 1648 2102 1697 for (I hope) I have not troubled you
1201 1711 2094 1763 almost two whole houres, without
1195 1775 2094 1833 profiting you any whit at all. Make
1213 1840 2100 1894 your prayers now, & depart in peace.
1200 1903 2106 1955 By the helpe and wil of God I will
1198 1970 2098 2019 within these fewe dayes adde the rest
1264 2034 2050 2085 of the tenne commaundements.
1306 2099 1986 2149 The grace of our Lorde and
1359 2165 1924 2214 savior Jesus Christ be
1473 2230 1795 2278 with you all.
1552 2292 1710 2338 Amen
690 2554 1624 2608 The ende of the first Tome contey
881 2631 1395 2682 ning two Decades.
