1759 2500
345 224 957 276 quantum iste posset et quotiens meritorie ex habita
343 269 935 301 charitate bene operari quod erat michi inconve¬
347 291 931 325 niens quia per istam maximam gratiam ita laudabilia vel
344 320 933 355 laudabiliora redduntur noua opera bona equalia
340 347 935 387 prioribus sicut priora similia per gratiam minorem
353 379 929 417 verum est quod hoc argumentum poderaui precise propter
342 403 938 440 decretum A quae damnat pro errore quod aliquis in via possit
345 436 927 468 venire ad maximam gram ita quod vlterius non posset
347 458 931 499 proficere et quia non minus in anima possunt simul reci
348 486 939 527 pi due gratie et per consequens gratia ex illis composi¬
345 518 931 551 ta per iraculum quarum vtraque circunscripta reli¬
348 541 939 583 qua repleret illam quam duo corpora. Et quarto quia omni
339 570 940 604 corpore tante extensionis quod sufficit replere locum
341 601 941 638 datum posset facere deus corpus in duplo melius
346 632 935 666 equalis tamen extensionis queritur igitur non pro¬
341 653 943 697 portionaliter in proposito vel beatitudine tante la
346 688 936 722 titudinis quanta posset repleri ipsa naturaliter ca¬
350 712 935 752 pacitas anime. Item alius socius arguit primo con
348 742 940 775 tra illud quod anima repleta est cognitione vna alicuius
349 767 940 805 speciei respectu alicuius obiecti potest ista stante re
340 797 937 834 cipere cognitionem alterius speciei vt si cognosceret
349 821 937 859 rem in proprio genere posset cum tali cognitione ip¬
351 853 943 886 sam replere aliam rem cognoscere in verbo. Contra
348 881 935 913 ille quae sunt alterius rationis minus compatiuntur se
350 908 944 946 quam illa que sunt eiusdem rationis vnde 7 ethicorum
350 939 945 971 cap. vltimo delectatio expellit omnem tristitiam non
350 965 935 1000 solum contrariam sed continentem. Secundo arguit con
349 992 936 1028 tra illud quod vas repletum vno corpore potest simul
347 1021 941 1057 capere aliquod aliud equale et secundum et tertium mi
350 1049 939 1082 raculose et tertium et non naturaliter. ⁋ Contra nul
349 1080 943 1111 lum penitus est miraculum ex parte pixidis in alta
347 1109 937 1144 ri quae continet totum corpus Christi sed solum ex parte con¬
353 1130 944 1168 tenti igitur similiter in proposito probatur contra id quod di
345 1163 941 1200 xi quod deus non tantum premiauit animam Christi in princi¬
353 1195 942 1228 pio quantum potuisset. Contra sic deus premiauit
354 1224 942 1253 istam animam quod verbum fuit illi anime cognitio beatifica et
345 1247 942 1282 fruitio et beatifica dilectio igitur contulit sibi tam
353 1275 942 1310 tam ac talem beatitudinem quanta et qualis ipse deus
346 1307 935 1337 est beatus et maius premium sibi conferre non po¬
347 1330 939 1366 tuit igitur Antecedens probatur per hoc quod secundum magistrum
353 1362 936 1393 anima Christi cognoscit omnia que et verbu sed hoc non esset
356 1388 935 1420 verum nisi verbum esset illi anime cognitio igitur et. Con¬
350 1421 945 1452 tra illos qui dicunt quod si cetera sint paria non augmen¬
350 1445 944 1476 tatur gratia vel premium per sola similia opera in
350 1474 938 1507 qualitate vel quantitate sed per meliora et intensiora
351 1501 935 1532 velle vel melius circunstantionata et ad hoc mo¬
351 1522 943 1559 uet eos precise quod Christus non meruit sibi post primum
354 1556 940 1592 instans cuius non potest assignari ratio alia nisi quod
356 1586 943 1620 nunquam post habuit meliora vel feruentiora bona vel
353 1615 927 1644 le quam tunc neque melius circunstantionata meriti.
349 1639 945 1676 Arguo sic quia tunc sine fructu iteraretur praecise ope
350 1670 940 1703 ra similia et per consequens tantum expediret homini dormire
351 1695 940 1728 sicut cetera iterare et tunc inutile esset homini ex equali
351 1724 934 1761 precise deuotione omni die veneris in pane et aqua
348 1756 945 1787 ieiunare et etc. de operibus consimilibus et tunc se¬
354 1786 943 1814 quitur quod omni homini qui nunquam feruentius operabi¬
350 1808 944 1841 tur quam iam fecit expediret statim post primum actum
352 1837 932 1870 tolli de medio tantum sicut mille annis semper vi
351 1868 932 1900 uere et cotidie sola similia replicare. Sed ista do
357 1893 939 1925 ctrina esset valde a bonis opibus retractiua nec
349 1921 944 1955 sufficit respondere quod Impossibile est frequentare¬
355 1946 944 1981 omnia opera similia ymo redderentur ex circunstantia
351 1977 945 2013 aliqua meliora opera sequentia quam priora quia tunc
347 2000 943 2041 quod ad nullum maximum gradu meriti secundum intensio
351 2033 944 2068 nem poterit esse status et hoc est intentum meum
351 2061 939 2113 Item ex hoc sequitur quod si quis staret tota die ante
947 218 1558 274 prandium in magna deuotione et contemplatione cir
966 267 1552 303 ca deum et deinde parum extractus postea superflue
965 295 1553 328 et inutiliter rediret in idipsum quod non videtur con
964 324 1555 353 cedendum. Et illud confirmatur quia aut deberetur sibi
971 352 1559 379 aliquid pro receptione actus similis priori vel non
972 378 1560 412 si nihil patet consequentiam factam esse bonam Si aliquid
976 406 1550 438 vel igitur precise temponale et tunc esset precise repe¬
966 436 1553 467 titio in infinitum minoris valoris sibi quod actus primus
969 462 1554 492 si eternum hoc est intentum quod actus omnino similis se¬
969 491 1553 526 cundus vel tertius est augmentatius premum eternus
969 515 1567 555 et per consequens gratie quia premium debitum semper in quo
972 546 1567 577 libet proportionatur gratie sue secundum augustinum
969 576 1567 607 in ench. prope finem probatur tunc sequitur quod si po¬
978 605 1561 634 pulo habens gratiam subcentuplam ad gratiam fortis in
972 632 1567 667 hoc instanti primo habeat aliquem actum meritorium
970 662 1561 695 et sor iam vice centesima causet actum eiusdem spcie
977 687 1561 722 in se voluntariepposo contuplo plato plus merebitur quam
975 714 1565 745 sor quod est omnino contra rationem cum sortes operetur
974 744 1562 775 nunc ex circunstantia centupla meliore et circunstam
968 774 1555 803 tia temponis sola sicut nec addit ad valorem actus ita nec
968 799 1561 835 substrahit Dicetur forte ad omnia hec quod non frustra
977 829 1561 860 operatur talis secunda vice et deinceps actum omnino
979 856 1559 888 equalem sed meretur per illud premium eternum idem
986 887 1563 917 uod prius sicut fecit Christus qui multiplitius meruit
976 914 1563 946 illud quod meruerat prima vice. Sed contra hoc
973 941 1565 975 stat quia nichil accessit sibi secunda vice et deinceps
985 969 1567 1001 er opera similia et ita sequitur quod tantum valeret
977 999 1559 1031 homini bene viuere in vltima die vite sue sicut a
978 1026 1566 1061 puericia sic vixisset sed hoc valde retardaret peccato
972 1054 1559 1090 res a conuersione forte diceretur quod hec conclusio est
973 1082 1569 1115 doctrina Christi matuem. secundo de illis qui circa horam. vn
977 1109 1569 1140 decima venerant ⁋ Contra secundam glosam ibidem
969 1137 1565 1170 licet sint equales nouissimis primis in hoc quod omnes
969 1165 1560 1198 acceperunt idem celum tamen stella differt a stella a
972 1192 1565 1227 claritate et alibi. In domo patris mei man. et etc.
976 1223 1557 1257 Aliter respondet primus socius quod non frustra ite¬
972 1251 1563 1282 rantur opera similia quia per ea vitatur peccatum.
973 1279 1557 1311 Contra precepta affirmatiua non obligant ad semper
980 1311 1558 1340 gitur licet hec iteratio operum similium non sit vtilis
976 1335 1565 1367 quando homo obligatur ad eam ex precepto tamen erit
972 1361 1565 1395 inutilis quando preceptum non obligat Diceres non
968 1390 1558 1425 sequitur quod hoc tunc per talia opera vitat mala di¬
974 1417 1564 1451 sparata que incideret ex ocio. Sed tunc adhuc se¬
976 1445 1564 1479 quitur quod dum hoc talis non obligatur actualiter ad
972 1474 1563 1507 executionem preceptorum tantum valeret sibi occupari
976 1503 1563 1535 aliquo ludo ne mens vagetur circa materias pecca
972 1534 1564 1564 torum sicut iterare opera preceptorum vel confilio
968 1563 1559 1593 rum et certe hec non videntur dicenda Et quod alle¬
977 1589 1567 1621 gat iste socius antiquam opinionem prose verum est quod
971 1615 1562 1647 hec opinio tenetur in antissidoren. li. tertio cap¬
974 1643 1563 1677 oo. et cap. 10bem et alii tenent istud sequentes forte
973 1675 1563 1706 eum. Sed alius doctor cui non minus creditur in
967 1697 1562 1736 hac vniuersitate scribit quod non videtur hec opinio
970 1728 1563 1758 esse sana probatur tunc deus esset pronior ad preum
968 1749 1569 1791 dum quam ad premiandum quia nouam executionem mandati
968 1783 1566 1816 nollet premio nouo premiare et tamen eius omissio
968 1812 1556 1848 nem vellet ad distinctum semper demeritum et suppli¬
970 1840 1567 1869 cium imputare. Et per hoc etiam improbatur conclu¬
969 1865 1559 1898 sio cuiusdam magister dicentis quod per sola opera superero
968 1895 1558 1929 gationis meretur quis augmentum premii et gatrieli
969 1926 1565 1954 cet etiam ista sit opinio augustinus li. tertio cap. 17 proba
977 1952 1567 1984 tur ista via tollit omne meritum Christi quia factum suum fuit
976 1980 1561 2013 opus precepti iuxta illud factus est obediens vsque
973 2008 1555 2038 ad mortem. de qua etiam obedientia dicit ma. li. ter
967 2036 1566 2066 tio di. 10 cap 2 vbi dicit meruit igitur Christus a con
973 2064 1567 2108 ceptione per quid per obedientiam et voluntatem
