1791 2500
208 251 813 303 tempus posse facere ad augmentum meriti vel de¬
200 295 817 332 meriti scilicet per se et directe omnibus aliis pariter se ha¬
208 324 812 359 bentibus scilicet difficultate allectio et huiusmodi et isto mo
204 359 805 392 do tenet quod non nec replicatio omnino similium. ⁋ Alio
203 387 809 417 modo quae ad crementu temporis concrescat alia et
207 412 815 445 alia circunstantia faciens per se ad demeritum vel
213 445 811 477 meritum vt pote si difficilius sit facere tale opus
212 472 811 503 vel simile bonum continuando illud vel replicando
206 495 810 530 vel frequentando quam non sit continuare vel non sit fre
205 525 813 561 quentare isto modo facit occasionaliter et per acci¬
202 556 813 588 dens ad augmentum meriti et sic maior difficultas
208 581 815 619 concurrens vel proueniens ex circunstantia temponis
203 612 813 645 adiuncta auget meritum ita alie similes circunstan¬
208 638 813 677 tie aucte in bonum vel in malum ex mora. ⁋ Item di¬
205 667 803 702 cit quod bonus vsus temponis addit ad meritum et malus
202 697 804 729 vsus temporis ad demeritum sicut bonus vsus vel
202 720 803 758 malus aliarum rerum etiam dato quod nulla circunstan¬
202 754 805 790 tia alia simul crescat. Et tunc ad primum in contra
200 783 807 816 rium respondet quod si quis bene vtatur tempone maiori
198 804 803 847 per hoc crescit eius meritum et qui abutitur gra
205 840 801 872 uius peccat. Sed ex hoc solo quod volitio mala coti¬
200 868 803 899 nuatur pro circunstantia temporis ceteris paribus
197 895 803 928 non grauius demeretur. ⁋ Et cum Arguitur in con¬
200 924 803 960 trarium in primo principali quod si ceteris paribus
200 955 807 987 abutens maiori tpe grauius peccaret quam qui minori
204 980 801 1014 igitur velle peccare per duos dies esset grauius quam
198 1010 809 1046 velle peccare per vnum et velle per tres quam per duos
199 1041 809 1070 et pari ratione velle peccare equaliter per dies in
201 1063 807 1096 finitos esset in infinitum peius quam velle per vnam so¬
198 1092 807 1127 lam die peccareRespondetur negando consequen¬
201 1124 802 1155 tiam quia qui vult peccare mortaliter per vnum
196 1151 808 1184 diem facit seipsum reum et impotentem pro semper ad
197 1180 807 1211 benefaciendum et ita reum sicut si voluisset diutius
192 1205 803 1242 peccare et ideo non grauius peccauit volendo per
200 1241 801 1271 duos dies peccare quam per vnum solum sic peccare
193 1268 804 1298 ceteris paribus et hoc quia velle per vnum diem sic
192 1292 804 1329 peccare ceteris paribus est interpretatiue velle pec
195 1324 809 1354 care per duos dies quia velle peccare per duos inclu
192 1348 805 1381 ditur in velle peccare per infinitum tempons et hoc vl¬
199 1377 802 1409 timum vult interpretatiue cum vult peccare morta
196 1405 797 1438 liter per vnum diem hec ille in sententia. Similiter
195 1433 805 1467 dicit quod velle benefacere per duos dies non est ma
192 1464 805 1498 gis meritorium quam velle facere consimiliter per plu¬
194 1497 794 1528 res dies. ⁋ Sed iste responsiones non euadunt in
197 1519 795 1551 conuenientia superius illatia. ⁋ Item quod addit iste
192 1546 798 1580 magister de duplici tempore non videtur iuuare ad pro¬
196 1577 800 1613 po situm eo quod actus nostros mensuramus per tempus
195 1609 795 1639 consequentie per tempus iuxta illud genets. primo
196 1633 801 1666 fiant luminaria in firmamento celi et diuidant dien
201 1661 801 1690 et noctem et sicut in signa et tempora et dies et amnos
198 1688 805 1727 ⁋ Item illius propriim temporis scilicet motus rote figuli
188 1717 797 1752 inchoati ab aliquo Instanti temponis communis et cessantur
192 1750 796 1782 ad tempus quodlibet Instans adequate corresponden
190 1776 796 1805 ter se habet alicui instanti illius temporis cui coe¬
194 1804 790 1840 xistit igitur ista duo tempona sunt equalia et per conse
198 1831 798 1867 quens meritum vel demeritum non est morosius ex
190 1861 798 1889 vno eorum quam ex reliquo vel econuerso antecedens proba¬
196 1891 795 1924 tur quia si plura Instantia temporis proprii corresponde
192 1920 799 1954 rent vni Instanti temponis communis tunc duo contradi
188 1952 792 1981 ctoria essent simul vera scilicet in eodem Instanti Si vero
198 1975 795 2007 econtra duo Instantia temporis communis correspon¬
194 2005 795 2040 derent vni Instanti temporis proprii quod est motus
196 2033 790 2066 rote cum inter illa duo Instantia cadet tempus se¬
198 2064 790 2100 quitur quod rota figuli et quilibet eius punctus ma¬
197 2092 791 2124 net in eodem situ adequato per illud tempus eo quod
193 2115 799 2164 totum correspondet vni mutato esse illius rote quod
842 251 1442 309 est Instans motus eius igitur rota per illud temponus
843 299 1449 335 secum se et quodlibet sui quiescit et ita interrum
851 331 1440 370 pitur eius motus et pari ratione nihil ad moram conti
850 361 1446 395 nentie. Item adhuc posset probari preter argumen
842 386 1444 418 ta superius quod mora seu circunstantia temponis aggra¬
846 417 1450 454 uat culpam nulla alia circunstantia crescente quia
845 444 1449 483 morosa delectatio fit culpa mortalis ex morosita
846 470 1447 511 te quae breuiter habita esset solum. ve. per ma. li. 2
836 498 1444 540 di. 10. cap. 6 in fine vbi dicit tunc veniale et morta
837 526 1443 563 le non differrent specie. Si peccatum non diuteneatur
843 556 1443 592 delectatione cogitationis sed vt statim mulierem
845 586 1440 618 tetigit vni auctoritate repellatur veniale est. Si
841 617 1443 649 vero diuteneatur in delectatione cogitationis etiam
836 641 1440 678 si voluntas perficiendi desit mortale est et pro eo
834 669 1442 705 damnabitur simul vir et mulier et totus ho quia et
842 699 1439 734 tunc vir sicut debuit melionem cohibuit vnde posset
843 726 1444 762 dici consensisse hec ille. ⁋ Et sequenti cap. probat
838 745 1468 793 istud per augustinum. 12 de tri probatur quid vocat
837 784 1446 825 iste bonum vsum vel malum temporis vel actum bo
841 812 1447 850 num aut malum habente vere tempouns pro obiecto si¬
839 843 1442 880 cut cum cogito quod bonum est die dominico ire ad eo
843 870 1451 904 clesiam et occupare totum istum dien orationibus et
841 896 1448 932 huiusmodi et conformiter et difformiter velle vel hoc est
839 929 1443 960 quod iam dictum est vna cum executione conformi ele
842 959 1448 989 ctioni habite vel tertio solum est habere opus bonum
842 986 1440 1022 vel malum contractum per tempous. ⁋ Si tertium tunc omnis
841 1010 1442 1053 bene et meritorie operans per tempus bene vteretur
845 1038 1444 1074 empone et bene operans per maius tempus bene vte¬
843 1070 1448 1106 retur maiori tempone et econuerso arguitur de male ope
838 1100 1444 1129 rante quod ille abutitur tempore et etc. igitur impossi¬
842 1123 1449 1161 bile esset homini contraire bonum opus meritoriam vel
834 1152 1446 1190 dem eritorium per tempus quim eo ipso ceteris pa
841 1182 1441 1221 ribus cresceret eius meritum vel demeritum et tunc
832 1210 1449 1250 stat ratio mea scilicet quod nullus sit terminus augmenta¬
832 1242 1439 1281 tionis meriti si homo conseruaretur et bona opera
832 1271 1446 1306 ex charitate voluntarie continue vel per vices fre
841 1298 1442 1331 quentaret suo modo de male operante et tunc Christus
837 1327 1444 1359 continue auxisset meritum suum quod tamen ipsa
830 1354 1445 1393 negat. Si datur primum tunc non posset stare illud
836 1383 1445 1423 quod dicit illum non grauius peccare qui ceteris
834 1413 1437 1453 paribus vult peccare per duos dies quam qui per vnum
831 1439 1437 1479 tantum quia tunc vnus illorum abutitur maiori tempone quam
835 1470 1434 1507 alter si illud detur non potest dare secundum quia ex quo
829 1496 1441 1535 neutra harum conditionum per se facit secundum eum
833 1525 1438 1559 ad crementum meriti vel demeriti vt iam visum est
841 1552 1434 1591 gitur nec ambe simul iuncte quia si quis habet pri¬
831 1583 1438 1616 mam precise scilicet quod vult bene facere per Uagnum tempons
839 1609 1439 1645 vel per infinitum tempus non plus auget meritum suum
836 1636 1441 1679 quam si vellet sic benefacere per vnam solam horam igitur
834 1669 1438 1703 tur si executio temporis siue intus ex voluntate siue
837 1694 1430 1732 extra adueniens faciat quod iste plus mereatur sequi¬
829 1721 1438 1760 tur solius secunde conditionis appositio faceret ad
835 1749 1433 1790 augmentum meriti quod est contra eum suo modo argui
829 1779 1429 1821 tur de merite probatur si omnis bonus vsus temponis pro
829 1811 1431 1849 cedens ex charitate facit ad augmentum meriti et
829 1837 1428 1875 malus vsus ad augmentum demeriti cum christus
829 1866 1435 1903 per 32 annos optime fuerit vsus tempore sicut et
828 1900 1434 1934 aliis creaturis fuisset ibi ad augmentum meriti et
833 1926 1425 1966 hoc negat et bene. Et si detur exceptio de Christo cui
831 1953 1424 1988 ipse potissime arguat de Christo per exemplum quod circum
824 1980 1426 2012 stantia temponis per se loquendo non faciat ad augmen¬
829 2011 1433 2047 tum meriti in aliis sequitur quod suum fundamentum
828 2039 1420 2077 non valet ymo retorquetur contra eum arguendo
829 2068 1429 2104 quod quia bonus vsus temporis in christo non facit ad
827 2100 1424 2136 augmentum meriti igitur nec in aliis et si concedit
820 2124 1422 2177 in aliis illam prerogatiuam dicam sibi sicut ipse
