1802 2500
189 241 790 290 existens in superficie terre tempore meridiei quando
188 287 787 321 lux multa pertingit ad potentiam visiuam non posset
193 312 787 346 videre siellas in firmamento quas tamen videret si
186 337 792 375 esset in profundo puteo. ⁋ Confirmatur lux corpo¬
187 372 787 403 ralis non requiritur nisi propter obscuritatem ob¬
183 394 787 432 iecti. vnde illa que sunt de se lucida vel luminosa
183 427 787 461 melius videntur in obscuro quam in luine alieno sicut
181 453 793 495 patet per philosaphum et commentatore secundo de anima argu
181 486 788 519 mento 12 et ideo dicit ibi commentator quod non est ne¬
189 506 784 550 cesse quod esse visibile videatur in luce quia sunt quedam
189 537 782 576 que videntur in obscuro et non in luce vt plura ani¬
180 566 787 603 malia vt conche etc. Illa autem que non lucent sed
187 598 776 634 sunt lucida de se sed tamen sunt collorata natura
187 625 788 659 namque coloris est alia a natura lucidi et lucis secun
187 652 781 687 dum commentatonem ibidem talia enim nunquam videntur nisi
181 680 792 716 in lumine quia secundum posoahum et commentatonem ibidem
181 713 785 745 dnem quod videtur in luce est color et econuerso omnis
185 733 783 774 color qui videtur in luce videtur quedam autem
182 765 780 806 possunt videri tam in luce quam in obscuro. cuiusmodi
187 796 785 831 est ignis. Ratio secudum pohsoahtum et commentatonem vbi su¬
183 823 791 862 pra quod participant tam naturam lucis quam coloris et per
185 855 784 884 natura coloris videntur in lumine et per natura
180 881 786 912 lucis videntur in tenebris quia autem de natura
183 910 782 944 sua luminosa non sunt non indigent vt videantur cor
176 936 783 972 poraliter lumine alieno obscuritas autem obiecti
182 967 777 999 beatifici non posset poni causa quare oporteat ha
179 990 777 1031 beri tale lumen proportionaliter habens se luie cor
179 1018 787 1063 porali modo iam dicto etc. Et ideo dicunt antiqui do
180 1049 779 1084 ctores quod quia sol corporalis de se lucidus est frustra
184 1077 781 1114 accenderetur candella vel fax ad videndum solem sed
181 1107 776 1142 deus est lux et tenebre in eo non sunt vlle. prima. ioc
180 1139 803 1173 primo igitur pro hac consequentia non requiritur lu¬
176 1161 786 1196 men tale distinctum a deo et ab alma et ab actibus
181 1191 780 1227 Nec posset dicitertio quod tale lumen sit proprie dictum
181 1221 784 1252 et spirituale cuiusmodi est intellectus agens siue
183 1246 785 1283 lumen intellectus agentis quod quidam debent re
175 1276 781 1311 quiri propter materialitatem obiecti vt faciat oe po¬
177 1300 783 1340 tentia intelligibili actu intelligibile qui sicut dicit
178 1335 786 1367 commentator tertio de anima commento 16 in fine si essent
173 1361 784 1395 in entibus extra animam vnibilia omnia ita quod omnia intel
177 1388 770 1423 ligibilia essent abstracta a matia sicut posuit pla
176 1416 782 1454 to non indi geret aristoteles ponere intellectum
171 1445 782 1481 agentem quia tunc omnia de se essent intelligibilia. Sed
178 1473 783 1507 ista causa non habet locum in proposito cum deus sit in
176 1502 777 1534 materialis ponit etiam phiis ad quedam obiecta co
180 1530 778 1567 gnoscenda vel ad omnia creata requiri lumen intelle¬
174 1559 775 1596 ctus agentis ita vt sit causa partialis ad agendum
179 1581 775 1620 cum obiecto vt patet tertio de anima per 16 et per con
173 1619 774 1651 mentatonem. d. commento. Sed hoc iterum non habet
179 1641 776 1677 locum inproposito quia essentia diuina est agens infi
173 1676 779 1704 nite potentie omnis efficientie suppletsisum et conten
180 1700 773 1734 tiuum ⁋ Nec potest dici. 4 quod illud lumen est per mo
178 1731 772 1762 dum habitus potentiam eleuantis seu abilitantis ac
174 1757 779 1791 disponentis ad agendum et fruendum et non est lumen
174 1787 774 1823 proprie dictum requisitum ex parte obiecti vel acciden¬
170 1814 770 1849 tis potentie cognitive quia ex quo actus iste non reci
172 1844 770 1877 peret ipsam beatitudinem non videtur quin deus vii
175 1869 777 1906 tualiter contineat virtutem talis habitus ad quod
176 1900 764 1930 libet agendum circa talem potentiam quod ageret ta
180 1927 778 1961 lis habitus perspecialem influentiam coagendi
176 1957 768 1991 potentie in tali casu concluditur igitur quod lumen
172 1987 770 2020 glorie de quo dicit decretum est ipsa visio luminosa
173 2013 769 2044 que est formaliter lumen quoddam a deo immissum
177 2040 769 2076 ⁋ Confirmatur quia ad litteram tale lumen quod esset
173 2070 777 2101 operatio media negauit opinio quam damnat ecclesia quia
174 2097 775 2143 ista opinio ponit teste. decre. quod anima qualibet intellecti
820 242 1426 285 ua seipsa naturaliter est beata et videt deum Scien¬
816 287 1419 319 dum eit tamen quod neutra opinionum predictarum in
818 313 1423 347 primo articulo sustinenda videtur prima enim di¬
817 337 1418 374 cens quod verbum diuinum est anime beate visio et fruitio
825 365 1427 401 parum est reuocata. ⁋ Secunda quam tenet Adam vi¬
821 399 1419 434 detur esse contra decre. que ponit duos actus in qui
821 424 1418 459 bus consistit beatitudo et non ponit duo luina generalie
822 453 1421 487 in vna anima sed vnum lumen generalie et ideo preter deum
817 485 1416 515 et animam beatam ponendi duo sunt actus distincti. s
821 513 1414 540 visio et fruitio et cum hoc lumen gerale eleuans et di¬
820 537 1414 571 sponens et confortans animam habens se per modum ha
818 568 1413 599 bitus potentiam dicto modo habilitatis et necessa
818 598 1420 631 rio concurrit cum potentia fruitiva secundum logen dei or
817 625 1412 657 dinata omnia autem argumenta in oppositum solu procedent
817 653 1419 688 secum dei potentiam absolutam. ⁋ Secundus articulus
821 683 1411 713 est tractare responsiones per me datas ad tria sua
814 713 1417 745 argumenta supra posita et impugnationes illarum
821 739 1413 776 responsionum. ⁋ Ad primum argumentum in oppositu¬
810 762 1416 801 concessi quod per eundem actum potest cognosci verbum
811 795 1417 829 et aliud a verbo et quod illa visio verbi qua vna vice
812 823 1421 854 videretur verbum et viia creatura non est illa visio ver¬
816 850 1412 889 bi qua alias videtur verbum et vna alia creatura
816 881 1421 910 non prius visa et quod talium actuum videndi verbum po¬
815 908 1422 941 test esse immediata successio et cum arguit quod non
814 937 1417 968 quia tunc visio verbi esset corruptibilis et per consequens
813 963 1423 999 ipsa non esset bectitudo quia quod ipsa sit beatitudo re
815 993 1425 1028 quirit ipsam esse perpetuam secundum augustinum. 13
810 1021 1417 1050 de titi. cap 17 oe paruis. ⁋ Respondi quod augustinus lo¬
814 1048 1415 1085 quitur ibi de beato quod nullus esset beatus qui vnquam
808 1079 1412 1112 desineret habere beatitudinem in proposito autem propter
808 1106 1418 1140 successionem concessam non oportet quod btus desineret
793 1137 1412 1169 esse beatus quia priori visioni succederet fine medio
812 1164 1415 1196 alia equalens sicut materia nunquam desinit esse in¬
812 1190 1418 1221 formata licet multas formas sit perdituras ⁋ Dixi
808 1217 1417 1252 tamen quod forsan illa successio non est in principali
817 1248 1415 1280 visione quae solum deum habet pro obiecto. ⁋ Et si dicas
808 1278 1417 1311 quod tunc non semper esset equaliter beatus quia per¬
815 1305 1416 1339 fectior esset visio verbi et alterius quam solius verbi
815 1334 1407 1366 Respondet quod talis non esset perfectius beatus per
815 1361 1416 1392 illud augustini non propter illa beatior. ⁋ Sed di¬
811 1391 1415 1426 ceres secundum augustinus ibi de tri. cap. 14 non erunt ibi
813 1418 1406 1448 volibiles cogitationes. Respondi primo quod loquitui
808 1448 1416 1482 ibi dubit atiue quia addit ibidem eum hoc fuit si tamen
809 1473 1417 1508 hoc fuerit. ⁋ Aliter Respondi dato quod non loquaretur
805 1504 1418 1533 dubitatiue tunc intelligitur dictum suum de his re
812 1530 1419 1565 spectu quor est ista visio beatifica scilicet respectu essen
809 1560 1409 1593 tie diuine et personarum quia ista semper videbit
813 1589 1421 1620 etiam dicitur quod augustinus dicit ibi quod nostre cogita
812 1619 1407 1652 tiones non erunt ibi volibiles ab aliis in alia eun¬
813 1645 1406 1677 tes atque redeuntes sed omnem scientiam nostram vno
809 1674 1414 1712 simul conspectu videbimus quod intelligitur per op
811 1703 1407 1738 positum ad id quod parum ante dixerat capi. 39 de
811 1732 1407 1762 ista iactabili volubilique cogitatione inquisitiva ve
802 1758 1417 1791 ritatis ante veritatis inuentionem quid est inquit
808 1787 1407 1820 hoc formabile nondum formatum nisi quiddam nre men
813 1819 1408 1855 tis quod hac atque hac volibili quandiumonitione iacta¬
808 1844 1415 1882 mus cum a nobis nunc hoc nunc istud siue inuentum
809 1872 1411 1910 fuerit vel occurrit cogitatur et tunc verum verbum
803 1897 1406 1931 nostrum quando illud quod nos diximus volibili moni¬
799 1926 1401 1965 tione iactare ad illud quod scimus prouenit atque
802 1957 1407 1993 inde formatur eius omnimodam similitudinem rapiens
808 1986 1409 2016 vt quomodo res quecumque scitur sic etiam cogitetur
807 2014 1407 2049 i. sine voce id est sine cogitatione vocis que profecto lin
803 2045 1402 2077 gue alicuius et si sic in corde dicatur hec ille ⁋ Dea
805 2072 1407 2104 tus igitur august negat nos inpatria habituros
800 2104 1411 2150 tales volibiles cogitationes secundum discursus vie.
