1787 2500
229 227 827 283 hendendo moram duorum dierum simul quam vnius tantum ideo
228 280 821 314 etiam crescit tristicia non secundum partes eiusdem quantitatis
221 305 817 345 sed eiusdem proportionis. ⁋ Set hoc improbatur quia volo per
216 336 812 372 tes temporis addendas augetur quantum decrescit per
220 360 816 397 fectio cognitionis vel plus conseruet deus notici
221 390 816 425 as vel causas semper in gradu equal perfectionis
226 419 814 456 tunc homo rationabiliter plus tristaretur de infi¬
218 447 815 489 nita quam de quancumque finita. ⁋ Aliter dicendum est quod
223 476 815 513 non ratioabiliter est plus dolendum de pena infligenda
220 505 822 545 per tempus infinitu quam per tempus finitum. ⁋ Exemplum
214 534 815 571 ad hoc est quia non est grauius peccatum velle peccare mor
216 558 813 599 taliter per tempus ffinitum quam per vnum dien probatur
213 592 815 626 quia si solum circunstantia temporis aggrauaret peccatum
214 612 811 654 sequaretur quod aliqua pena demretur sibi pro vno die precise
218 643 807 682 igitur cum in tempore infinito sint infiniti dies respectu
217 672 807 713 quor ista volitiose habet equaliter sequitur quod cuili.
215 698 806 739 bet istor correspondebit pena equal a. et per consequens vo
219 727 809 768 lenti peccare per tempus infinitu dentur pena infinita.
221 756 808 797 ⁋ Cotra velle facere malum maius, scitum esse tale peius
213 787 812 826 est ceteris paribus quam velle facere minus malum.
217 813 814 853 ⁋ Sed quando aguter quod aliqua pena dentur sibi pro vna die
213 840 813 880 negatur quia actus volendi peccare per tempus infini
219 870 806 908 tum non est alicuius diei distincte actus sed est vna
212 899 812 931 volitio confusa omnim. Ideo pena precise correspon¬
220 925 808 967 debit alicui istorum sed omnibus correspondebit vna
219 958 805 993 pena. ⁋ Aliter respondeo primo quod ista tristicia est
212 988 806 1021 alterius speciei quam aliqua de pena finita sicut et eius est i
211 1011 806 1049 matio mediante qua canetur quae componitur ex conceptu
211 1042 804 1079 positiuo et negatiuo quia non habemus conceptum infiniti
205 1073 804 1109 moris addendo negationem mentalem positio conceptui
208 1097 814 1139 ⁋ Secundo dico quod quolibet gradus illius speciei est obiectiue
205 1124 802 1165 maior quam aliquis gradus tristicie alterius speciei de pena
207 1153 800 1190 finita ceteris paribus tamen gradus vnius speciei intrise
205 1187 809 1223 ce potest equalenter ade quari per gradum alterius speciei
210 1209 805 1252 ⁋ Tertio dico quod quanto hoc magis distincte appre
203 1235 810 1280 hendit huiusmodi penam tanto plus rationabiliter tristatur
207 1268 800 1300 tristicia intra illam speciem dato quod cause concurren¬
202 1293 794 1331 tes non sint alterius speciei quam priores. ⁋ Ex hoc dicitur ad
202 1325 806 1364 argumentum negando quod ibi causetur tristicia infinita ⁋ Ad
203 1352 803 1390 probationem tunc aliquis rationabiliter tantum posset
203 1384 795 1421 tristari de pena finita sicut de infinita negatur con¬
199 1407 802 1445 sequentia vnde quanto magis aduertitur obiectum
205 1435 800 1476 illius tristicie tanto tristicia est maior. ⁋ Ideo quan¬
197 1467 795 1506 tuncumque peueniri possit ad gradum tristicie respectu
203 1493 790 1532 pene temporalur intriusece equiualenter non tamen obiecti
203 1523 802 1565 ue. ⁋ Etiam sicut continue crescit tristicia ex vna per¬
203 1549 794 1589 te ita et ex alia et ita numquam erunt equales intrisece
196 1580 793 1615 ⁋ Aliter potest responderi quod si stantibus canims proximis
203 1608 794 1649 adhuc contingenter et libere creatura potest casre tri
197 1632 788 1670 sticiam tunc non dictat ratio quod videns vel sciens infli¬
193 1662 794 1702 gendam penam sempiternam deant tristari quia hoc esset
200 1693 794 1729 addere penam pene quod tamen secundum rectam rationem
192 1715 798 1754 est fugiendum de sola autem culpa erga deum vel pro¬
197 1748 795 1788 ximum vel de miseria sui dolendum est vel etiam
200 1775 786 1816 de miseria aliena quando talis dolor potest esse me
192 1803 792 1842 ritorius vel ad merendum disponens. ⁋ Sed tamen
193 1832 794 1874 per hoc non euaditur difficilis forma quin in multis
193 1863 783 1902 canibus habeat locum et precise de gaudio ⁋ Et etiam
188 1884 792 1927 si talis dolor vel gaudium causatur naturaliter ex
192 1917 786 1961 apprehensione bseantia vel mali vel complacentia vel displicentia
182 1941 783 1981 sicquod non est immediate in potestate hominis habe¬
195 1973 783 2011 re tristiciam vel gaudium tunc reducitur difficul
191 2001 784 2043 tas de tristicia infinita vel de gaudio infinito ⁋ Dicen
194 2027 777 2073 dum igitur quod in tali augmento de quo tangitur
192 2059 779 2103 argumento non itur ascendendo per partes equa
188 2081 783 2144 les nec per maiores qui solum tempus duplatur
851 242 1450 301 quando cetera manent vniformia quae deberent ma
856 284 1449 329 iorem dolorem causare. ⁋ Ideo statim variatur
851 313 1447 359 proportio sed si certitudo cognitionis et odium
853 345 1446 385 natura fierent infinita sicut tempus creditur fo¬
856 371 1444 420 re infinitum tunc sequeretur tristicia infinita mo
859 395 938 431 do non
946 444 1445 503 Trum fruitio beatifica
920 485 1442 530 Usit qualitas distincta ab ipsa anima quod non
924 516 1438 554 quia ad hoc quod aliquis fruatur deo sui
848 550 1438 584 ficit quod obiectum beatificum scilicet deus sit ponens anime igitur
856 578 1438 615 ⁋ Ad oppositum fruitio est actus elicitus igitur.
854 607 1428 643 ⁋ Conclusio ad questionem quod nec in via nec in patrit
843 639 1429 672 est anima fruitio dei probatur fruitio libere causatur
844 662 1430 699 ab anima ⁋ Item cognitio est res distincta ab anima
841 692 1435 729 igitur et amor antecedens patet per articulum. Se qui est quod
841 719 1432 752 scnitia intelligentie non differat a substantia intelligentie et
842 749 1439 784 ror ⁋ Item. 40. arm quod in substantiis separatis nulla est
839 777 1434 814 possibilis transmutatio error. ⁋ Item 3 auurm quod
840 807 1437 840 semper habens meliora naturalia est magis beatus
844 834 1436 869 error sed hec videntur fi anima sit ipsa dilectio
844 860 1436 894 vel cognitio. ⁋ Preterea tunc angelus et anima
838 886 1437 924 beata beatificarentur per essentias suas quod dan¬
836 919 1439 955 natur in Cle. de hereticis ad neum. ⁋ Item tunc ni
840 943 1439 986 hil nouum haberet anima beata nec aliquid plus in se quam
842 971 1439 1013 hic in via eo quod essentia diuina est esse hec anime ponens.
845 1001 1439 1044 ⁋ Item tunc non essent in anima aliqua in qui¬
845 1032 1438 1065 bus saluaretur ymago trinitatis quia nulla tunc
839 1057 1440 1092 poneretur distinctio inter partes ymaginis. ⁋ Item
836 1089 1433 1126 dilectio potest intendi et remitti et anima non. ⁋ Item
840 1113 1429 1153 tunc anima eque esset odium dei sicut dilectio. ⁋ Item
832 1137 1431 1182 amor habituatlur puta charitas distingitur ab anima
837 1172 1436 1209 vt patet extra de summa trinitate et fi. Ca. capitulo
841 1196 1434 1235 ⁋ Credimus igitur etiam amor actualis. ⁋ Item tunc
837 1228 1435 1265 anima sine omni dono posset implere preceptum
839 1255 1435 1295 de dilectione dei et proximi et vitare omnia peccata quia
834 1282 1425 1321 ipsa esset substantialiter illud velle quod exigere
828 1311 1426 1348 tur quo posito vellet facienda et nollet omitten¬
825 1335 1435 1379 da. ⁋ Item quomodo posset tunc demon vel ala at
829 1365 1426 1405 fligi penis et tormentis. ⁋ Item tunc animam simul
831 1392 1432 1435 esset odium dei et dilectio quin sicut vnum odit et alium di¬
831 1419 1425 1463 ligit similiter scintia et error quia errat citra vnam conclusio
832 1451 1426 1492 nem et scit aliam similiter heresis et fides Item philosophus tertio
831 1478 1423 1518 de anima videtur sentire quod anima intelligit se et alia
831 1507 1422 1543 per intellectionem additam. ⁋ Item articuli pari¬
828 1531 1430 1574 sienses et experientia dicunt quod homo potest libstantdaidem nol
825 1560 1416 1603 le et velle vel non velle omnibus aliis vniformiter
825 1595 1418 1632 concurrentibus hoc non si anima esset velle per denomina
824 1620 1416 1663 tionem extrinsecam ad quam oporteret recurrem tenen¬
826 1648 1415 1695 do oppositam viam. ⁋ Ad ista proteruus diceret quod
827 1672 1411 1714 ista argumenta eque concluderent de diuina noti¬
828 1704 1420 1746 cia et volitione nam deus mane non sciuit me hic
824 1728 1417 1775 sedere et tamen modo scit me esse hic sedere. ⁋ Etiam
825 1761 1413 1804 omnibus aliis concurrentibus vniformiter se ha
821 1785 1414 1829 bentibus potest aliquem libere acceptare et non ad
827 1816 1415 1860 ceptare ad vitam eternam Item quosdam diligit
823 1846 1417 1886 et quosdam odit et idem est odium sibi et dilectio ac¬
827 1872 1417 1912 ceptatio et re probatio et si deo non repugnat errare si
823 1900 1411 1940 cut sibi non repugnat nescire vel non scire quedam qua
820 1927 1412 1973 sciuntur ⁋ Idem sequeretur de scintia et errore. Et si atem
821 1959 1412 1998 ego me experior modo scire aliquid quod non prius
817 1984 1418 2024 igitur aliquod nouum est in anima mea. Responderet pro¬
820 2012 1413 2058 teruus quod similiter modo deus experitur sescire
817 2042 1410 2081 modo se sedere quod prius nesciuit ita quod fides su
814 2070 1409 2115 stinet quod idem penitus respectu eiusdem esset velle et nol
815 2096 1411 2153 le scire et nescire propter diuersa consignificata et
