1770 2500
361 230 958 285 doctor iste quod non oportet vnam virtutem moralem mi¬
363 276 961 310 nui alia non minuta equaliter quia nec sic necessa¬
368 306 958 339 rio simul augentur cum non augeantur essentialiter
365 334 948 368 nisi ex operibus dico quod ymo virtualiter conaugen
363 363 957 397 tur et simul minuuntur necessario. Pro quo scien
356 392 958 427 dum est quod sicut habitum est di. prima primi radix to
362 420 956 452 tius bone et virtuose vite est efficaciter velle dei
359 446 959 476 beneplacitum prosequi et nolle sibi criminaliter di¬
360 474 959 507 splicere. ⁋ Alia radix est scire que oportet facere
358 503 958 533 et questionem dimittere nec sufficit tale scire et velle
356 530 952 560 in vna materia tantum quia licet aliquis vellet et scirei
364 559 958 591 benefacere circa materiam temperantie non occurre
355 586 951 618 tibus aliis impedimentis tamen occurrente per
361 614 961 647 culo mortis desisteret a proposito propter defectum
360 643 955 679 fortitudinis igitur non habet plene radicem primam
361 671 953 703 firmam nec secundam nisi etiam velit et sciat ista pericula
362 699 957 735 debite ferre citius quam malefacere et sic de aliis exem
356 729 952 762 plificari potest et ideo non est prudentia vocanda no¬
364 758 955 789 ticia quid agendum sit circa materiam vnius virtutis
356 781 951 813 solum vel duarum. Sed iste solum est prudens et suus
356 811 955 847 habitus est prudentia qui circa materiam totius vir
365 843 948 873 tuose vite habet noticiam in genere et in speciene
359 871 951 906 cessariam quid sit dicente phoc. 6 et hicor cap. 6 vi¬
365 899 954 932 detur prudentis esse posse bene consiliari circa ip¬
365 926 952 957 sius bona et conferentia non solum partem puta qua¬
365 954 948 984 lis ad sanitudinem vel fortitudinem sed ad bene viue
356 985 952 1016 re totum quicunque autem vult omnino facere et dimittere
360 1011 953 1047 quae oportet cognitis in omni materia difficultatibus
358 1038 951 1069 in contrarium quantum sufficit et cognito in omni ma¬
362 1068 957 1099 teria quid oportet facere et quid dimittere talis in
359 1096 954 1129 omni materia eligit recte et quanto plus fuerit ha
360 1122 957 1153 bituatus et firmatus in his duabus radicibus tanto
360 1154 949 1187 virtualiter est pronior ad electionem vel executionem
360 1180 951 1215 quaelibet necessariam in omni materia pro tempone oportu
361 1209 955 1241 no crescit autem ista pronitas quotiens virtuose ope¬
354 1237 954 1270 ratur quia nun quam virtuose moraliter loquendo opera
357 1263 957 1299 tur nisi cum ex amore bene et virtuose viuendi recte
352 1293 951 1326 eligit et ita exequitur cum autem ex amore virtuose
357 1321 955 1355 bene faciendi eligit aliquid constat quod confirtmat
358 1351 951 1381 vel intendit amonem habitualiter virtuose viuendi
348 1381 952 1415 per istum igitur modum virtutes in quolibet coaugen
351 1409 952 1441 tur id est virtutum principia necessitantia bene agere
359 1435 949 1470 in qualibet materia si habentur. Nota quod virtutes
351 1461 951 1496 inuicem possunt comparari vnomodo secudum perfectio
358 1490 948 1522 nes suas specificas et essentiales et sic non oporter
359 1519 949 1551 eas esse equales in eodem in quo sunt eo quod vna essen¬
350 1550 947 1582 tialiter et specifice est alia perfectior Circa quod
351 1575 955 1612 aduertendum est quod actus intellectus scilicet cognitiui diffe
355 1605 953 1642 runt inter se quo ad perfectiones suas essentiales
354 1633 945 1664 vel specificas que quidem perfectiones attenduntur
357 1661 951 1694 vel penes nobilitatem obiecti vel penes perfectio
361 1690 949 1723 nem modi sciendi vnde si cetera sint paria tunc illa
357 1719 949 1753 noticia seu cognitio nobilior est que est nobilioris
358 1746 949 1781 obiecti et iterum illa perfectior est qua perfectiori
354 1773 951 1808 modo idem cognoscitur obiectum vel obiectum omnino
361 1801 949 1832 simile et illud concordat cum dicto philosophi in primo de
357 1831 945 1863 anima. Actus vero effectus scilicet virtuosi proportioratei
349 1860 953 1897 se habent et consequenter actibus intellectus quos
356 1886 948 1919 presupponunt ad sui causationem et ideo quanto no¬
359 1917 945 1947 ticia aliqua essentialiter et specifice perfectior es¬
351 1946 951 1978 tanto actus voluntatis illam immediate presuppo
355 1972 951 2006 nens ad sui causationem est perfectior itaquoe sicut per
355 2002 951 2034 vnum actum intellectus perficitur et communiungitur obie
353 2031 947 2064 cto nobiliori vel nobiliori modo communiungitur et quia
347 2051 947 2092 habitus generantur ex actibus consequens est vt quanto
349 2085 953 2127 isti duplices actus predicti sunt nobiliores tanto
986 236 1585 292 habitus ex eis generati sunt perfectiores secuno
993 284 1587 320 possunt comparari penes intensionem et remissionm
989 314 1581 346 ita quod quot gradus habet vnus in sua specietot habea
990 342 1582 376 et alter. Circa quod aduertendum est quod virtutes mo
990 368 1590 402 rales dupliciter sortiri possunt suas denominationes
988 395 1587 437 Unomodo determinate et specifice distincte circa
990 424 1586 454 certas materias verbi gratia temperantia circa de¬
992 447 1588 489 lectabilia gustus et tactus et fortitudo circa bel
994 477 1591 516 lica igitur etc. Aliomodo generaliter verbi gratia
992 506 1589 545 sic dicendo dum per temperantiam aliquis abstinet a de
989 533 1593 575 lectabilibus et fortiter resistit mouentibus ad pro¬
990 562 1581 604 sequendum talia delectabilia et ita exercet ibi opus
990 589 1587 633 fortitudinis et etiam quia non omnino mortificat corpus
993 617 1586 658 sed recipit sua necessaria et residuum dat deo vel
990 647 1591 686 pauperibus sic exercet ibi opus iusticie et sic de si¬
990 680 1589 716 milibus posset exemplificari secundum hoc dicitur quod
992 705 1582 744 denominando primo modo virtutes non oportet quod
993 731 1583 767 habens vnam virtutem moralem acquisitam habeat omnes
991 761 1583 795 quia aliquis heremita posset esse habituatus in ten¬
994 791 1583 829 perantia qui nunquam exercuit actum fortitudinis isto
984 821 1585 854 modo et hoc etiam patet quia nec oportet virtutes esse
991 850 1583 885 equales in eodem intensiue etiam patet quod vt sic non
995 877 1583 911 oportet si aliqui sint equales in temperantia quod sint
989 907 1581 940 equales in fortitudine vel prudentia nec econverso
988 931 1583 966 loquendo autem oe virtutibus secundo modo tunc vere
982 957 1586 998 habens vnam habet omnes quia vt sic quelibet cuiuslibet
987 989 1582 1020 sortitur denominationem quia vera fortitudo tempe¬
991 1020 1581 1053 rentia quedam est et iusticia et prudentia et econverso
991 1046 1582 1077 vnde patet quod vt sic in quocunque est vna virtus mo¬
988 1075 1583 1106 ralis in aliquo gradu in eodem sunt omnes quelibet
991 1101 1582 1140 in gradu tanto vel equali cum priori patet etiam quod vt
984 1132 1583 1163 sic quicunque fuerint equnles in vna virtute verbi
987 1160 1587 1193 gratia. In fortitudine sint equales in omnibus sicut di
989 1193 1584 1223 cit augustinus sexto de trinitate et allegat ma. li.
982 1217 1582 1245 tertio di. 3d cap. 2 patet etiam quod habens habitum
987 1242 1579 1281 temperantie licet non habeat fortitudinem acquisitam
989 1274 1583 1304 circa materiam propriam tamen adhuc est ita fortis si
991 1301 1580 1340 cut temperatus. Et attendendo radices quas po
984 1327 1577 1363 suit Adam talis non solum circa materiam propriam
987 1358 1581 1388 temperantie vmo etiam circa materiam propriam fortitu
987 1385 1585 1417 dinis et cuiuslibet alterius virtutis bene se habret
991 1414 1587 1443 dum occurreret et circa eam oporteret operari nec
986 1440 1580 1472 oporcet sibi considerare robur corporis et consimiles
982 1467 1578 1506 habituationes naturales vel morales quibus homo
991 1500 1585 1535 promptius et aptius faceret actus exteriores quia
987 1527 1579 1562 staret quod ita fortiter ageret sor. qui cum baculo re
980 1551 1576 1586 moueret equum hostis sicut plato qui decem proster¬
984 1582 1573 1614 neret. Ad octauum dicitur quod per multiplicationem
984 1612 1571 1642 venialium posset tolli totus feruor charitatis acqui
984 1636 1573 1672 situs per actus directe contrarios illis venialibus
985 1668 1568 1706 non autem feruor acquirendus circa omnia genera pre¬
984 1695 1569 1730 ceptorum. ⁋ Sed illud non videtur verum quia quod
984 1722 1576 1756 libet peccatum veniale facit hominem aliqualiter te¬
996 1753 1573 1784 pere etiam quo ad omnia opera charitatis pro vt quili¬
990 1780 1570 1815 bet potest experiri in seipso et sensibiliter apparet
983 1808 1577 1843 de excessu in cibo et potu. ⁋ Aliter Respondeturne
982 1841 1579 1875 gando consequentiam propter hoc quod quandiu manet
985 1865 1577 1895 charitas per eam potest hoc meritorie operari sub ali¬
983 1894 1574 1931 quo gradu feruoris et ideo nunquam possunt venia¬
989 1920 1572 1956 lia tantum multiplicare et per ea totus feruor toli
982 1947 1577 1982 latur nisi ex eorum multitudine homo tantum assuefiat
985 1980 1572 2010 ad malum quod peccet mortaliter et ita charitatem
980 2008 1574 2044 amittat. ⁋ Tertium dubium non videtur si chari¬
987 2035 1570 2070 tas potest minui per venialia quod propter hoc totaliter
978 2062 1573 2099 non possit tolli sufficeret enim quod si primum veniale
977 2091 1578 2135 tolleret medietatem charitatis totius quod sper equale
