1803 2500
210 246 814 297 ymo duobus elicientibus actus equales merito¬
220 293 815 328 rios equaliter infunditur charitas quamuis vnus pec
211 320 811 351 cet venialiter et alius non quod autem impediat hoc
218 347 805 381 est per accidens vt quia cum veniali non habet actum me
216 378 802 407 ritorium vel si habet non tamen eque intensum sicut
219 406 801 436 si non peccaret venialiter hec ille in lectura paristetur
210 434 806 460 di. 17 primi. Item 2 di. q. 2 si quilibet recitat ap¬
217 460 812 497 paratus opinionem aliquorum dicentium quod mendacium
207 491 807 521 absteticum fuerit veniale et quod licet propter peccatum
212 517 802 554 veniale non damnetur aliquis tamen impedire potest
211 550 811 580 aliquem ne saluetur id est ne ei detur prima gratia saluta
208 577 802 609 ris sed hoc inquit non credo cum veniale peccatum non
206 607 802 640 tollat gratiam nec eam impediat etiam si omnia peccata ve¬
206 630 806 662 nialia commisisset hec ibi et pari ratione vel multo
204 661 809 690 fortius non impedit per se loquendo augmentum grate.
209 688 811 721 Ad argumentu in contrarium negatur antecedens. Et
206 718 809 749 ad probationem minoris que posset duci confra istud
209 744 803 776 Respondetur quod non propter hoc quod actus talis habet
205 774 799 806 actu venialis peccati pro circunstantia annexa est mi¬
205 801 806 835 nus meritorius premu eteri vel charitatis infun
205 827 809 859 dende est minus laudabilis quo ad hoc quod ista per
204 858 805 892 sona est digna pugniri et retardari a beatitudine
205 885 806 918 donec soluerit penam temporalem debitam veniali etiam
201 914 803 950 minus forsan est in casu talis actus laudabilis mo
207 941 798 977 raliter loquendo licet non in genere meriti propter
200 973 801 1008 malam circunstantiam malam venialem Item dubitatur
207 999 807 1032 an idem actus volendi possit esse meritorius vite
206 1028 800 1058 eterne et demenritorius venialiter et videtur quod sic.
202 1054 800 1088 Apparatus vbi prius ex remuneratione obstetri¬
200 1085 796 1117 cum per mendaciu saluantium pueros innocentes at
198 1110 791 1146 guit aliquam consequi penam et premium ex eodem facto
205 1141 802 1174 Item arguit et tenet Canon iuris tractans de men
206 1168 801 1202 dacio obstreticum. Item hoc argui potest ratione quia
200 1196 796 1228 vbi idem actus numero equiualet duobus aliis di
201 1222 800 1258 stinctis actibus in genere operationum poterit illis
196 1256 790 1285 equiualere in genere meriti et demeriti propter
198 1279 799 1319 hoc enim si eodem actu diligitur deus et proximus ille
198 1306 800 1340 equiualet tam in ratione operationis quam meriti ta¬
195 1335 795 1372 libus actibus duobusect. ⁋ Ideo etiam ilem actus
197 1366 801 1405 propter equiualentia est in casu fruitio et vsus et
193 1390 787 1424 idem actus in casu amor et odium et sic de similibus.
197 1422 796 1460 ⁋ Cum igitur in proposito actus quo quis venialier
201 1449 795 1483 eligit mentiri vt liberet innocentem ab iniusta mor
200 1476 791 1515 te equiualet in essendo vel in genere operationum
201 1507 793 1542 duobus actibus quorum vnum esset velle liberare in
200 1533 792 1564 nocentem ab iniusta morte et alius vellust mentiri se¬
193 1554 787 1593 quitur quod equiualeodit vtrique in essendo fferitum vel
190 1586 787 1627 demeritum. ⁋ Contra tunc meritum esset demeritum
190 1621 793 1652 et illicitum esset meritorium bonum et vtite ad vitameter
201 1645 786 1683 nam quod non videtur concedendum Dicendum quod ex
197 1676 791 1706 quo omnis actus meritorius dum est meritorius vide
200 1702 786 1734 tur esse licitus et nullus actus culpe venialis dum
196 1733 796 1769 est culpa est licitus non videtur quod aliquis actus possit
197 1757 792 1792 simul esse culpa venialis et meritorius vite eterne
192 1790 785 1821 qui tamen hoc sustineret deberet concedere hanc
200 1815 790 1854 esse per accidens veram meritum est demeritum et peccatum
205 1845 789 1880 est meritorium vite eterne et similia que non videntur
199 1872 781 1906 concedenda. ⁋ Ad primum in contrarium dicendum
205 1903 789 1937 quod istum argumentum glosator non posset elici ex textu
203 1930 787 1962 qui exprimit ibi diuersa facta quorum vni dabitur
204 1960 784 1988 merces et alteri pena dicit enim quod propter hoc non
201 1987 785 2019 nulli conantur asserere hoc mendacii genus non esse
205 2016 787 2053 peccatum maxime quia illis mentientibus scriptum est quod
196 2048 787 2079 edificauit eis domins domos et reprobat hoc dicens
201 2074 791 2109 quod in ista recompensatione cognoscitur quid mendacii
203 2103 783 2147 culpa mereatur nam benignitatis merces eorum suppre¬
842 248 1436 306 si ex charitate et gratia gratuita hoc egissent quae eis in
839 295 1430 338 eterna potuit vita retribui premissa culpa menda
844 325 1437 366 cu interea est recompensatione declinata vbi plane
845 354 1432 389 patet quod ex alio facto cilist ex mendacio fuerunt cul¬
837 383 1431 422 pabiles et ex alio facto scilicet ex beniuolentia liberan¬
840 412 1429 449 di paruulos meruerunt premium temponale non eternur
844 436 1437 478 vel quia mortaliter mentiebantur sicut aliqui dicunt
841 467 1428 508 vel quia non erant in statu salutis propter alias culi
837 495 1429 533 pas puta idolatrie egiptiate vel similia et hoc mi
837 523 1425 563 hi credibilius est si mendacium erat eorum non erat
843 553 1426 588 periurium sed simplex mendacium Et per Id et patet ad
841 582 1425 620 illud deTanone iuris vnde dicendum est si veritatem
841 607 1438 650 habet intelligendum est de eodem facto ydemptitate
839 637 1426 672 aggregationis et maxime quia illi distincti actus in
841 663 1425 706 trinseci ordinantur ad eundem finem. Aliter tamen
831 690 1431 733 de isto mendatio obstreticum Respondet glosa vbi
835 718 1433 760 prius. d. ex hoc loco videtur quod iste mulieres quae men
837 751 1430 788 tite fuerunt pro salute alterius peccauerunt morta¬
839 774 1433 813 liter quia pro veniali nullus priuatur eterna salute
835 807 1433 845 augustinus tamen dicit eas peccasse venialiter et subdit ibi
835 833 1427 872 glosa. Sed vt patet in glosa gregor. super exo. vnde
832 863 1435 904 sumptum est istud capitulu iste mulieres bis fuerunt
830 888 1431 933 mentite primo quia promiserunt pharaoni quod omnes ma¬
831 915 1433 960 sculos interficerent sed tanc habebant in proposito quod
835 948 1436 989 non interficerent eos et istud peccatumfuit veniale quia
828 977 1428 1012 fuit pro vita illorum saluanda et de hoc loquitur augustinus
842 1003 1425 1043 ⁋ Postea vero pueris reseruant cum redarguerentur
839 1033 1433 1067 a pharaone mentite sunt cum dicebant hebreorum
828 1055 1424 1095 mulieres habre scientiam obstetricandi et etc. et tanc non
834 1084 1427 1122 fuerunit mentite pro vita puerorum quia tunc iam seruati
829 1118 1428 1153 erant sed pro vita propria ne interficerentur et hoc men
832 1143 1435 1180 dactum fuit mortale et propter hoc damnate fuerunt
829 1167 1422 1208 hec ibi. Sed hec glosa non est rationalis nisi secun
830 1199 1422 1238 dum mendacium fuerit periurium quia non minus excu¬
828 1223 1422 1269 sat a peccato mortali intentio salutis proprie quam aliene
832 1255 1422 1298 ⁋ Ad tertium dicendum est quod licet quo ad multas con¬
835 1284 1418 1320 ditiones posset vnus actus simplex equiualere duo
837 1314 1423 1354 bus sicut patet in exemplis adductis nullomodo tamen
841 1341 1421 1377 posset simul esse meritorius et demeritorius vnde
829 1371 1413 1406 licet velle liberare innocentem sit magni meriti ti
829 1396 1424 1436 hoc velle deducere ad effectum per mendacium non est
829 1428 1421 1465 meritorium sed demeritorium Secundum dubium prin
824 1456 1423 1490 cipale est contra istud quod est dictum in questione
825 1481 1419 1519 precedenti charitatem absolute loquendo posse suo
827 1517 1419 1546 cessiue minui a deo sicut et per partes augetur et
830 1538 1419 1575 quod cupiditas venialis potest esse via riminutionis eius
824 1572 1423 1605 et opera preceptorum vel consilionum via restauratio
825 1597 1423 1636 nis illius quod diminueretur si sic demereatur igitur quis
829 1621 1413 1658 sit venialiter quod deus propter venialia vniformiter in
824 1654 1421 1692 vna hora remittendo aufferat charitatem totam quam
831 1679 1411 1718 ipse habuit in principio illius hore et ex alia parte
827 1710 1418 1748 propter merita a deo illium hore vniformiter: du¬
821 1740 1411 1774 plo velocius reproducat charitatem illam et sit cha¬
827 1765 1417 1806 ritas illa totalis A tunc sequitur quod a in fine hore
820 1795 1414 1827 erit totaliter destructum et totaliter reparatum Re¬
821 1819 1419 1858 spondetur negando quod in fine hore verum sit dicere. a.
821 1850 1422 1894 est totaliter destructum sed bene esset destructum per
828 1880 1418 1918 vnam mutationem nisi per aliam esset reproductum.
843 1906 1416 1949 Aliter dicitur concedendo quod in fine a est primo to
821 1936 1408 1974 taliter destructum et habet primo destructum esse sed
823 1964 1416 2005 non sequitur igitur tunc habet non esse. ⁋ Quartum
823 1994 1417 2032 dubisi potest esse contra illud quod dictum est fer¬
823 2022 1417 2052 uorem charitatis posse minui per cupiditatem ve¬
825 2050 1417 2083 nialem pari ratione per difficultatem in oppositum
821 2076 1411 2114 vel penam corporalem et si hoc sequitur quod duo dari
825 2108 1408 2154 possent eque meritorie diligentes deum per vnam
