1771 2500
636 253 956 319 Irca tertium li¬
633 306 955 348 brum quia alias londonio toto
626 339 957 377 anno pertractaui q. 13. prima
629 368 950 402 rum distinctionum nuc incipio
621 393 963 428 a distinctione decima quarta
616 426 952 466 ln qua Magister pertractat de sci
622 453 958 492 entia anime Christi et eius potentia
621 481 962 519 te de eius scientia. Quero pri¬
622 508 957 545 ismo sicut quaerit Magister vtrum anima
353 538 950 579 Christi habeat et et habuit sapientiam equalem deo. Et videtur
353 563 961 606 quod sic qui ipsa est sapiens sapientia increata igitur antecedens
360 592 968 634 videtur patere per auctoritates sanctorum quas ponit
356 621 959 663 magister di. 13. tertii ex quibus ca. 4 infert Magister his eui¬
355 649 967 690 denter traditur duos esse in Christo esse principales sensus
353 676 960 723 seu gemmam sapientiam vnam non creatam sed genitam quia ipse
355 706 961 746 est alteram non genitam sed creatam et per gratiam collatam ei et
354 736 971 776 hec ibi. Et per vtramque istarum fuit anima Christi sapiens vt vi
360 760 954 803 detur per creatam enim fuit sapiens quia illa fuit vnita
352 795 964 831 illi anime igitur etiam et per increatam quia et illa non minus
361 821 957 866 perfecte fuit vnita illi anime vel illa sibi etc. Pro
350 849 956 890 batur di. 10. ca. 2 dicit magister quod anima Christi in verbo scit
351 877 963 917 omnia que deus scit et probat hoc primo quia da¬
359 904 960 945 tus est ei spiritus non ad mensuram. Secundo probat
352 932 958 981 hoc auctoritate fulgentii qui inititur dicto apostili. d. In
354 956 961 1003 quo sunt omnes thesauri sapientie. Tertio probat
355 992 965 1030 ratione qui nihil scit aliquis quod eius anima ignorat
348 1018 959 1058 Ex his sequitur quod anima Christi habet scientiam immensam
349 1045 953 1089 quia fine mensura et scit infinita quodlibet distin¬
355 1074 954 1120 cte sed hoc non potest esse per scientiam creatam quia
353 1108 949 1143 cognoscere infinite distincte non potest aliquis nisi per
345 1137 957 1172 scientiam infinitam igitur per scientiam increatam et per
345 1165 959 1203 consequens verbum in quo illa anima nouit omnia est illi anime
347 1190 951 1229 scientia et noticia omnium rerum igitur scientia illius
348 1218 956 1261 anime tanta est et erat scientia seu noticia sicut dei. ⁋ Ad
353 1249 950 1284 oppositum potest argui per argumenta quae taguntur
347 1280 947 1315 in ca. primo eiusdem di. 14 primum est quia in nullo creatum
348 1302 951 1341 ra equatur creatori. Secundum si sic tunc non in omni bono
354 1334 955 1369 deus haberet maionem sufficientiam quam eis creatura.
354 1361 955 1399 Tertio per cass. d. veritas humane conditionis ostendi
355 1392 948 1426 tur quia hoc assumptus diuine substantie non potest equari in
354 1416 952 1457 scientia vel in alio. Quarto arguitur hoc ibi per illud
347 1442 951 1481 apostoli nemo nouit quae sunt dei nisi spiritus dei qui solius scru¬
350 1477 954 1510 tatur omnia etiam profunda dei hec ibi igitur nullus spiritus cre
351 1500 955 1540 atus habet equalem sapientiam vel noticiam cum deo hic pos¬
354 1534 957 1570 set esse vnus articulus de sapientia creata quem dimit¬
351 1558 957 1596 to quia satis est certum theologis quod illa sapientia crea¬
350 1585 954 1625 ta non est equalis diuine sapientie. Et propter hoc dicit
360 1612 956 1652 magister ca. 2 di. 14 quod et si sciat omnia anima illa quae deus per sapi¬
355 1647 953 1679 entiam gratis datam non est tamen eius sapientia equa¬
353 1671 953 1709 lis sapientie dei quia illa est multo dignior digni¬
350 1700 950 1738 usque et perfectius omnia recipit quod illius anime sa¬
363 1720 948 1770 pientia igitur et in scientia maiorem habet suffic¬
358 1755 958 1795 entiam deus quam anima illa. Alius potest esse articulus ad
363 1783 960 1824 titulum questionis de sapientia increata de hoc sit
356 1814 949 1852 conclusio prima quod et si anima illa esset sapiens sapien
359 1838 953 1878 tia increata non tamen propter hoc habet equalem sa¬
360 1869 957 1912 pientiam cum deo quia equalitas requirit distictionem
360 1897 952 1938 igitur. ⁋ Secunda conclusio quod anima Christi non est sapiens sapien
357 1925 959 1965 tia increata nec noscens per noticiam increatam ita quod
360 1959 957 1992 deus ipse sit illi anime cognitio quia pari ratione bea
362 1983 955 2022 titudo formalis illius anime esset beatitudo di¬
357 2011 952 2047 uina et per consequens ista anima eque beata esset sicut deum
361 2037 954 2078 et eque potens et eque sciens: quia posset velle
360 2070 958 2103 eadem volitione omnipotente ymo de facto vel¬
360 2098 961 2148 let quicquid deus vult et cognosceret que cogno¬
984 234 1587 288 scit ex quo sibi communicaretur fini et velle volitione ea¬
980 280 1591 320 dem formaliter qua deus vult et ita ista anima pos
985 313 1553 344 set creare quod non conceditur pure creature.
990 339 1586 375 ⁋ Respondet grascofi. quod anima illa est infinite vera
991 368 1583 401 et deus et quod vniri hypostatice verbo est verbum vi¬
988 393 1582 429 dere et frui visione et fruitione increata et ideo for
986 423 1599 457 te concederentur quasi omnia illata hec tamen con
986 455 1582 488 tingenter est ita beata etc. deus autem necessario et
990 480 1592 515 naturaliter est ista beatitudine infinita infinite be¬
991 507 1593 543 atus. ⁋ Contra sicut alias argui contra ista tunc
988 538 1586 573 corpus christi etc. in triduo non fuisset vnitum ypo
990 565 1590 600 statice dei filio. Item tunc anima christi equaliter
988 594 1587 629 vniretur tribus personis quia fruitio vel visio in
991 626 1593 656 creata est equaliter tres persone et trium perso¬
988 649 1586 684 narum. Item iste concedit quod eque bene intensiue
990 678 1590 711 est illi anime sicut deo quia infinite est sibi bene li
988 709 1588 740 cet contingenter et non ex natura sua hoc autem
985 734 1586 768 non videtur conuenienter dictum. Alio modo for
989 763 1589 796 te dicetur ad argumentum quod ista non sequuntur
992 795 1584 825 quia per illam noticiam perfectius intelligit de
991 821 1589 853 us quam anima illa et per illam dilectionem perfectius
990 849 1587 881 diligit nec etiam oportet quod videat omina distincte
996 879 1592 911 que deus sed illa que deus voluerit ipsam videre
985 909 1592 934 et modo vnum et modo aliud sicut placebit deo.
988 932 1587 967 ⁋ Contra primam partem ex quo noticia vtriusque
990 965 1586 995 est penitus eadem et eiusdem quantitatis non vi¬
997 990 1591 1024 detur rationabile quin eque perfecte intelligant et
988 1019 1591 1055 pari ratione eque perfecte velint quia eque alba
990 1049 1592 1083 est nix et cignus propter equales albedines licet
987 1076 1591 1109 ipsa alba sint inequalia et si eandem numero in¬
984 1102 1590 1133 tellectionem poneret deus in angelo perfectiori
984 1132 1588 1164 et imperfectiori per illam eque perfecte formali
990 1160 1591 1194 ter intelligerent. ⁋ Contra secundam partem ar¬
990 1178 1596 1223 guo sic si stante eadem visione increata nulla facta
985 1218 1589 1251 nouitate aut mutatione locali vel secundum formam de
988 1242 1596 1279 non intelligente. a. et. b intelligibilis fiat anima intelli
984 1273 1597 1309 gens. a. et. b. intelligibilia. Quero quomodo saluatur iste
988 1301 1597 1336 transitus de contradictorio in contradictorium non per solum
980 1330 1597 1363 transitum temponis quia tempus posset transire et tamen non oporteret
988 1361 1592 1393 animam aliud cognoscere quam prius nec propter transitum temporis et
982 1386 1588 1425 preordinationem diuinam sicut iunctas quia eque dicetur de ali
986 1421 1585 1448 quo quod prius non album fiat album ex hoc solo nec pro¬
991 1439 1583 1476 pter nouitatem alicuius rei vel destructionem quia po¬
985 1470 1587 1504 no quod nihil corrumpatur vel producatur nec motus loca¬
990 1497 1583 1532 lis est in causa nec hoc quia aliquid quod prius ab
984 1530 1582 1559 aliquo producebatur et dependebat nunc non de
986 1557 1582 1591 pendet ab illo sicut de radio qui multotiens in die
990 1587 1587 1619 posset dependere nunc a deo solo et a sole propter
989 1614 1581 1647 hoc quod deus potest effectiue et immediate causare
984 1645 1583 1677 se solo quod tamen creatura aliam viam non percepi
984 1673 1583 1706 per quam possit assignari transitus vnus preter
992 1698 1585 1733 vnam de causa finali alia quam prius que via in pro¬
992 1724 1584 1762 posito non habet locum nec aliqua aliarum viarum
991 1759 1583 1791 potest dari quia ista dilectio vel cognitio est incre¬
985 1782 1587 1817 ata per datum et vnio hypostatica manet vnifor¬
995 1811 1587 1846 miter et cetera omnia sic manent igitur etc. ⁋ Di¬
990 1836 1593 1875 ceres forte quod sicut sufficit quod deus nunc velit radium
990 1867 1583 1902 a se dependere et non a sole ad nouam verificatio¬
988 1894 1593 1931 nem istius iste radius non dependet a sole sine alia
988 1923 1585 1956 nouitate rei etiam sufficit quod velit hoc distincte nunc
992 1951 1592 1985 intelligit et nunc illud ad nouam verificationem harum
990 1984 1582 2017 propositionum. Sed secundem hoc etiam dicam quod de non albo
988 2008 1593 2045 posset fieri album per hoc quod deus oe nouo volet hoc si¬
988 2034 1591 2070 ne omni re noua et de homine asinus et sic de infinitis quod
991 2064 1596 2100 est tamen est falsum quia licet deus posset supple
991 2092 1591 2140 re vices aliarum causarum efficientium et conser¬
