1770 2500
190 216 783 264 posset satiare formaliter nisi informet quamuis ob
193 263 783 295 lectiue vel effectiue satiare posset nec dependentia
187 285 781 320 sufficere posset qualiscumque alia quod patet quia quali
185 311 784 344 bet creatura tantu dependet a deo sicut a quolibet
181 342 784 377 alio igitur cum beatitudo increata sit ita intime pre
184 371 780 403 sens angelo sicut anime Christi secundum essentiam et situm ei
187 397 779 431 angelus ab ista dependeat in essendo oporteret si
180 426 783 456 dicta ratio valeret quod angelus ita beatus esset si¬
187 453 788 488 cut si duo angeli essent simul secundum situm et vnus in¬
187 480 787 511 telligeret alium et econuerso et intellectio vtriusque
180 508 785 536 dependeret ab alio et esset alim presens et tamen alius
184 537 787 570 ita minime intelligeret et responsio breuis est vtro
184 563 786 598 bique quod requiritur dependentia accidentis ad subie
186 596 783 630 ctum per informationem quia nulla alia sufficit.
206 621 778 655 ⁋ Ad quintum negatur antecedens quia licet bea
191 654 781 686 titudo diuina sit illius anime quia ipsa est suppositum illius
189 681 787 712 anime et de facto etiam est beatitudo obiectiua illius anime
186 707 786 738 et etiam effectiua beatitudinis eius non tamen est beatitudo
186 735 788 764 illius anime sic quod per eam illa anima sit formaliter beata sicut
186 763 779 799 licet deitas vel omnipotentia sit illius anime quia est supposi
180 789 781 825 tum illius anime et obiectum et principium non tamen est doitas nec
185 821 779 851 omnipotentia illius anime sic quod ista anima esset per eam deus et om
184 848 784 882 nipotens. ⁋ Ad 6 concedo quod omnis volitio quae deus est
186 876 785 907 est dispositio qua anima illa optime et excellentissime
184 904 776 935 se habet in essendo sed non in formaliter operando
196 934 779 968 Ad 7 verum est quod opinio ma. erat quod anima Christi no
185 961 780 997 uit omnia que deus et hoc probat tribus argumentis posi
181 990 775 1021 tis in principio tamen non erat opinio magist.r quod illa anima
180 1014 787 1051 sciret noticia increata formaliter sed solum causaliter et
184 1046 785 1078 obiectiue et eodem modo oe volitione et fruitione. Et
185 1073 779 1106 ideo dicit di. 14 quod anima Christi intelligit omnia per sapientiam
188 1102 780 1139 gratis datam et di. 104 tertii dicit quod illa sapientia gra
187 1131 789 1161 tis data erat creata sapientia et non increata et etia in
189 1160 789 1195 di. 10 dicit quod non omnia ita clare et perspicue capit si¬
186 1189 779 1220 cut deus: ⁋ Ad primum autem argumentum ma. non de
182 1215 787 1249 ducit oppositum quia illud dicitur dari non ad mensuram
185 1243 783 1279 quod datur secudum voluntatem et capacitatem recipientium
180 1272 776 1299 non secundum praefixionem alicuius men sure determinate api
182 1297 778 1328 dantem. Et si quis daret elemosinam pauperibus cui
187 1326 783 1357 libet quantum vult et quantum portare posset etc. sic autem anima
182 1357 783 1391 Christi in suo principio accepit gratiam et forte nulla
186 1385 786 1417 alia ymo vltra datum est sibi vt illud gratie quod
182 1413 789 1452 ipsa capere non potest aliis quibus ipsa voluerit
189 1441 777 1475 conferatur quia de plenitudine eius omnes accepimus
188 1466 784 1506 So. primo etiam auctoritas fulgentii hoc non con¬
188 1499 779 1534 cludi quia ille non dicit quod scit omnia sed quia ha¬
185 1520 784 1558 bet scientiam omnium et verum est quia habet dei
186 1550 779 1586 tatem sibi vnitam que est scientia omnium et hoc so
184 1578 786 1612 nat probatio fulgentii cum dicit in quo sunt omens
188 1608 783 1647 thesauri non dicit in qua anima et si hoc diceret
189 1635 781 1675 glosaretur vt iam dictum est vel sicut ma. glosatur.
179 1666 786 1697 Ratio etiam magistri non concludit quia eque eui
180 1691 783 1725 dens est hec nihil vult aliquis quod eius anima non ve
180 1716 781 1754 lit sicut maior sua et tamen Christus dicit non quod ego volo
182 1748 787 1785 sed quod tu etiam vnio hypothetica nature ad ver
185 1773 785 1813 bum stare potuisset sine cognitione quacunque illius
179 1803 779 1841 anime. Item eque apparens est ista sicut maior sua
178 1833 779 1870 nihil sit aliquis perfecte vel clare quin anima eius
189 1861 782 1894 eque perfecte et eque clare illud sciat cuius tamen
178 1887 782 1921 oppositum ipse dicit dices quomodo igitur posset
187 1914 785 1950 scire omnia dicendum quod siue opinio ma. sit vera si
182 1943 780 1977 ue non intelligi potest sic quod verbum sit quodam¬
182 1972 779 2009 modo speculum intellectuale omnia cognoscibi¬
178 1998 783 2039 lia representans et quod anima christi ita perfecte per
184 2028 778 2065 scientiam creatam sibi collatam videt istud specu
173 2060 779 2101 lum ita quod omnia ibi repraesentata vel relucentia in verbo
821 215 1426 261 dei videt sicut nos vno aspectu videmus speculum et
829 254 1419 295 elucentia in speculo et hoc etiam multi tribuunt cui
821 286 1416 322 libet beato iuxta illam famosam auctoritatem gre
819 318 1417 352 gorii in libro dyalogorum quid est quod nesciunt
816 345 1420 373 vbi scientem omnia sciunt. Alio modo potest glo e¬
817 370 1422 404 sari quod verbum est illi anime pro habitu seu specie
825 401 1423 436 quo quodlibet cognoscere possit vtrum autem verum sit
818 428 1417 460 quod omnia scita quae deus vel non postea forsitan inquiretur di.
813 459 1423 493 praesenti. 14. ⁋ Ad octauum dicendum quod per idem argu¬
814 487 1414 522 mentum probaretur quod de facto possum deum decipe¬
816 515 1416 548 re tamen adhuc differentia est quia intrisece essentialiter eui
814 541 1414 571 dens noticia futurorum quam impossibile est falsificari
817 569 1413 603 vel decipi et ideo si deus scit a esse futurum et tamen hoc con
816 598 1419 633 ceditur quod a potest non fore oportet concedere quod deus pos¬
815 623 1423 661 set numquam sciuisse a esse futurum. Sed ita non est de no¬
812 652 1419 684 ticia creata quia nec anima Christi nec aliqua creatura
815 681 1417 717 potest habere noticiam creatam euidentem euidentia intri
818 710 1417 742 seca cui formaliter repugnat deceptio de aliquo fu¬
815 738 1419 772 turo sicut satis bene deducit hoc argumentum octa
818 767 1418 803 uum et ideo conceditur conclusio quae infers de anima Christi et
815 793 1419 826 hoc de potentia dei absoluta licet tamen certitudinali
819 825 1419 856 ter id est absque aliqua hesitatione possit vere iudicare
821 850 1411 885 quod sic erit et nullo modo potest in hoc fieri deceptio vel et
819 883 1420 916 ror stante communi ordinatione et non sequitur si anima Christi decipe
814 909 1414 941 retur quod igitur Christus deciperetur seu deus deciperetur licet cons
815 936 1417 969 esset concedendum si ly decipi exponeretur pure positi¬
814 965 1417 992 ue scilicet pro credere aliter quam sit vel esse debeat in re
815 991 1417 1024 tunc enim decipi secundum animam posset etiam detu
808 1018 1417 1051 fectus precise penalis et ideo non repugnaret plus
813 1046 1415 1079 dei filio secundum animam quam dolere vel timere secundum animam
808 1072 1410 1111 Set si exponitur negatiue tunc idem est quod credere aliter quam
814 1103 1417 1135 sit vel erit et simul cum hoc non scire quomodo est et tunc non est
814 1132 1417 1165 concedendum nec etiam sequitur quod si anima Christi decipitur quod
814 1158 1415 1192 igitur Christus decipitur quia licet secundum animam credat aliter quam sit
812 1186 1417 1219 vel erit tamen cum hoc secundum deitatem scit quomodo est vel erit
819 1215 1419 1248 Totam autem deductionem vlteriorem qua probatur non pos¬
816 1242 1413 1275 se assensisse postquam assensit concedo de assensu crea
817 1274 1419 1306 to sed si assensus potest esse simul non esse assensus
815 1301 1418 1336 vel cognitio etiam et non esse cognitio vt isti dicunt
817 1325 1423 1360 tunc negatur prima consequentia et similiter alie
816 1358 1421 1392 deductiones et dicitur quod non est simile de omni alia
812 1385 1413 1418 intellectione vel consensu quia ad hoc quod aliquis
814 1414 1413 1448 assensus vel intellectus sit consensus vel intelle¬
820 1443 1418 1477 ctio anime Christi verbo vnite requiritur quod talis con
818 1470 1419 1506 sensus sit vel fuerit verus vel vera intellectio et igitur
812 1498 1420 1530 si est vel fuit de futuro cum tunc veritas eius depen¬
813 1526 1418 1562 deat ex futuro concedendum est quod sicut tale futu¬
812 1558 1421 1590 rum potest non fore ita talis consensus anime Christi po
816 1586 1417 1617 test nunquam fuisse consensus anime Christi et etiam gau
819 1611 1417 1644 dium tantum in illa anima ex tali consensu potest nunquam
818 1640 1417 1675 fuisse ex tali consensu causatum. Sed aliter ex illa
812 1665 1418 1699 qualitate que est vel fuit consensus vel ex alia cau¬
817 1695 1418 1729 sa secus autem est de consensu alterius anime non
821 1724 1411 1755 vnite quia talis potest consentire falso et errare et
821 1752 1415 1779 decipi. ⁋ Ad 6 dicendum quod ista intimitas sine in¬
813 1779 1418 1814 formatione non sufficit et etiam obstat illud quod
816 1810 1419 1840 apponitur scilicet quod tunc intelligeret infinite. Set
819 1838 1417 1872 cum dicitur quod hoc non oportet quia per eandem
815 1865 1418 1898 noticiam creatam potest anima nunc intelligere
813 1894 1417 1929 intensius etc negatur et cum probatur quia aliter per
817 1922 1409 1953 eandem visionem in verbo nunc potest beatus vide
819 1942 1419 1979 re nunc istud etc. conceditur de visione creata. ⁋ Ad
811 1974 1413 2011 confirmationem dico quod non est dare minimum visibile
812 2008 1412 2038 etc. et dato quod sic adhuc in nullo instanti vltio erit ista
819 2033 1417 2069 qualitas secundum se et quaelibet partem sui nec in aliquam vl
816 2061 1416 2101 timo instanti erit aliquam qualitas visio prima pars patet quia
