<?xml version="1.0" encoding="UTF-8" standalone="yes"?>
<PcGts xmlns="http://schema.primaresearch.org/PAGE/gts/pagecontent/2013-07-15" xmlns:xsi="http://www.w3.org/2001/XMLSchema-instance" xsi:schemaLocation="http://schema.primaresearch.org/PAGE/gts/pagecontent/2013-07-15 http://schema.primaresearch.org/PAGE/gts/pagecontent/2013-07-15/pagecontent.xsd">
    <Metadata>
        <Creator>prov=University of Rostock/Institute of Mathematics/CITlab|PLANET AI GmbH/Gundram Leifert/gundram.leifert@planet-ai.de:name=paris1512-m2(htr_id=28868)::::v=2.6.7
prov=University of Rostock/Institute of Mathematics/CITlab|PLANET AI GmbH/Tobias Gruening/tobias.gruening@planet-ai.de:name=de.uros.citlab.module.baseline2polygon.B2PSeamMultiOriented:v=2.6.7
prov=University of Rostock/Institute of Mathematics/CITlab|PLANET AI GmbH/Tobias Gruening/tobias.gruening@planet-ai.de:name=/net_tf/LA73_249_0mod360.pb:de.uros.citlab.segmentation.CITlab_LA_ML:v=2.6.6
Transkribus</Creator>
        <Created>2020-05-20T16:31:10.727-04:00</Created>
        <LastChange>2021-02-10T22:29:19.894+01:00</LastChange>
        <TranskribusMetadata docId="390168" pageId="15128276" pageNr="279" tsid="52405380" status="IN_PROGRESS" userId="26396" imgUrl="https://files.transkribus.eu/Get?id=DHOMECNPSNDURWCOBITWEIHP&amp;fileType=view" xmlUrl="https://files.transkribus.eu/Get?id=MKYOKTELXPHHUZAQWBXYGOGE" imageId="10993780"/>
    </Metadata>
    <Page imageFilename="278.jpg" imageWidth="1808" imageHeight="2500">
        <ReadingOrder>
            <OrderedGroup id="ro_1613568012679" caption="Regions reading order">
                <RegionRefIndexed index="0" regionRef="TextRegion_1612382260862_3874"/>
                <RegionRefIndexed index="1" regionRef="TextRegion_1612382260862_3873"/>
            </OrderedGroup>
        </ReadingOrder>
        <TextRegion orientation="0.0" id="TextRegion_1612382260862_3874" custom="readingOrder {index:0;}">
            <Coords points="375,153 992,153 992,2092 375,2092"/>
            <TextLine id="r1l3" custom="readingOrder {index:0;}">
                <Coords points="371,266 967,253 966,219 905,207 727,232 370,224"/>
                <Baseline points="376,260 405,260 434,259 463,258 493,258 522,257 551,256 581,255 610,255 639,254 669,253 698,253 727,252 756,252 786,251 815,251 844,251 874,251 903,251 932,251 962,252"/>
                <TextEquiv>
                    <Unicode>non est dare vltimum instans rei permanentis ines¬</Unicode>
                </TextEquiv>
            </TextLine>
            <TextLine id="r1l5" custom="readingOrder {index:1;}">
                <Coords points="375,292 967,290 966,254 374,265"/>
                <Baseline points="380,289 409,289 438,289 467,288 496,288 525,287 554,286 583,285 612,284 641,283 671,282 700,281 729,280 758,280 787,279 816,279 845,279 874,279 903,280 932,281 962,282"/>
                <TextEquiv>
                    <Unicode>se. Secunda pars probatur quia vel simul secundum se et quod</Unicode>
                </TextEquiv>
            </TextLine>
            <TextLine id="r1l7" custom="readingOrder {index:2;}">
                <Coords points="375,320 973,314 972,290 933,281 374,291"/>
                <Baseline points="380,317 409,316 438,316 468,315 497,314 527,313 556,312 585,311 615,311 644,310 674,309 703,309 732,308 762,308 791,308 821,307 850,307 879,307 909,307 938,307 968,308"/>
                <TextEquiv>
                    <Unicode>libet sui vt cessat illa qualitas esse visio ita quod su¬</Unicode>
                </TextEquiv>
            </TextLine>
            <TextLine id="r1l9" custom="readingOrder {index:3;}">
                <Coords points="383,348 940,344 969,341 969,314 383,324"/>
                <Baseline points="388,345 416,344 445,343 474,342 503,341 532,341 560,340 589,339 618,339 647,338 676,338 704,338 733,337 762,337 791,337 820,336 848,336 877,336 906,336 935,336 964,336"/>
                <TextEquiv>
                    <Unicode>pito deuenit non visio vel non si primum igitur est dare</Unicode>
                </TextEquiv>
            </TextLine>
            <TextLine id="r1l11" custom="readingOrder {index:4;}">
                <Coords points="379,382 944,374 972,365 972,340 378,350"/>
                <Baseline points="383,374 412,373 441,372 470,371 499,370 529,369 558,369 587,368 616,367 645,367 675,366 704,366 733,365 762,365 791,365 821,364 850,364 879,364 908,364 937,364 967,364"/>
                <TextEquiv>
                    <Unicode>primum instans in quo sit non visio et illud necessario</Unicode>
                </TextEquiv>
            </TextLine>
            <TextLine id="r1l13" custom="readingOrder {index:5;}">
                <Coords points="371,403 967,395 966,367 371,384"/>
                <Baseline points="376,402 405,400 434,400 463,399 493,398 522,397 551,396 581,396 610,395 639,394 669,394 698,393 727,393 756,393 786,393 815,393 844,393 874,393 903,393 932,393 962,393"/>
                <TextEquiv>
                    <Unicode>erit immediatum vltimo instanti. etc. Si secundum igitur vel</Unicode>
                </TextEquiv>
            </TextLine>
            <TextLine id="r1l15" custom="readingOrder {index:6;}">
                <Coords points="380,437 949,429 969,425 969,399 380,405"/>
                <Baseline points="385,430 415,429 445,428 476,427 506,426 537,425 567,424 598,424 628,423 659,422 689,422 720,422 750,421 781,421 811,421 842,421 872,420 903,420 933,420 964,420"/>
                <TextEquiv>
                    <Unicode>ipsa vel aliqua eius post a. erit visio si ipsa tunc a.</Unicode>
                </TextEquiv>
            </TextLine>
            <TextLine id="r1l17" custom="readingOrder {index:7;}">
                <Coords points="373,463 971,453 970,426 929,423 373,435"/>
                <Baseline points="378,456 407,456 436,455 466,455 495,454 525,453 554,453 583,452 613,451 642,451 672,450 701,450 730,449 760,449 789,449 819,448 848,448 877,448 907,448 936,449 966,449"/>
                <TextEquiv>
                    <Unicode>non est vltimum instans et si aliqua eius pars tunc hoc</Unicode>
                </TextEquiv>
            </TextLine>
            <TextLine id="r1l19" custom="readingOrder {index:8;}">
                <Coords points="375,488 971,485 962,452 374,464"/>
                <Baseline points="380,484 409,484 438,483 467,483 497,482 526,482 555,481 585,481 614,480 643,479 673,479 702,478 731,478 760,477 790,477 819,477 848,477 878,477 907,477 936,477 966,478"/>
                <TextEquiv>
                    <Unicode>non erit minimum visibile ab illa distantia etc. De</Unicode>
                </TextEquiv>
            </TextLine>
            <TextLine id="r1l22" custom="readingOrder {index:9;}">
                <Coords points="375,520 975,510 974,484 955,480 374,488"/>
                <Baseline points="380,514 409,513 439,512 468,511 498,510 527,509 557,509 586,508 616,508 645,507 675,507 704,506 734,506 763,506 793,505 822,505 852,505 881,505 911,505 940,505 970,505"/>
                <TextEquiv>
                    <Unicode>hac materia vide in aliis vbi tractatur materia de</Unicode>
                </TextEquiv>
            </TextLine>
            <TextLine id="r1l25" custom="readingOrder {index:10;}">
                <Coords points="370,544 955,540 971,538 971,510 370,521"/>
                <Baseline points="375,541 404,540 434,540 463,539 493,539 522,538 552,537 581,537 611,536 640,536 670,535 700,535 729,534 759,534 788,533 818,533 847,533 877,533 906,533 936,532 966,532"/>
                <TextEquiv>
                    <Unicode>maximo et minimo. ⁋ Ad 10 dicitur quod opinio commen</Unicode>
                </TextEquiv>
            </TextLine>
            <TextLine id="r1l28" custom="readingOrder {index:11;}">
                <Coords points="373,574 967,572 974,537 373,544"/>
                <Baseline points="378,568 407,568 437,567 466,567 496,566 525,566 555,565 584,565 614,564 643,563 673,563 703,562 732,562 762,561 791,561 821,561 850,561 880,561 909,561 939,562 969,563"/>
                <TextEquiv>
                    <Unicode>tatoris videtur fuisse quod intellectus agens intelligit per</Unicode>
                </TextEquiv>
            </TextLine>
            <TextLine id="r1l31" custom="readingOrder {index:12;}">
                <Coords points="377,603 973,591 972,569 941,562 376,574"/>
                <Baseline points="382,596 411,596 440,595 469,595 499,594 528,593 557,593 587,593 616,592 645,592 675,591 704,591 733,590 762,590 792,590 821,589 850,589 880,589 909,588 938,588 968,588"/>
                <TextEquiv>
                    <Unicode>suam substantiam et est intellectio et forma vere infor¬</Unicode>
                </TextEquiv>
            </TextLine>
            <TextLine id="r1l33" custom="readingOrder {index:13;}">
                <Coords points="377,628 954,626 979,620 979,594 377,602"/>
                <Baseline points="382,624 411,624 441,623 470,623 500,623 530,622 559,622 589,621 618,621 648,620 678,620 707,619 737,619 766,618 796,618 826,617 855,617 885,617 914,617 944,616 974,616"/>
                <TextEquiv>
                    <Unicode>mans intellectum possibilem per quem etiam intelligit</Unicode>
                </TextEquiv>
            </TextLine>
            <TextLine id="r1l35" custom="readingOrder {index:14;}">
                <Coords points="383,656 972,649 963,618 382,628"/>
                <Baseline points="388,653 418,652 448,652 479,651 509,650 540,650 570,649 601,649 631,648 662,648 692,647 723,647 753,646 784,646 814,645 845,645 875,644 906,644 936,644 967,643"/>
                <TextEquiv>
                    <Unicode>intellectus possibilis. Sed tenendo veritatem quod</Unicode>
                </TextEquiv>
            </TextLine>
            <TextLine id="r1l37" custom="readingOrder {index:15;}">
                <Coords points="377,685 978,677 977,645 376,655"/>
                <Baseline points="382,681 411,681 441,680 470,680 500,679 529,679 559,678 588,677 618,677 647,676 677,675 706,675 736,674 765,673 795,673 824,672 854,672 883,672 913,672 942,672 972,672"/>
                <TextEquiv>
                    <Unicode>intellectus agens siue sit ipse deus siue alia substam</Unicode>
                </TextEquiv>
            </TextLine>
            <TextLine id="r1l40" custom="readingOrder {index:16;}">
                <Coords points="382,713 973,707 960,675 381,686"/>
                <Baseline points="386,708 415,708 444,707 473,707 502,706 531,706 560,705 589,705 618,704 647,704 676,703 705,703 734,702 763,702 792,701 821,701 850,700 879,700 908,700 937,700 967,699"/>
                <TextEquiv>
                    <Unicode>tia non sit forma intellectus possibilis quantuncunque in¬ </Unicode>
                </TextEquiv>
            </TextLine>
            <TextLine id="r1l43" custom="readingOrder {index:17;}">
                <Coords points="382,740 972,737 971,708 940,702 381,713"/>
                <Baseline points="387,737 416,736 445,736 474,736 503,735 532,734 561,734 590,733 619,733 648,732 677,732 706,731 735,731 764,731 793,730 822,730 851,729 880,729 909,729 938,728 967,728"/>
                <TextEquiv>
                    <Unicode>tellectus agens esset intellectio nunquam per eum alius</Unicode>
                </TextEquiv>
            </TextLine>
            <TextLine id="r1l45" custom="readingOrder {index:18;}">
                <Coords points="381,768 952,765 974,763 974,734 381,741"/>
                <Baseline points="386,764 415,763 444,763 473,762 502,762 531,762 560,761 590,761 619,760 648,760 677,760 706,759 735,759 764,758 794,758 823,757 852,757 881,757 910,756 939,756 969,755"/>
                <TextEquiv>
                    <Unicode>intellectus formaliter intelligeret licet obiectiue</Unicode>
                </TextEquiv>
            </TextLine>
            <TextLine id="r1l47" custom="readingOrder {index:19;}">
                <Coords points="377,803 964,793 976,764 377,772"/>
                <Baseline points="382,792 411,792 440,791 470,791 499,791 529,790 558,789 588,789 617,788 647,788 676,787 705,786 735,786 764,786 794,785 823,785 853,785 882,785 912,785 941,785 971,785"/>
                <TextEquiv>
                    <Unicode>vel effectiue forte intelligere potest ideo commentator</Unicode>
                </TextEquiv>
            </TextLine>
            <TextLine id="r1l49" custom="readingOrder {index:20;}">
                <Coords points="381,825 956,822 971,793 381,800"/>
                <Baseline points="386,820 415,820 444,819 473,819 502,819 531,818 560,817 589,817 618,817 647,816 676,815 705,815 734,814 763,814 792,813 821,813 850,813 879,812 908,812 937,812 966,812"/>
                <TextEquiv>
                    <Unicode>est negandus. ⁋ Ad i. si illa sit sententia huign nego</Unicode>
                </TextEquiv>
            </TextLine>
            <TextLine id="r1l51" custom="readingOrder {index:21;}">
                <Coords points="381,854 953,848 981,843 981,817 380,825"/>
                <Baseline points="385,847 414,848 444,848 473,848 503,848 532,847 562,847 591,846 621,845 650,844 680,843 710,843 739,842 769,841 798,841 828,840 857,840 887,840 916,840 946,841 976,842"/>
                <TextEquiv>
                    <Unicode>eum sicut et facit Magister quae in di. 10 dicit quod in nullo cre</Unicode>
                </TextEquiv>
            </TextLine>
            <TextLine id="r1l53" custom="readingOrder {index:22;}">
                <Coords points="382,884 971,880 977,845 382,853"/>
                <Baseline points="387,875 416,876 445,876 474,875 504,875 533,875 562,874 591,873 621,873 650,872 679,871 708,870 738,870 767,869 796,868 825,868 855,868 884,867 913,867 942,868 972,868"/>
                <TextEquiv>
                    <Unicode>atura equatur creatori. ⁋ Ad 1x est dicendum sicut</Unicode>
                </TextEquiv>
            </TextLine>
            <TextLine id="r1l55" custom="readingOrder {index:23;}">
                <Coords points="374,911 969,903 981,877 374,880"/>
                <Baseline points="379,903 408,903 438,903 468,903 498,903 528,902 558,902 587,901 617,901 647,900 677,899 707,899 737,898 767,897 796,897 826,896 856,896 886,896 916,895 946,895 976,895"/>
                <TextEquiv>
                    <Unicode>ad 7 ⁋ Ad 13. dicitur quod intellectio increata non est na¬</Unicode>
                </TextEquiv>
            </TextLine>
            <TextLine id="r1l57" custom="readingOrder {index:24;}">
                <Coords points="377,938 951,935 975,930 975,903 377,910"/>
                <Baseline points="382,932 411,932 440,931 470,931 499,930 529,930 558,929 587,929 617,928 646,928 676,927 705,927 734,926 764,926 793,925 823,925 852,925 881,925 911,925 940,925 970,925"/>
                <TextEquiv>
                    <Unicode>ta esse alicuius intellectus creati forma sicut albe</Unicode>
                </TextEquiv>
            </TextLine>
            <TextLine id="r1l59" custom="readingOrder {index:25;}">
                <Coords points="378,965 954,963 983,955 983,928 378,938"/>
                <Baseline points="383,961 412,961 442,960 472,959 502,959 531,958 561,957 591,957 621,956 650,955 680,954 710,954 740,953 769,953 799,953 829,952 859,952 888,953 918,953 948,953 978,954"/>
                <TextEquiv>
                    <Unicode>do et queuis sensatio sunt forme suorum subiectorum</Unicode>
                </TextEquiv>
            </TextLine>
            <TextLine id="r1l61" custom="readingOrder {index:26;}">
                <Coords points="377,994 944,990 983,980 983,955 377,965"/>
                <Baseline points="382,988 411,988 441,988 471,987 501,987 531,986 560,986 590,985 620,984 650,983 680,982 709,982 739,981 769,981 799,980 829,980 858,980 888,980 918,980 948,981 978,981"/>
                <TextEquiv>
                    <Unicode>et similiter intellectio creata in angelo vel in ho¬</Unicode>
                </TextEquiv>
            </TextLine>
            <TextLine id="r1l63" custom="readingOrder {index:27;}">
                <Coords points="379,1022 981,1020 981,982 379,994"/>
                <Baseline points="384,1017 413,1016 443,1015 472,1015 502,1014 532,1013 561,1013 591,1012 620,1012 650,1011 680,1011 709,1010 739,1010 768,1009 798,1009 828,1009 857,1009 887,1009 916,1009 946,1009 976,1009"/>
                <TextEquiv>
                    <Unicode>mine et ideo non est simile hinc inde. ⁋ Nota istud </Unicode>
                </TextEquiv>
            </TextLine>
            <TextLine id="r1l65" custom="readingOrder {index:28;}">
                <Coords points="377,1048 975,1040 974,1017 914,1009 376,1021"/>
                <Baseline points="382,1045 411,1044 440,1043 470,1043 499,1042 529,1041 558,1041 587,1040 617,1040 646,1039 676,1039 705,1039 734,1038 764,1038 793,1038 823,1038 852,1037 881,1037 911,1037 940,1037 970,1038"/>
                <TextEquiv>
                    <Unicode>esse falsum quod anima humana non potest sentire per sensatio¬</Unicode>
                </TextEquiv>
            </TextLine>
            <TextLine id="r1l67" custom="readingOrder {index:29;}">
                <Coords points="370,1077 982,1075 982,1043 370,1050"/>
                <Baseline points="375,1073 405,1072 435,1072 465,1071 495,1071 525,1070 555,1069 585,1068 615,1068 645,1067 676,1066 706,1066 736,1065 766,1065 796,1065 826,1065 856,1065 886,1065 916,1066 946,1066 977,1067"/>
                <TextEquiv>
                    <Unicode>nem bruti nec videtur ratio quam assignat quia de</Unicode>
                </TextEquiv>
            </TextLine>
            <TextLine id="r1l69" custom="readingOrder {index:30;}">
                <Coords points="373,1104 935,1103 977,1099 977,1073 373,1076"/>
                <Baseline points="378,1099 407,1099 437,1099 467,1099 496,1098 526,1097 556,1097 585,1096 615,1095 645,1095 675,1094 704,1094 734,1093 764,1093 793,1092 823,1092 853,1092 882,1093 912,1093 942,1094 972,1095"/>
                <TextEquiv>
                    <Unicode>facto visio humana est forma extensa et non opor¬</Unicode>
                </TextEquiv>
            </TextLine>
            <TextLine id="r1l71" custom="readingOrder {index:31;}">
                <Coords points="379,1132 931,1132 981,1128 981,1099 379,1105"/>
                <Baseline points="384,1128 413,1128 443,1127 472,1127 502,1127 532,1126 561,1126 591,1125 620,1124 650,1124 680,1123 709,1122 739,1122 768,1121 798,1121 828,1121 857,1121 887,1121 916,1121 946,1122 976,1123"/>
                <TextEquiv>
                    <Unicode>tet quod immediate informet animam intellectiuam</Unicode>
                </TextEquiv>
            </TextLine>
            <TextLine id="r1l73" custom="readingOrder {index:32;}">
                <Coords points="378,1164 970,1158 980,1129 378,1134"/>
                <Baseline points="383,1157 412,1157 442,1156 471,1156 501,1155 531,1154 560,1154 590,1153 619,1153 649,1152 679,1151 708,1151 738,1150 767,1150 797,1150 827,1149 856,1149 886,1149 915,1150 945,1150 975,1150"/>
                <TextEquiv>
                    <Unicode>non esset inconueniens quod sicut anima informet cor</Unicode>
                </TextEquiv>
            </TextLine>
            <TextLine id="r1l75" custom="readingOrder {index:33;}">
                <Coords points="372,1194 975,1186 974,1158 899,1152 371,1164"/>
                <Baseline points="377,1185 406,1185 436,1185 465,1184 495,1183 525,1183 554,1182 584,1181 614,1181 643,1180 673,1179 703,1179 732,1178 762,1178 792,1177 821,1177 851,1177 881,1177 910,1177 940,1178 970,1178"/>
                <TextEquiv>
                    <Unicode>pus extensum ita posset qualitas extensa informa</Unicode>
                </TextEquiv>
            </TextLine>
            <TextLine id="r1l77" custom="readingOrder {index:34;}">
                <Coords points="370,1219 973,1214 972,1186 909,1181 369,1195"/>
                <Baseline points="375,1213 404,1212 434,1212 463,1211 493,1211 523,1210 552,1210 582,1209 612,1208 641,1208 671,1207 701,1207 730,1207 760,1206 790,1206 819,1206 849,1206 879,1206 908,1207 938,1207 968,1208"/>
                <TextEquiv>
                    <Unicode>re animam sibi coexistentem sicut coexistit corpori et pre</Unicode>
                </TextEquiv>
            </TextLine>
            <TextLine id="r1l79" custom="readingOrder {index:35;}">
                <Coords points="377,1243 977,1242 976,1213 911,1208 376,1217"/>
                <Baseline points="382,1241 411,1240 441,1239 470,1239 500,1238 529,1238 559,1237 588,1237 618,1236 647,1236 677,1235 706,1235 736,1235 765,1235 795,1234 824,1234 854,1234 883,1235 913,1235 942,1235 972,1235"/>
                <TextEquiv>
                    <Unicode>ter hoc de sensationibus non est verum quia accipit in argu</Unicode>
                </TextEquiv>
            </TextLine>
            <TextLine id="r1l81" custom="readingOrder {index:36;}">
                <Coords points="373,1274 864,1276 973,1266 973,1244 373,1246"/>
                <Baseline points="378,1269 407,1268 437,1267 466,1266 496,1266 525,1265 555,1265 584,1265 614,1264 643,1264 673,1264 702,1263 732,1263 761,1263 791,1263 820,1263 850,1263 879,1263 909,1263 938,1263 968,1263"/>
                <TextEquiv>
                    <Unicode>mento quod nec anima humana nata est sentire per sensa¬</Unicode>
                </TextEquiv>
            </TextLine>
            <TextLine id="r1l83" custom="readingOrder {index:37;}">
                <Coords points="377,1304 950,1299 971,1296 971,1267 377,1276"/>
                <Baseline points="382,1296 411,1296 440,1295 469,1294 498,1294 528,1293 557,1293 586,1292 615,1292 644,1292 674,1291 703,1291 732,1291 761,1291 790,1291 820,1291 849,1291 878,1291 907,1291 936,1292 966,1292"/>
                <TextEquiv>
                    <Unicode>tionem bruti nec econuerso quia forma extensa non est</Unicode>
                </TextEquiv>
            </TextLine>
            <TextLine id="r1l85" custom="readingOrder {index:38;}">
                <Coords points="370,1329 976,1327 975,1296 941,1294 369,1301"/>
                <Baseline points="375,1323 404,1323 434,1323 464,1322 494,1322 524,1321 553,1321 583,1321 613,1320 643,1320 673,1319 702,1319 732,1319 762,1319 792,1318 822,1318 851,1318 881,1318 911,1319 941,1319 971,1319"/>
                <TextEquiv>
                    <Unicode>nata perficere naturam intellectualem formaliter sicut</Unicode>
                </TextEquiv>
            </TextLine>
            <TextLine id="r1l87" custom="readingOrder {index:39;}">
                <Coords points="377,1355 977,1349 977,1326 912,1320 377,1325"/>
                <Baseline points="382,1351 411,1350 441,1349 470,1349 500,1348 529,1348 559,1347 588,1347 618,1347 647,1346 677,1346 706,1346 736,1346 765,1346 795,1346 824,1346 854,1346 883,1346 913,1346 942,1346 972,1346"/>
                <TextEquiv>
                    <Unicode>facit sensatio quelibet humana nec econversopo¬</Unicode>
                </TextEquiv>
            </TextLine>
            <TextLine id="r1l89" custom="readingOrder {index:40;}">
                <Coords points="378,1385 953,1383 977,1379 977,1350 378,1356"/>
                <Baseline points="383,1378 412,1378 441,1378 471,1377 500,1377 530,1377 559,1376 589,1376 618,1375 648,1375 677,1374 706,1374 736,1374 765,1374 795,1374 824,1374 854,1374 883,1374 913,1375 942,1375 972,1376"/>
                <TextEquiv>
                    <Unicode>tentia extensa nata est sentire per sensationem inextensam et</Unicode>
                </TextEquiv>
            </TextLine>
            <TextLine id="r1l91" custom="readingOrder {index:41;}">
                <Coords points="380,1414 975,1408 974,1378 379,1387"/>
                <Baseline points="385,1407 414,1406 443,1405 472,1405 502,1404 531,1404 560,1403 589,1403 619,1403 648,1402 677,1402 706,1402 736,1402 765,1401 794,1401 823,1401 853,1401 882,1401 911,1402 940,1402 970,1402"/>
                <TextEquiv>
                    <Unicode>cum in deductione. Probatur quod informatio non requi</Unicode>
                </TextEquiv>
            </TextLine>
            <TextLine id="r1l93" custom="readingOrder {index:42;}">
                <Coords points="384,1439 943,1440 974,1435 974,1408 384,1412"/>
                <Baseline points="389,1433 418,1434 447,1434 476,1434 505,1434 534,1433 563,1433 592,1432 621,1432 650,1431 679,1430 708,1430 737,1429 766,1429 795,1429 824,1428 853,1428 882,1429 911,1429 940,1430 969,1431"/>
                <TextEquiv>
                    <Unicode>ritur quia taliter sine formatione posset vniri albe</Unicode>
                </TextEquiv>
            </TextLine>
            <TextLine id="r1l95" custom="readingOrder {index:43;}">
                <Coords points="380,1468 975,1459 974,1436 850,1428 379,1442"/>
                <Baseline points="385,1463 414,1463 443,1462 472,1462 502,1461 531,1461 560,1460 589,1460 619,1460 648,1459 677,1459 706,1458 736,1458 765,1458 794,1458 823,1457 853,1457 882,1457 911,1457 940,1457 970,1457"/>
                <TextEquiv>
                    <Unicode>do deitati etc. Dico quod licet posset negari primum as¬</Unicode>
                </TextEquiv>
            </TextLine>
            <TextLine id="r1l97" custom="readingOrder {index:44;}">
                <Coords points="380,1499 981,1492 980,1459 379,1468"/>
                <Baseline points="385,1491 414,1491 444,1490 473,1490 503,1490 532,1490 562,1489 591,1489 621,1488 650,1488 680,1487 710,1487 739,1487 769,1486 798,1486 828,1486 857,1486 887,1485 916,1485 946,1485 976,1486"/>
                <TextEquiv>
                    <Unicode>sumptum de deitate quod ipsa sit hoc sicut et hoc negat</Unicode>
                </TextEquiv>
            </TextLine>
            <TextLine id="r1l99" custom="readingOrder {index:45;}">
                <Coords points="380,1528 964,1523 974,1494 380,1499"/>
                <Baseline points="385,1518 414,1518 443,1518 472,1518 501,1518 531,1518 560,1517 589,1517 618,1516 647,1516 677,1515 706,1515 735,1515 764,1514 793,1514 823,1514 852,1513 881,1513 910,1513 939,1514 969,1514"/>
                <TextEquiv>
                    <Unicode>magister di. quinta tertii cap. penultimo determinaui ta</Unicode>
                </TextEquiv>
            </TextLine>
            <TextLine id="r1l101" custom="readingOrder {index:46;}">
                <Coords points="384,1552 958,1550 970,1523 384,1527"/>
                <Baseline points="389,1547 417,1547 446,1547 475,1546 504,1546 533,1545 561,1545 590,1545 619,1544 648,1544 677,1544 705,1543 734,1543 763,1543 792,1543 821,1543 849,1542 878,1542 907,1542 936,1542 965,1542"/>
                <TextEquiv>
                    <Unicode>men alias illud potius esse concedendum quod ipsa est iste</Unicode>
                </TextEquiv>
            </TextLine>
            <TextLine id="r1l103" custom="readingOrder {index:47;}">
                <Coords points="378,1581 974,1579 973,1546 377,1552"/>
                <Baseline points="383,1576 412,1576 441,1575 470,1575 500,1574 529,1574 558,1573 588,1573 617,1573 646,1572 676,1572 705,1572 734,1571 763,1571 793,1571 822,1571 851,1571 881,1571 910,1571 939,1571 969,1571"/>
                <TextEquiv>
                    <Unicode>homo de monstrato dei filio. Dico tamen quod deitas non est</Unicode>
                </TextEquiv>
            </TextLine>
            <TextLine id="r1l105" custom="readingOrder {index:48;}">
                <Coords points="382,1611 950,1606 970,1604 970,1579 382,1582"/>
                <Baseline points="387,1605 415,1604 444,1604 473,1603 502,1603 531,1602 560,1602 589,1601 618,1601 647,1600 676,1600 704,1600 733,1599 762,1599 791,1599 820,1599 849,1599 878,1599 907,1599 936,1599 965,1599"/>
                <TextEquiv>
                    <Unicode>animata nec alba ymo nec esse potest istis vocabulis</Unicode>
                </TextEquiv>
            </TextLine>
            <TextLine id="r1l107" custom="readingOrder {index:49;}">
                <Coords points="384,1643 977,1635 977,1602 384,1612"/>
                <Baseline points="389,1634 418,1633 447,1632 476,1632 505,1631 534,1630 563,1630 593,1629 622,1629 651,1628 680,1628 709,1628 738,1627 767,1627 797,1627 826,1627 855,1627 884,1627 913,1627 942,1627 972,1628"/>
                <TextEquiv>
                    <Unicode>precise signantibus sicut modo nam istud concretum animatum</Unicode>
                </TextEquiv>
            </TextLine>
            <TextLine id="r1l109" custom="readingOrder {index:50;}">
                <Coords points="386,1662 921,1667 967,1660 967,1635 386,1641"/>
                <Baseline points="391,1659 419,1660 448,1660 476,1659 505,1659 533,1659 562,1658 590,1658 619,1658 647,1657 676,1657 705,1656 733,1656 762,1655 790,1655 819,1655 847,1655 876,1655 904,1655 933,1656 962,1657"/>
                <TextEquiv>
                    <Unicode>non solet denoniare nisi per totum cuius anima est pars</Unicode>
                </TextEquiv>
            </TextLine>
            <TextLine id="r1l111" custom="readingOrder {index:51;}">
                <Coords points="387,1693 969,1694 969,1660 387,1663"/>
                <Baseline points="392,1688 420,1688 449,1688 477,1688 506,1688 535,1687 563,1687 592,1687 620,1686 649,1686 678,1685 706,1685 735,1684 763,1684 792,1684 821,1683 849,1683 878,1683 906,1683 935,1684 964,1684"/>
                <TextEquiv>
                    <Unicode>formalis vel corpus cuius est forma. Sed anima nec est</Unicode>
                </TextEquiv>
            </TextLine>
            <TextLine id="r1l113" custom="readingOrder {index:52;}">
                <Coords points="382,1721 975,1718 974,1690 942,1684 381,1694"/>
                <Baseline points="387,1715 416,1716 445,1716 474,1716 503,1716 532,1716 561,1715 591,1715 620,1715 649,1714 678,1714 707,1713 736,1713 765,1713 795,1712 824,1712 853,1712 882,1712 911,1712 940,1712 970,1712"/>
                <TextEquiv>
                    <Unicode>nec esse potest pars formalis deitatis nec forma infor</Unicode>
                </TextEquiv>
            </TextLine>
            <TextLine id="r1l115" custom="readingOrder {index:53;}">
                <Coords points="384,1751 962,1749 968,1718 384,1723"/>
                <Baseline points="389,1743 417,1743 446,1744 475,1744 503,1744 532,1744 561,1743 589,1743 618,1743 647,1743 676,1742 704,1742 733,1741 762,1741 790,1741 819,1740 848,1740 876,1740 905,1740 934,1740 963,1740"/>
                <TextEquiv>
                    <Unicode>mans igitur et multo fortius probari poterit quod deitas</Unicode>
                </TextEquiv>
            </TextLine>
            <TextLine id="r1l117" custom="readingOrder {index:54;}">
                <Coords points="382,1779 968,1774 958,1744 382,1749"/>
                <Baseline points="387,1771 415,1771 444,1772 473,1772 502,1772 531,1772 559,1771 588,1771 617,1771 646,1771 675,1770 703,1770 732,1769 761,1769 790,1769 819,1769 847,1768 876,1768 905,1768 934,1768 963,1768"/>
                <TextEquiv>
                    <Unicode>nec est nec potest esse alba igitur antecedens praedicte deductio</Unicode>
                </TextEquiv>
            </TextLine>
            <TextLine id="r1l119" custom="readingOrder {index:55;}">
                <Coords points="384,1803 947,1805 970,1803 970,1772 384,1779"/>
                <Baseline points="389,1798 417,1799 446,1799 475,1799 504,1799 533,1799 561,1799 590,1799 619,1799 648,1799 677,1798 705,1798 734,1798 763,1797 792,1797 821,1797 849,1796 878,1796 907,1796 936,1796 965,1795"/>
                <TextEquiv>
                    <Unicode>nis non est verum et dato illo antecedente multo fortius</Unicode>
                </TextEquiv>
            </TextLine>
            <TextLine id="r1l121" custom="readingOrder {index:56;}">
                <Coords points="380,1832 952,1833 974,1830 974,1803 380,1805"/>
                <Baseline points="385,1827 414,1827 443,1827 472,1827 501,1827 531,1827 560,1827 589,1827 618,1827 647,1827 677,1827 706,1826 735,1826 764,1826 793,1826 823,1825 852,1825 881,1825 910,1824 939,1824 969,1823"/>
                <TextEquiv>
                    <Unicode>concludi posset quod deitas possit esse intelligens forma</Unicode>
                </TextEquiv>
            </TextLine>
            <TextLine id="r1l123" custom="readingOrder {index:57;}">
                <Coords points="382,1862 973,1860 960,1828 381,1832"/>
                <Baseline points="387,1855 416,1855 445,1855 474,1855 503,1855 532,1855 561,1855 590,1855 619,1855 648,1855 677,1855 706,1855 735,1854 764,1854 793,1854 822,1854 851,1853 880,1853 909,1852 938,1851 968,1851"/>
                <TextEquiv>
                    <Unicode>liter per intellectionem creatam quam econtra quod tamen no¬</Unicode>
                </TextEquiv>
            </TextLine>
            <TextLine id="r1l125" custom="readingOrder {index:58;}">
                <Coords points="380,1887 929,1890 972,1887 972,1857 380,1862"/>
                <Baseline points="385,1883 414,1883 443,1883 472,1883 501,1883 530,1883 559,1883 588,1883 617,1883 646,1883 676,1882 705,1882 734,1882 763,1882 792,1881 821,1881 850,1881 879,1881 908,1881 937,1881 967,1881"/>
                <TextEquiv>
                    <Unicode>torie est falsum Dices tu concedis quod deitas est hoc et omnis</Unicode>
                </TextEquiv>
            </TextLine>
            <TextLine id="r1l127" custom="readingOrder {index:59;}">
                <Coords points="384,1919 972,1914 972,1887 950,1883 384,1887"/>
                <Baseline points="389,1912 417,1911 446,1911 475,1911 504,1911 533,1911 562,1911 591,1911 620,1911 649,1911 678,1910 706,1910 735,1910 764,1910 793,1910 822,1910 851,1909 880,1909 909,1908 938,1907 967,1906"/>
                <TextEquiv>
                    <Unicode>homo est substantia animata sensibilis igitur deitas est anima¬</Unicode>
                </TextEquiv>
            </TextLine>
            <TextLine id="r1l129" custom="readingOrder {index:60;}">
                <Coords points="391,1944 940,1947 979,1943 979,1915 391,1921"/>
                <Baseline points="396,1940 424,1940 453,1940 482,1939 511,1939 540,1939 569,1939 598,1939 627,1939 656,1939 685,1939 713,1938 742,1938 771,1938 800,1938 829,1938 858,1938 887,1937 916,1937 945,1937 974,1937"/>
                <TextEquiv>
                    <Unicode>ta et pari ratione colorata illis coloribus sicut et Christi hu</Unicode>
                </TextEquiv>
            </TextLine>
            <TextLine id="r1l131" custom="readingOrder {index:61;}">
                <Coords points="383,1975 960,1973 967,1940 383,1946"/>
                <Baseline points="388,1968 416,1968 445,1968 474,1968 502,1967 531,1967 560,1967 588,1967 617,1967 646,1967 675,1967 703,1967 732,1967 761,1967 789,1966 818,1966 847,1966 875,1966 904,1965 933,1965 962,1964"/>
                <TextEquiv>
                    <Unicode>manitas. Respondetur quod illa disfinitio praehabita praecise con</Unicode>
                </TextEquiv>
            </TextLine>
            <TextLine id="r1l133" custom="readingOrder {index:62;}">
                <Coords points="382,2006 962,2002 971,1968 382,1974"/>
                <Baseline points="387,1998 417,1997 447,1996 478,1996 508,1995 539,1995 569,1995 600,1995 630,1994 661,1994 691,1994 722,1994 752,1994 783,1994 813,1994 844,1994 874,1993 905,1993 935,1992 966,1992"/>
                <TextEquiv>
                    <Unicode>petit omni homin quae est humanitas sed dei filius licet sit homo</Unicode>
                </TextEquiv>
            </TextLine>
            <TextLine id="r1l135" custom="readingOrder {index:63;}">
                <Coords points="382,2028 976,2024 975,2001 938,1995 382,2005"/>
                <Baseline points="387,2023 416,2024 445,2024 474,2024 503,2024 533,2024 562,2024 591,2024 620,2024 649,2024 679,2023 708,2023 737,2023 766,2023 795,2023 825,2022 854,2022 883,2022 912,2021 941,2021 971,2020"/>
                <TextEquiv>
                    <Unicode>non tamen est humanitas sed bene hypothetice sibi vnitur</Unicode>
                </TextEquiv>
            </TextLine>
            <TextLine id="r1l137" custom="readingOrder {index:64;}">
                <Coords points="385,2060 938,2060 977,2053 977,2024 384,2028"/>
                <Baseline points="389,2053 418,2053 447,2053 476,2053 505,2052 534,2052 563,2052 593,2052 622,2051 651,2051 680,2051 709,2050 738,2050 767,2050 797,2050 826,2049 855,2049 884,2049 913,2049 942,2049 972,2049"/>
                <TextEquiv>
                    <Unicode>humaintas quae est substantia animata sensibilis. Aliter respondetur</Unicode>
                </TextEquiv>
            </TextLine>
            <TextLine id="r1l139" custom="readingOrder {index:65;}">
                <Coords points="382,2100 482,2086 631,2102 674,2082 728,2102 816,2101 834,2084 975,2099 963,2052 381,2059"/>
                <Baseline points="387,2082 416,2082 445,2082 474,2082 503,2082 532,2082 561,2082 591,2081 620,2081 649,2081 678,2081 707,2081 736,2080 765,2080 795,2080 824,2079 853,2079 882,2079 911,2078 940,2078 970,2078"/>
                <TextEquiv>
                    <Unicode>concedendo consequenter quod deitas est animata et alba etc. secundum commni</Unicode>
                </TextEquiv>
            </TextLine>
            <TextEquiv>
                <Unicode>non est dare vltimum instans rei permanentis ines¬
se. Secunda pars probatur quia vel simul secundum se et quod
libet sui vt cessat illa qualitas esse visio ita quod su¬
pito deuenit non visio vel non si primum igitur est dare
primum instans in quo sit non visio et illud necessario
erit immediatum vltimo instanti. etc. Si secundum igitur vel
ipsa vel aliqua eius post a. erit visio si ipsa tunc a.
non est vltimum instans et si aliqua eius pars tunc hoc
non erit minimum visibile ab illa distantia etc. De
hac materia vide in aliis vbi tractatur materia de
maximo et minimo. ⁋ Ad 10 dicitur quod opinio commen
tatoris videtur fuisse quod intellectus agens intelligit per
suam substantiam et est intellectio et forma vere infor¬
mans intellectum possibilem per quem etiam intelligit
intellectus possibilis. Sed tenendo veritatem quod
intellectus agens siue sit ipse deus siue alia substam
tia non sit forma intellectus possibilis quantuncunque in¬ 
tellectus agens esset intellectio nunquam per eum alius
intellectus formaliter intelligeret licet obiectiue
vel effectiue forte intelligere potest ideo commentator
est negandus. ⁋ Ad i. si illa sit sententia huign nego
eum sicut et facit Magister quae in di. 10 dicit quod in nullo cre
atura equatur creatori. ⁋ Ad 1x est dicendum sicut
ad 7 ⁋ Ad 13. dicitur quod intellectio increata non est na¬
ta esse alicuius intellectus creati forma sicut albe
do et queuis sensatio sunt forme suorum subiectorum
et similiter intellectio creata in angelo vel in ho¬
mine et ideo non est simile hinc inde. ⁋ Nota istud 
esse falsum quod anima humana non potest sentire per sensatio¬
nem bruti nec videtur ratio quam assignat quia de
facto visio humana est forma extensa et non opor¬
tet quod immediate informet animam intellectiuam
non esset inconueniens quod sicut anima informet cor
pus extensum ita posset qualitas extensa informa
re animam sibi coexistentem sicut coexistit corpori et pre
ter hoc de sensationibus non est verum quia accipit in argu
mento quod nec anima humana nata est sentire per sensa¬
tionem bruti nec econuerso quia forma extensa non est
nata perficere naturam intellectualem formaliter sicut
facit sensatio quelibet humana nec econversopo¬
tentia extensa nata est sentire per sensationem inextensam et
cum in deductione. Probatur quod informatio non requi
ritur quia taliter sine formatione posset vniri albe
do deitati etc. Dico quod licet posset negari primum as¬
sumptum de deitate quod ipsa sit hoc sicut et hoc negat
magister di. quinta tertii cap. penultimo determinaui ta
men alias illud potius esse concedendum quod ipsa est iste
homo de monstrato dei filio. Dico tamen quod deitas non est
animata nec alba ymo nec esse potest istis vocabulis
precise signantibus sicut modo nam istud concretum animatum
non solet denoniare nisi per totum cuius anima est pars
formalis vel corpus cuius est forma. Sed anima nec est
nec esse potest pars formalis deitatis nec forma infor
mans igitur et multo fortius probari poterit quod deitas
nec est nec potest esse alba igitur antecedens praedicte deductio
nis non est verum et dato illo antecedente multo fortius
concludi posset quod deitas possit esse intelligens forma
liter per intellectionem creatam quam econtra quod tamen no¬
torie est falsum Dices tu concedis quod deitas est hoc et omnis
homo est substantia animata sensibilis igitur deitas est anima¬
ta et pari ratione colorata illis coloribus sicut et Christi hu
manitas. Respondetur quod illa disfinitio praehabita praecise con
petit omni homin quae est humanitas sed dei filius licet sit homo
non tamen est humanitas sed bene hypothetice sibi vnitur
humaintas quae est substantia animata sensibilis. Aliter respondetur
concedendo consequenter quod deitas est animata et alba etc. secundum commni</Unicode>
            </TextEquiv>
        </TextRegion>
        <TextRegion orientation="0.0" id="TextRegion_1612382260862_3873" custom="readingOrder {index:1;}">
            <Coords points="992,153 1613,153 1613,2092 992,2092"/>
            <TextLine id="r1l2" custom="readingOrder {index:0;}">
                <Coords points="999,257 1579,258 1600,255 1600,205 1459,225 1258,206 999,215"/>
                <Baseline points="1004,251 1033,251 1063,250 1092,250 1122,249 1151,249 1181,249 1210,249 1240,249 1269,249 1299,249 1329,249 1358,249 1388,249 1417,249 1447,249 1476,249 1506,249 1535,249 1565,249 1595,250"/>
                <TextEquiv>
                    <Unicode>cationem ydionatum de quae vide supra. q. 2. ⁋ Ad 14 </Unicode>
                </TextEquiv>
            </TextLine>
            <TextLine id="r1l4" custom="readingOrder {index:1;}">
                <Coords points="999,284 1588,286 1603,256 999,258"/>
                <Baseline points="1004,281 1033,279 1063,279 1093,278 1122,278 1152,277 1182,277 1211,277 1241,277 1271,277 1301,277 1330,277 1360,277 1390,277 1419,277 1449,277 1479,277 1508,277 1538,277 1568,277 1598,277"/>
                <TextEquiv>
                    <Unicode>dicendum quod illa intimitas non sufficit etc. nisi intimetur si¬</Unicode>
                </TextEquiv>
            </TextLine>
            <TextLine id="r1l6" custom="readingOrder {index:2;}">
                <Coords points="1006,312 1583,315 1601,312 1601,282 1006,289"/>
                <Baseline points="1011,306 1040,306 1069,306 1098,306 1128,305 1157,305 1186,305 1215,305 1245,305 1274,305 1303,305 1332,305 1362,305 1391,305 1420,305 1449,305 1479,306 1508,306 1537,306 1566,306 1596,306"/>
                <TextEquiv>
                    <Unicode>bi sicut forma suo informabili. Ad augustinum licet</Unicode>
                </TextEquiv>
            </TextLine>
            <TextLine id="r1l8" custom="readingOrder {index:3;}">
                <Coords points="1009,340 1577,342 1601,311 1009,312"/>
                <Baseline points="1014,336 1043,336 1072,335 1101,335 1130,335 1159,334 1188,334 1217,334 1246,334 1275,334 1305,334 1334,334 1363,334 1392,334 1421,334 1450,334 1479,334 1508,334 1537,334 1566,334 1596,334"/>
                <TextEquiv>
                    <Unicode>it parum ad propositum dicendum quod si dictum suum esset verus</Unicode>
                </TextEquiv>
            </TextLine>
            <TextLine id="r1l10" custom="readingOrder {index:4;}">
                <Coords points="1009,369 1602,370 1611,336 1009,341"/>
                <Baseline points="1014,363 1043,362 1073,362 1102,362 1132,362 1162,362 1191,362 1221,362 1250,362 1280,362 1310,362 1339,362 1369,362 1398,362 1428,362 1458,362 1487,362 1517,362 1546,362 1576,362 1606,362"/>
                <TextEquiv>
                    <Unicode>non solum de cognoscendo habitualitur ita quod potest exire in</Unicode>
                </TextEquiv>
            </TextLine>
            <TextLine id="r1l12" custom="readingOrder {index:5;}">
                <Coords points="1002,396 1604,399 1598,366 1002,369"/>
                <Baseline points="1007,391 1036,390 1066,390 1095,390 1125,390 1155,390 1184,390 1214,390 1243,390 1273,390 1303,390 1332,390 1362,390 1391,390 1421,390 1451,390 1480,390 1510,390 1539,390 1569,390 1599,390"/>
                <TextEquiv>
                    <Unicode>actum quando per alia non impediretur sicut habet intelligi secum</Unicode>
                </TextEquiv>
            </TextLine>
            <TextLine id="r1l14" custom="readingOrder {index:6;}">
                <Coords points="1010,424 1601,428 1601,398 1579,394 1010,396"/>
                <Baseline points="1015,418 1044,418 1073,417 1102,417 1131,417 1160,417 1189,417 1218,417 1247,417 1276,417 1305,418 1334,418 1363,418 1392,418 1421,418 1450,418 1479,418 1508,418 1537,418 1566,418 1596,418"/>
                <TextEquiv>
                    <Unicode>veritatem sed etiam actualiter adhuc hoc non esset ver</Unicode>
                </TextEquiv>
            </TextLine>
            <TextLine id="r1l16" custom="readingOrder {index:7;}">
                <Coords points="1011,453 1599,452 1599,427 1490,416 1466,429 1011,422"/>
                <Baseline points="1016,447 1044,446 1073,446 1102,446 1131,446 1160,446 1189,445 1218,445 1247,445 1276,445 1305,446 1333,446 1362,446 1391,446 1420,446 1449,446 1478,447 1507,447 1536,447 1565,447 1594,447"/>
                <TextEquiv>
                    <Unicode>nisi per cognitionem informantem causantam a se ipsa semper</Unicode>
                </TextEquiv>
            </TextLine>
            <TextLine id="r1l18" custom="readingOrder {index:8;}">
                <Coords points="1009,484 1601,478 1601,454 1579,450 1009,453"/>
                <Baseline points="1014,476 1043,475 1072,474 1101,474 1130,473 1159,473 1188,473 1217,473 1246,473 1275,473 1305,473 1334,474 1363,474 1392,474 1421,474 1450,475 1479,475 1508,475 1537,475 1566,474 1596,474"/>
                <TextEquiv>
                    <Unicode>praesentem sibiipsi. ⁋ Ad 13 negatur consequentia quia vespertina</Unicode>
                </TextEquiv>
            </TextLine>
            <TextLine id="r1l21" custom="readingOrder {index:9;}">
                <Coords points="1008,508 1535,514 1601,507 1601,478 1008,485"/>
                <Baseline points="1013,503 1042,502 1071,502 1100,502 1129,501 1158,501 1187,501 1217,501 1246,501 1275,502 1304,502 1333,502 1362,502 1391,503 1421,503 1450,503 1479,503 1508,503 1537,503 1566,503 1596,502"/>
                <TextEquiv>
                    <Unicode>cognitio creature est illa qua non intuitiue cognosci¬</Unicode>
                </TextEquiv>
            </TextLine>
            <TextLine id="r1l24" custom="readingOrder {index:10;}">
                <Coords points="1010,534 1545,546 1600,533 1590,506 1010,510"/>
                <Baseline points="1015,531 1044,530 1073,529 1102,529 1131,529 1160,529 1189,529 1218,529 1247,529 1276,530 1305,530 1334,530 1363,530 1392,531 1421,531 1450,531 1479,531 1508,531 1537,531 1566,530 1595,530"/>
                <TextEquiv>
                    <Unicode>tur deus matutina eo qua etiam deus intuitiue cogno¬</Unicode>
                </TextEquiv>
            </TextLine>
            <TextLine id="r1l27" custom="readingOrder {index:11;}">
                <Coords points="1007,565 1557,572 1603,564 1603,534 1007,535"/>
                <Baseline points="1012,559 1041,558 1070,558 1099,557 1129,557 1158,557 1187,557 1217,557 1246,557 1275,558 1305,558 1334,558 1363,559 1392,559 1422,559 1451,560 1480,560 1510,560 1539,560 1568,559 1598,559"/>
                <TextEquiv>
                    <Unicode>scitur et hoc est creaturam cognosci in verbo quia</Unicode>
                </TextEquiv>
            </TextLine>
            <TextLine id="r1l30" custom="readingOrder {index:12;}">
                <Coords points="1006,591 1562,600 1598,595 1599,563 1007,565"/>
                <Baseline points="1011,586 1040,585 1069,585 1098,585 1127,584 1156,584 1185,584 1214,585 1243,585 1272,585 1302,586 1331,586 1360,586 1389,587 1418,587 1447,587 1476,588 1505,588 1534,587 1563,587 1593,587"/>
                <TextEquiv>
                    <Unicode>nihil aliud a verbo potest sufficientur casre talem cogni</Unicode>
                </TextEquiv>
            </TextLine>
            <TextLine id="r1l32" custom="readingOrder {index:13;}">
                <Coords points="1014,623 1608,625 1608,591 1014,593"/>
                <Baseline points="1019,614 1048,614 1077,613 1106,613 1135,612 1165,612 1194,612 1223,612 1252,613 1281,613 1311,613 1340,614 1369,614 1398,615 1427,615 1457,616 1486,616 1515,616 1544,616 1573,616 1603,616"/>
                <TextEquiv>
                    <Unicode>tionem qua sit intuitio verbi et propter hoc non optet</Unicode>
                </TextEquiv>
            </TextLine>
            <TextLine id="line_1612382256519_3871" custom="readingOrder {index:14;}">
                <Coords points="1012,653 1609,654 1619,625 1013,622"/>
                <Baseline points="1017,642 1053,641 1090,641 1127,641 1164,641 1201,641 1237,641 1274,641 1311,641 1348,641 1385,642 1421,642 1458,643 1495,644 1532,645 1569,646 1605,647 1613,647"/>
                <TextEquiv>
                    <Unicode>quod ista cognitio sit verbum. ⁋ Ad 16 dicendum quod </Unicode>
                </TextEquiv>
            </TextLine>
            <TextLine id="r1l36" custom="readingOrder {index:15;}">
                <Coords points="1006,677 1603,675 1603,653 1553,646 1006,647"/>
                <Baseline points="1011,670 1040,670 1069,669 1099,669 1128,669 1157,669 1187,669 1216,669 1245,669 1275,669 1304,670 1333,670 1363,670 1392,671 1421,671 1451,671 1480,671 1509,672 1539,672 1568,672 1598,671"/>
                <TextEquiv>
                    <Unicode>licet deus sit lumen glorie obiectiuum non tamen est lu¬</Unicode>
                </TextEquiv>
            </TextLine>
            <TextLine id="r1l39" custom="readingOrder {index:16;}">
                <Coords points="1014,705 1611,701 1603,673 1014,675"/>
                <Baseline points="1019,699 1048,698 1077,698 1107,698 1136,697 1165,697 1195,697 1224,697 1253,697 1283,698 1312,698 1341,698 1371,698 1400,699 1429,699 1459,699 1488,699 1517,700 1547,700 1576,700 1606,700"/>
                <TextEquiv>
                    <Unicode>men glorie quo formaliter aliqua creatura sit bea</Unicode>
                </TextEquiv>
            </TextLine>
            <TextLine id="r1l42" custom="readingOrder {index:17;}">
                <Coords points="1014,734 1601,735 1601,704 1014,705"/>
                <Baseline points="1019,728 1047,727 1076,726 1105,726 1134,725 1163,725 1192,725 1220,725 1249,725 1278,725 1307,726 1336,726 1365,726 1394,727 1422,727 1451,727 1480,727 1509,727 1538,727 1567,727 1596,727"/>
                <TextEquiv>
                    <Unicode>ta ymo et realiter distinguitur ab omni cognitione</Unicode>
                </TextEquiv>
            </TextLine>
            <TextLine id="r1l44" custom="readingOrder {index:18;}">
                <Coords points="1014,763 1607,757 1607,733 1575,731 1014,730"/>
                <Baseline points="1019,755 1048,754 1077,754 1106,754 1135,753 1164,753 1193,753 1223,753 1252,753 1281,753 1310,754 1339,754 1368,754 1397,754 1427,755 1456,755 1485,755 1514,755 1543,755 1572,755 1602,755"/>
                <TextEquiv>
                    <Unicode>qua creatura formaliter deum cognoscit nec sequitur quod </Unicode>
                </TextEquiv>
            </TextLine>
            <TextLine id="r1l46" custom="readingOrder {index:19;}">
                <Coords points="1016,792 1560,795 1608,789 1608,757 1016,764"/>
                <Baseline points="1021,785 1050,784 1079,783 1108,782 1137,781 1166,781 1195,781 1224,781 1253,781 1282,781 1312,782 1341,782 1370,782 1399,783 1428,783 1457,783 1486,784 1515,784 1544,784 1573,784 1603,783"/>
                <TextEquiv>
                    <Unicode>ppter hoc deus sit lumen insufficiens sicut non sequitur</Unicode>
                </TextEquiv>
            </TextLine>
            <TextLine id="r1l48" custom="readingOrder {index:20;}">
                <Coords points="1012,819 1548,824 1602,818 1602,788 1012,793"/>
                <Baseline points="1017,811 1046,811 1075,810 1104,809 1133,809 1162,809 1191,809 1220,809 1249,809 1278,810 1307,810 1336,811 1365,811 1394,811 1423,811 1452,812 1481,812 1510,812 1539,812 1568,811 1597,811"/>
                <TextEquiv>
                    <Unicode>lumen solis est insufficiens quia videri non potest nisi pona</Unicode>
                </TextEquiv>
            </TextLine>
            <TextLine id="r1l50" custom="readingOrder {index:21;}">
                <Coords points="1008,847 1608,846 1608,817 1590,814 1008,816"/>
                <Baseline points="1013,839 1042,838 1072,838 1101,838 1131,837 1160,837 1190,837 1219,838 1249,838 1278,838 1308,838 1337,839 1367,839 1396,839 1426,839 1455,840 1485,840 1514,839 1544,839 1573,839 1603,838"/>
                <TextEquiv>
                    <Unicode>tur visio sensitiua ab eo disticta qua videatur. ⁋ Ad </Unicode>
                </TextEquiv>
            </TextLine>
            <TextLine id="r1l52" custom="readingOrder {index:22;}">
                <Coords points="1013,877 1613,868 1613,846 1528,840 1013,844"/>
                <Baseline points="1018,867 1047,867 1077,866 1106,866 1136,866 1165,866 1195,866 1224,866 1254,866 1283,867 1313,867 1342,867 1372,867 1401,867 1431,868 1460,868 1490,868 1519,868 1549,868 1578,867 1608,867"/>
                <TextEquiv>
                    <Unicode>17 dicendum quod ly qua debet glosar id est qua effectiue</Unicode>
                </TextEquiv>
            </TextLine>
            <TextLine id="r1l54" custom="readingOrder {index:23;}">
                <Coords points="1015,902 1536,906 1609,900 1609,873 1015,874"/>
                <Baseline points="1020,896 1049,895 1078,895 1107,895 1136,895 1166,895 1195,895 1224,895 1253,895 1282,895 1312,895 1341,895 1370,895 1399,896 1428,896 1458,896 1487,896 1516,896 1545,896 1574,896 1604,896"/>
                <TextEquiv>
                    <Unicode>non qua formaliter nec magister plus voluit quia posuit</Unicode>
                </TextEquiv>
            </TextLine>
            <TextLine id="r1l56" custom="readingOrder {index:24;}">
                <Coords points="1006,931 1574,935 1602,921 1602,900 1006,904"/>
                <Baseline points="1011,923 1040,923 1069,923 1098,923 1128,922 1157,922 1186,922 1216,922 1245,923 1274,923 1304,923 1333,923 1362,923 1391,923 1421,923 1450,923 1479,924 1509,924 1538,924 1567,923 1597,923"/>
                <TextEquiv>
                    <Unicode>actum dilectionis alium sed non habitum alium vt plane pte</Unicode>
                </TextEquiv>
            </TextLine>
            <TextLine id="r1l58" custom="readingOrder {index:25;}">
                <Coords points="1013,957 1585,961 1603,956 1603,921 1574,935 1013,933"/>
                <Baseline points="1018,952 1047,952 1076,952 1105,952 1134,952 1163,951 1192,951 1221,951 1250,951 1279,951 1308,951 1337,951 1366,951 1395,951 1424,952 1453,952 1482,952 1511,952 1540,952 1569,952 1598,953"/>
                <TextEquiv>
                    <Unicode>versus finem eiusdem di. 17 primi libri. ⁋ Ad 10 dicendum</Unicode>
                </TextEquiv>
            </TextLine>
            <TextLine id="r1l60" custom="readingOrder {index:26;}">
                <Coords points="1015,986 1611,989 1596,955 1015,958"/>
                <Baseline points="1020,980 1049,980 1078,980 1107,980 1137,980 1166,980 1195,980 1225,980 1254,980 1283,980 1313,980 1342,980 1371,980 1400,980 1430,980 1459,980 1488,980 1518,980 1547,980 1576,980 1606,980"/>
                <TextEquiv>
                    <Unicode>negatur consequentia. Ad probationem dicitur quod si ly aliter determi¬</Unicode>
                </TextEquiv>
            </TextLine>
            <TextLine id="r1l62" custom="readingOrder {index:27;}">
                <Coords points="1008,1015 1612,1008 1612,991 1566,984 1008,988"/>
                <Baseline points="1013,1009 1042,1009 1072,1009 1102,1008 1131,1008 1161,1008 1191,1008 1220,1008 1250,1008 1280,1008 1310,1008 1339,1008 1369,1008 1399,1008 1428,1008 1458,1008 1488,1008 1517,1008 1547,1008 1577,1008 1607,1008"/>
                <TextEquiv>
                    <Unicode>nat ly repraesentare conceditur quod cuiuslibet beati co¬</Unicode>
                </TextEquiv>
            </TextLine>
            <TextLine id="r1l64" custom="readingOrder {index:28;}">
                <Coords points="1012,1046 1598,1045 1613,1013 1012,1017"/>
                <Baseline points="1017,1039 1046,1038 1076,1038 1105,1037 1135,1036 1164,1036 1194,1036 1223,1036 1253,1035 1282,1035 1312,1035 1342,1035 1371,1036 1401,1036 1430,1036 1460,1036 1489,1036 1519,1036 1548,1036 1578,1036 1608,1036"/>
                <TextEquiv>
                    <Unicode>gnitio aliter repraesentet deum quam est id est non ita perfecte re</Unicode>
                </TextEquiv>
            </TextLine>
            <TextLine id="r1l66" custom="readingOrder {index:29;}">
                <Coords points="1017,1071 1612,1075 1612,1041 1017,1046"/>
                <Baseline points="1022,1066 1051,1065 1080,1065 1109,1065 1139,1065 1168,1064 1197,1064 1226,1064 1256,1064 1285,1064 1314,1064 1343,1063 1373,1063 1402,1063 1431,1063 1460,1063 1490,1064 1519,1064 1548,1064 1577,1065 1607,1065"/>
                <TextEquiv>
                    <Unicode>presentet deum sicut deus perfecte est. Si autem ly aliter</Unicode>
                </TextEquiv>
            </TextLine>
            <TextLine id="r1l68" custom="readingOrder {index:30;}">
                <Coords points="1017,1096 1566,1103 1603,1097 1603,1072 1017,1074"/>
                <Baseline points="1022,1094 1050,1094 1079,1093 1108,1093 1137,1093 1166,1093 1194,1093 1223,1093 1252,1093 1281,1093 1310,1092 1338,1092 1367,1092 1396,1092 1425,1092 1454,1092 1482,1092 1511,1092 1540,1093 1569,1093 1598,1093"/>
                <TextEquiv>
                    <Unicode>eterminet lyquam est negatur quia quilibet beatus cogno </Unicode>
                </TextEquiv>
            </TextLine>
            <TextLine id="r1l70" custom="readingOrder {index:31;}">
                <Coords points="1015,1128 1611,1129 1611,1096 1015,1097"/>
                <Baseline points="1020,1122 1049,1121 1078,1121 1107,1121 1137,1121 1166,1121 1195,1121 1225,1121 1254,1121 1283,1121 1313,1121 1342,1121 1371,1121 1400,1121 1430,1121 1459,1121 1488,1121 1518,1121 1547,1121 1576,1121 1606,1121"/>
                <TextEquiv>
                    <Unicode>cit deum sicuti est id est sine errore quo sibi tribuat quod si</Unicode>
                </TextEquiv>
            </TextLine>
            <TextLine id="r1l72" custom="readingOrder {index:32;}">
                <Coords points="1010,1154 1615,1154 1615,1131 1562,1123 1010,1124"/>
                <Baseline points="1015,1150 1044,1150 1074,1149 1104,1148 1134,1148 1163,1148 1193,1148 1223,1148 1253,1148 1282,1148 1312,1148 1342,1148 1372,1149 1401,1149 1431,1149 1461,1149 1491,1149 1520,1150 1550,1150 1580,1150 1610,1150"/>
                <TextEquiv>
                    <Unicode>bi non conuenit. ⁋ Ad 10 conceditur conclusio ad quam de</Unicode>
                </TextEquiv>
            </TextLine>
            <TextLine id="r1l74" custom="readingOrder {index:33;}">
                <Coords points="1006,1183 1546,1188 1610,1183 1610,1154 1006,1155"/>
                <Baseline points="1011,1177 1040,1177 1070,1177 1100,1177 1129,1176 1159,1176 1189,1176 1218,1177 1248,1177 1278,1177 1308,1177 1337,1177 1367,1177 1397,1177 1426,1178 1456,1178 1486,1178 1515,1178 1545,1177 1575,1177 1605,1177"/>
                <TextEquiv>
                    <Unicode>ducitur quod visio beata valet ad vtramque dinarum cogni¬</Unicode>
                </TextEquiv>
            </TextLine>
            <TextLine id="r1l76" custom="readingOrder {index:34;}">
                <Coords points="1007,1213 1613,1213 1604,1182 1007,1183"/>
                <Baseline points="1012,1205 1041,1205 1071,1206 1101,1206 1131,1205 1161,1205 1190,1205 1220,1205 1250,1205 1280,1205 1310,1205 1339,1205 1369,1205 1399,1205 1429,1205 1459,1205 1488,1206 1518,1206 1548,1207 1578,1208 1608,1209"/>
                <TextEquiv>
                    <Unicode>tionum quam absolutam quam relatiuam. ⁋ Ad 20. dicendum quod </Unicode>
                </TextEquiv>
            </TextLine>
            <TextLine id="r1l78" custom="readingOrder {index:35;}">
                <Coords points="1013,1239 1607,1234 1582,1208 1012,1212"/>
                <Baseline points="1018,1235 1047,1235 1076,1235 1105,1235 1134,1235 1164,1235 1193,1234 1222,1234 1251,1234 1280,1234 1310,1234 1339,1234 1368,1234 1397,1234 1426,1234 1456,1234 1485,1234 1514,1234 1543,1234 1572,1234 1602,1234"/>
                <TextEquiv>
                    <Unicode>assumptum falsum est nisi solum intelligatur effectiue vel ob¬</Unicode>
                </TextEquiv>
            </TextLine>
            <TextLine id="r1l80" custom="readingOrder {index:36;}">
                <Coords points="1013,1268 1591,1274 1607,1269 1607,1234 1013,1239"/>
                <Baseline points="1018,1264 1047,1264 1076,1263 1105,1263 1134,1263 1164,1263 1193,1263 1222,1263 1251,1263 1280,1263 1310,1263 1339,1263 1368,1263 1397,1263 1426,1263 1456,1263 1485,1263 1514,1263 1543,1263 1572,1263 1602,1263"/>
                <TextEquiv>
                    <Unicode>iectiue. ⁋ Ad 23 dicendum quod negat vbique spem primam</Unicode>
                </TextEquiv>
            </TextLine>
            <TextLine id="r1l82" custom="readingOrder {index:37;}">
                <Coords points="1015,1294 1596,1299 1611,1268 1015,1271"/>
                <Baseline points="1020,1292 1049,1292 1078,1292 1107,1292 1137,1292 1166,1291 1195,1291 1225,1291 1254,1291 1283,1291 1313,1291 1342,1291 1371,1291 1400,1291 1430,1291 1459,1290 1488,1290 1518,1290 1547,1290 1576,1290 1606,1290"/>
                <TextEquiv>
                    <Unicode>primo actui qualem ponit tho. et multi alii et multo</Unicode>
                </TextEquiv>
            </TextLine>
            <TextLine id="r1l84" custom="readingOrder {index:38;}">
                <Coords points="1014,1323 1609,1319 1602,1295 1014,1295"/>
                <Baseline points="1019,1319 1048,1319 1077,1319 1106,1319 1136,1319 1165,1319 1194,1319 1223,1319 1253,1319 1282,1319 1311,1319 1340,1319 1370,1319 1399,1318 1428,1318 1457,1318 1487,1318 1516,1317 1545,1317 1574,1317 1604,1316"/>
                <TextEquiv>
                    <Unicode>fortius habet negare in proposito et si plus vellet dicere ne¬</Unicode>
                </TextEquiv>
            </TextLine>
            <TextLine id="r1l86" custom="readingOrder {index:39;}">
                <Coords points="1014,1358 1582,1357 1609,1349 1609,1319 1014,1326"/>
                <Baseline points="1019,1347 1048,1347 1077,1346 1106,1346 1136,1346 1165,1346 1194,1346 1223,1346 1253,1346 1282,1346 1311,1346 1340,1346 1370,1346 1399,1346 1428,1346 1457,1346 1487,1346 1516,1345 1545,1345 1574,1345 1604,1344"/>
                <TextEquiv>
                    <Unicode>gandus esset. ⁋ Ad primum principale conceditur quod Christus est sapi</Unicode>
                </TextEquiv>
            </TextLine>
            <TextLine id="r1l88" custom="readingOrder {index:40;}">
                <Coords points="1006,1383 1585,1381 1605,1378 1605,1348 1006,1358"/>
                <Baseline points="1011,1375 1040,1375 1069,1376 1099,1376 1128,1376 1158,1376 1187,1375 1217,1375 1246,1375 1276,1375 1305,1374 1334,1374 1364,1374 1393,1373 1423,1373 1452,1373 1482,1373 1511,1373 1541,1373 1570,1373 1600,1374"/>
                <TextEquiv>
                    <Unicode>ens duplici sapientia sed aia Christi licet obiectiue vel</Unicode>
                </TextEquiv>
            </TextLine>
            <TextLine id="r1l90" custom="readingOrder {index:41;}">
                <Coords points="1013,1410 1579,1412 1605,1403 1605,1379 1013,1383"/>
                <Baseline points="1018,1404 1047,1403 1076,1403 1105,1403 1134,1403 1163,1402 1192,1402 1221,1402 1250,1402 1279,1401 1309,1401 1338,1401 1367,1401 1396,1401 1425,1401 1454,1401 1483,1401 1512,1401 1541,1401 1570,1401 1600,1401"/>
                <TextEquiv>
                    <Unicode>negatiue sit sapiens increata sapientia non tamen est sapi¬</Unicode>
                </TextEquiv>
            </TextLine>
            <TextLine id="r1l92" custom="readingOrder {index:42;}">
                <Coords points="1008,1434 1605,1439 1604,1406 1542,1403 1007,1412"/>
                <Baseline points="1013,1431 1042,1431 1071,1431 1101,1431 1130,1431 1159,1430 1189,1430 1218,1430 1247,1429 1277,1429 1306,1429 1335,1428 1365,1428 1394,1428 1423,1428 1453,1428 1482,1428 1511,1428 1541,1429 1570,1430 1600,1431"/>
                <TextEquiv>
                    <Unicode>ens sapientia increata formaliter sed sola creata quae cum</Unicode>
                </TextEquiv>
            </TextLine>
            <TextLine id="r1l94" custom="readingOrder {index:43;}">
                <Coords points="1015,1465 1601,1466 1601,1435 1573,1432 1015,1434"/>
                <Baseline points="1020,1458 1048,1458 1077,1458 1106,1458 1135,1458 1164,1458 1192,1458 1221,1457 1250,1457 1279,1457 1308,1457 1336,1457 1365,1456 1394,1456 1423,1456 1452,1456 1480,1457 1509,1457 1538,1457 1567,1458 1596,1458"/>
                <TextEquiv>
                    <Unicode>hoc quod est cognitio et etiam forma inherentur perficiens. illam</Unicode>
                </TextEquiv>
            </TextLine>
            <TextLine id="r1l96" custom="readingOrder {index:44;}">
                <Coords points="1009,1495 1569,1495 1603,1491 1603,1466 1009,1467"/>
                <Baseline points="1014,1486 1043,1486 1072,1486 1101,1486 1130,1486 1160,1485 1189,1485 1218,1485 1247,1485 1276,1485 1306,1485 1335,1485 1364,1485 1393,1485 1422,1485 1452,1485 1481,1485 1510,1485 1539,1485 1568,1485 1598,1485"/>
                <TextEquiv>
                    <Unicode>animam et hec causa non habetur de increata. ⁋ Ad secundum prin¬</Unicode>
                </TextEquiv>
            </TextLine>
            <TextLine id="r1l98" custom="readingOrder {index:45;}">
                <Coords points="1010,1519 1566,1524 1600,1519 1600,1492 1010,1493"/>
                <Baseline points="1015,1515 1044,1514 1073,1514 1102,1514 1131,1514 1160,1514 1189,1513 1218,1513 1247,1513 1276,1513 1305,1513 1334,1513 1363,1513 1392,1513 1421,1513 1450,1514 1479,1514 1508,1514 1537,1514 1566,1514 1595,1514"/>
                <TextEquiv>
                    <Unicode>cipale dicendum est quod auctoritas ma. potest glosari per glo</Unicode>
                </TextEquiv>
            </TextLine>
            <TextLine id="r1l100" custom="readingOrder {index:46;}">
                <Coords points="1015,1549 1598,1551 1605,1516 1015,1518"/>
                <Baseline points="1020,1542 1049,1542 1078,1541 1107,1541 1136,1541 1165,1541 1194,1541 1223,1541 1252,1541 1281,1541 1310,1541 1339,1541 1368,1541 1397,1541 1426,1541 1455,1541 1484,1541 1513,1541 1542,1541 1571,1541 1600,1541"/>
                <TextEquiv>
                    <Unicode>am qua ipsemet exponit duas auctoritates consimi¬</Unicode>
                </TextEquiv>
            </TextLine>
            <TextLine id="r1l102" custom="readingOrder {index:47;}">
                <Coords points="1013,1577 1586,1577 1605,1573 1605,1549 1013,1551"/>
                <Baseline points="1018,1572 1047,1571 1076,1570 1105,1570 1134,1569 1163,1569 1192,1569 1221,1569 1250,1569 1279,1569 1309,1569 1338,1569 1367,1569 1396,1569 1425,1569 1454,1570 1483,1570 1512,1569 1541,1569 1570,1569 1600,1569"/>
                <TextEquiv>
                    <Unicode>les li 2 di 4t. ca. vltio prima est vsodori dicentis an¬</Unicode>
                </TextEquiv>
            </TextLine>
            <TextLine id="r1l104" custom="readingOrder {index:48;}">
                <Coords points="1006,1608 1568,1608 1604,1604 1604,1573 1006,1577"/>
                <Baseline points="1011,1600 1040,1600 1069,1599 1099,1599 1128,1598 1158,1598 1187,1598 1216,1597 1246,1597 1275,1597 1305,1597 1334,1597 1363,1597 1393,1598 1422,1598 1452,1598 1481,1598 1510,1598 1540,1598 1569,1597 1599,1597"/>
                <TextEquiv>
                    <Unicode>geli in verbo dei omnia sciunt antequam fiant et respondet ma. sed </Unicode>
                </TextEquiv>
            </TextLine>
            <TextLine id="r1l106" custom="readingOrder {index:49;}">
                <Coords points="1021,1635 1607,1628 1607,1604 1587,1602 1021,1604"/>
                <Baseline points="1026,1628 1054,1628 1083,1627 1112,1627 1141,1627 1170,1626 1198,1626 1227,1626 1256,1626 1285,1626 1314,1626 1342,1626 1371,1626 1400,1626 1429,1626 1458,1626 1486,1626 1515,1626 1544,1626 1573,1626 1602,1626"/>
                <TextEquiv>
                    <Unicode>ec omnes nec omnia perfecte angelos scire dixit et ideo eos</Unicode>
                </TextEquiv>
            </TextLine>
            <TextLine id="r1l108" custom="readingOrder {index:50;}">
                <Coords points="1007,1662 1582,1664 1605,1660 1605,1627 1007,1632"/>
                <Baseline points="1012,1656 1041,1655 1070,1655 1100,1655 1129,1655 1159,1655 1188,1654 1217,1654 1247,1654 1276,1654 1306,1654 1335,1654 1364,1654 1394,1654 1423,1654 1453,1654 1482,1654 1511,1654 1541,1654 1570,1654 1600,1654"/>
                <TextEquiv>
                    <Unicode>in scientia proficere non remouit. Alia est gregorii qui</Unicode>
                </TextEquiv>
            </TextLine>
            <TextLine id="r1l110" custom="readingOrder {index:51;}">
                <Coords points="1009,1688 1601,1690 1601,1663 1556,1656 1009,1663"/>
                <Baseline points="1014,1684 1043,1684 1072,1683 1101,1683 1130,1682 1159,1682 1188,1682 1217,1681 1246,1681 1275,1681 1305,1681 1334,1682 1363,1682 1392,1682 1421,1682 1450,1682 1479,1682 1508,1682 1537,1682 1566,1682 1596,1682"/>
                <TextEquiv>
                    <Unicode>ait quid est quod igitur nesciunt vbi scientem omnia sciunt. Et re¬</Unicode>
                </TextEquiv>
            </TextLine>
            <TextLine id="r1l112" custom="readingOrder {index:52;}">
                <Coords points="1006,1721 1600,1717 1592,1687 1006,1689"/>
                <Baseline points="1011,1713 1040,1712 1069,1711 1098,1711 1127,1710 1157,1710 1186,1710 1215,1709 1244,1709 1273,1709 1303,1709 1332,1709 1361,1709 1390,1709 1419,1710 1449,1710 1478,1710 1507,1710 1536,1711 1565,1711 1595,1711"/>
                <TextEquiv>
                    <Unicode>spondet ma. Sed accipiendum est hoc de his quorum</Unicode>
                </TextEquiv>
            </TextLine>
            <TextLine id="r1l114" custom="readingOrder {index:53;}">
                <Coords points="1010,1746 1594,1747 1601,1716 1010,1722"/>
                <Baseline points="1015,1740 1044,1740 1073,1739 1102,1739 1131,1739 1160,1738 1189,1738 1218,1738 1247,1738 1276,1738 1305,1738 1334,1738 1363,1738 1392,1738 1421,1738 1450,1738 1479,1738 1508,1738 1537,1738 1566,1738 1596,1739"/>
                <TextEquiv>
                    <Unicode>cognitio beatum facit vt sunt ea que ad ministerium</Unicode>
                </TextEquiv>
            </TextLine>
            <TextLine id="r1l116" custom="readingOrder {index:54;}">
                <Coords points="1006,1777 1597,1771 1597,1747 1562,1740 1006,1747"/>
                <Baseline points="1011,1769 1040,1768 1069,1767 1098,1766 1127,1766 1156,1766 1185,1766 1214,1766 1243,1766 1272,1766 1301,1766 1330,1766 1359,1766 1388,1766 1417,1767 1446,1767 1475,1767 1504,1767 1533,1767 1562,1767 1592,1767"/>
                <TextEquiv>
                    <Unicode>trinitatis et vnitatis pertinent ita diceretur in proposito</Unicode>
                </TextEquiv>
            </TextLine>
            <TextLine id="r1l118" custom="readingOrder {index:55;}">
                <Coords points="1013,1805 1589,1802 1601,1773 1013,1776"/>
                <Baseline points="1018,1796 1046,1796 1075,1796 1104,1795 1133,1795 1162,1795 1191,1795 1220,1795 1249,1795 1278,1795 1307,1795 1335,1795 1364,1795 1393,1795 1422,1795 1451,1795 1480,1795 1509,1795 1538,1795 1567,1795 1596,1795"/>
                <TextEquiv>
                    <Unicode>quod anima Christi scit omnia quae deus scit quae essentialiter obiecti¬</Unicode>
                </TextEquiv>
            </TextLine>
            <TextLine id="r1l120" custom="readingOrder {index:56;}">
                <Coords points="1010,1828 1534,1834 1600,1829 1600,1798 1010,1806"/>
                <Baseline points="1015,1824 1044,1824 1073,1824 1102,1824 1131,1823 1160,1823 1189,1823 1218,1823 1247,1823 1276,1823 1305,1823 1334,1823 1363,1823 1392,1823 1421,1823 1450,1823 1479,1823 1508,1823 1537,1824 1566,1824 1595,1824"/>
                <TextEquiv>
                    <Unicode>ue beatificant vel quod sciat omnia secundum spiem vel genus</Unicode>
                </TextEquiv>
            </TextLine>
            <TextLine id="r1l122" custom="readingOrder {index:57;}">
                <Coords points="1011,1854 1607,1862 1607,1828 1011,1827"/>
                <Baseline points="1016,1852 1045,1852 1074,1851 1103,1851 1133,1851 1162,1851 1191,1851 1221,1851 1250,1851 1279,1851 1309,1851 1338,1851 1367,1851 1396,1851 1426,1851 1455,1851 1484,1851 1514,1851 1543,1852 1572,1852 1602,1852"/>
                <TextEquiv>
                    <Unicode>scilicet in vniuersali necessaria ad redemptionem</Unicode>
                </TextEquiv>
            </TextLine>
            <TextLine id="r1l124" custom="readingOrder {index:58;}">
                <Coords points="1013,1886 1604,1885 1604,1861 1585,1855 1013,1856"/>
                <Baseline points="1018,1879 1047,1880 1076,1880 1105,1880 1134,1880 1163,1880 1192,1880 1221,1880 1250,1880 1279,1880 1308,1880 1337,1880 1366,1880 1395,1879 1424,1879 1453,1879 1482,1879 1511,1879 1540,1879 1569,1880 1599,1880"/>
                <TextEquiv>
                    <Unicode>aluandox. Tertio modo potest dici quod omnia nouit in </Unicode>
                </TextEquiv>
            </TextLine>
            <TextLine id="r1l126" custom="readingOrder {index:59;}">
                <Coords points="1017,1914 1599,1912 1583,1882 1017,1886"/>
                <Baseline points="1022,1908 1050,1908 1079,1907 1107,1907 1136,1907 1165,1907 1193,1907 1222,1907 1250,1908 1279,1908 1308,1908 1336,1908 1365,1908 1393,1908 1422,1908 1451,1908 1479,1908 1508,1907 1536,1907 1565,1907 1594,1907"/>
                <TextEquiv>
                    <Unicode>verbo sicut in habitu vel specie vel potius sicut in </Unicode>
                </TextEquiv>
            </TextLine>
            <TextLine id="r1l128" custom="readingOrder {index:60;}">
                <Coords points="1007,1942 1603,1938 1603,1913 1570,1909 1007,1912"/>
                <Baseline points="1012,1937 1041,1936 1070,1936 1099,1936 1129,1936 1158,1936 1187,1936 1217,1936 1246,1936 1275,1936 1305,1936 1334,1936 1363,1936 1392,1936 1422,1936 1451,1936 1480,1936 1510,1936 1539,1935 1568,1934 1598,1934"/>
                <TextEquiv>
                    <Unicode>supplente vicem speciei vel habitus actiue comprincipia¬</Unicode>
                </TextEquiv>
            </TextLine>
            <TextLine id="r1l130" custom="readingOrder {index:61;}">
                <Coords points="1015,1970 1591,1971 1601,1938 1015,1942"/>
                <Baseline points="1020,1964 1048,1964 1077,1964 1106,1964 1135,1964 1164,1964 1192,1964 1221,1964 1250,1964 1279,1964 1308,1964 1336,1964 1365,1964 1394,1964 1423,1964 1452,1963 1480,1963 1509,1963 1538,1963 1567,1963 1596,1962"/>
                <TextEquiv>
                    <Unicode>iui intentionum respectu cognoscibilium in ipso verbo non</Unicode>
                </TextEquiv>
            </TextLine>
            <TextLine id="r1l132" custom="readingOrder {index:62;}">
                <Coords points="1006,1997 1555,2002 1600,1998 1600,1969 1006,1972"/>
                <Baseline points="1011,1992 1040,1992 1069,1992 1098,1992 1127,1992 1157,1992 1186,1992 1215,1992 1244,1992 1273,1992 1303,1992 1332,1992 1361,1992 1390,1992 1419,1992 1449,1991 1478,1991 1507,1991 1536,1992 1565,1992 1595,1992"/>
                <TextEquiv>
                    <Unicode>quod accidentaliter cognoscat in verbo distincte omna et</Unicode>
                </TextEquiv>
            </TextLine>
            <TextLine id="r1l134" custom="readingOrder {index:63;}">
                <Coords points="1008,2031 1601,2027 1600,1997 1570,1994 1008,2007"/>
                <Baseline points="1013,2019 1042,2019 1071,2020 1100,2021 1129,2021 1158,2021 1187,2021 1217,2021 1246,2021 1275,2021 1304,2020 1333,2020 1362,2020 1391,2020 1421,2019 1450,2019 1479,2019 1508,2019 1537,2019 1566,2020 1596,2020"/>
                <TextEquiv>
                    <Unicode>ingula quae deus. Quarto modo potest intelligi quod omnia scit</Unicode>
                </TextEquiv>
            </TextLine>
            <TextLine id="r1l136" custom="readingOrder {index:64;}">
                <Coords points="1014,2057 1599,2052 1588,2025 1014,2028"/>
                <Baseline points="1019,2050 1047,2050 1076,2050 1105,2050 1134,2049 1162,2049 1191,2049 1220,2049 1249,2049 1277,2049 1306,2049 1335,2049 1364,2049 1392,2049 1421,2049 1450,2049 1479,2048 1507,2048 1536,2048 1565,2047 1594,2047"/>
                <TextEquiv>
                    <Unicode>per eminentiam vel equiualentiam qui deum co¬</Unicode>
                </TextEquiv>
            </TextLine>
            <TextLine id="r1l138" custom="readingOrder {index:65;}">
                <Coords points="1002,2098 1137,2086 1202,2100 1220,2083 1401,2098 1454,2081 1584,2094 1601,2091 1601,2051 1002,2061"/>
                <Baseline points="1007,2080 1036,2079 1065,2078 1095,2078 1124,2077 1154,2077 1183,2077 1213,2077 1242,2077 1272,2077 1301,2078 1330,2078 1360,2078 1389,2078 1419,2078 1448,2078 1478,2077 1507,2077 1537,2076 1566,2075 1596,2074"/>
                <TextEquiv>
                    <Unicode>gnoscit qui valet omnia vel eminet omnibus cognitionibus</Unicode>
                </TextEquiv>
            </TextLine>
            <TextEquiv>
                <Unicode>cationem ydionatum de quae vide supra. q. 2. ⁋ Ad 14 
dicendum quod illa intimitas non sufficit etc. nisi intimetur si¬
bi sicut forma suo informabili. Ad augustinum licet
it parum ad propositum dicendum quod si dictum suum esset verus
non solum de cognoscendo habitualitur ita quod potest exire in
actum quando per alia non impediretur sicut habet intelligi secum
veritatem sed etiam actualiter adhuc hoc non esset ver
nisi per cognitionem informantem causantam a se ipsa semper
praesentem sibiipsi. ⁋ Ad 13 negatur consequentia quia vespertina
cognitio creature est illa qua non intuitiue cognosci¬
tur deus matutina eo qua etiam deus intuitiue cogno¬
scitur et hoc est creaturam cognosci in verbo quia
nihil aliud a verbo potest sufficientur casre talem cogni
tionem qua sit intuitio verbi et propter hoc non optet
quod ista cognitio sit verbum. ⁋ Ad 16 dicendum quod 
licet deus sit lumen glorie obiectiuum non tamen est lu¬
men glorie quo formaliter aliqua creatura sit bea
ta ymo et realiter distinguitur ab omni cognitione
qua creatura formaliter deum cognoscit nec sequitur quod 
ppter hoc deus sit lumen insufficiens sicut non sequitur
lumen solis est insufficiens quia videri non potest nisi pona
tur visio sensitiua ab eo disticta qua videatur. ⁋ Ad 
17 dicendum quod ly qua debet glosar id est qua effectiue
non qua formaliter nec magister plus voluit quia posuit
actum dilectionis alium sed non habitum alium vt plane pte
versus finem eiusdem di. 17 primi libri. ⁋ Ad 10 dicendum
negatur consequentia. Ad probationem dicitur quod si ly aliter determi¬
nat ly repraesentare conceditur quod cuiuslibet beati co¬
gnitio aliter repraesentet deum quam est id est non ita perfecte re
presentet deum sicut deus perfecte est. Si autem ly aliter
eterminet lyquam est negatur quia quilibet beatus cogno 
cit deum sicuti est id est sine errore quo sibi tribuat quod si
bi non conuenit. ⁋ Ad 10 conceditur conclusio ad quam de
ducitur quod visio beata valet ad vtramque dinarum cogni¬
tionum quam absolutam quam relatiuam. ⁋ Ad 20. dicendum quod 
assumptum falsum est nisi solum intelligatur effectiue vel ob¬
iectiue. ⁋ Ad 23 dicendum quod negat vbique spem primam
primo actui qualem ponit tho. et multi alii et multo
fortius habet negare in proposito et si plus vellet dicere ne¬
gandus esset. ⁋ Ad primum principale conceditur quod Christus est sapi
ens duplici sapientia sed aia Christi licet obiectiue vel
negatiue sit sapiens increata sapientia non tamen est sapi¬
ens sapientia increata formaliter sed sola creata quae cum
hoc quod est cognitio et etiam forma inherentur perficiens. illam
animam et hec causa non habetur de increata. ⁋ Ad secundum prin¬
cipale dicendum est quod auctoritas ma. potest glosari per glo
am qua ipsemet exponit duas auctoritates consimi¬
les li 2 di 4t. ca. vltio prima est vsodori dicentis an¬
geli in verbo dei omnia sciunt antequam fiant et respondet ma. sed 
ec omnes nec omnia perfecte angelos scire dixit et ideo eos
in scientia proficere non remouit. Alia est gregorii qui
ait quid est quod igitur nesciunt vbi scientem omnia sciunt. Et re¬
spondet ma. Sed accipiendum est hoc de his quorum
cognitio beatum facit vt sunt ea que ad ministerium
trinitatis et vnitatis pertinent ita diceretur in proposito
quod anima Christi scit omnia quae deus scit quae essentialiter obiecti¬
ue beatificant vel quod sciat omnia secundum spiem vel genus
scilicet in vniuersali necessaria ad redemptionem
aluandox. Tertio modo potest dici quod omnia nouit in 
verbo sicut in habitu vel specie vel potius sicut in 
supplente vicem speciei vel habitus actiue comprincipia¬
iui intentionum respectu cognoscibilium in ipso verbo non
quod accidentaliter cognoscat in verbo distincte omna et
ingula quae deus. Quarto modo potest intelligi quod omnia scit
per eminentiam vel equiualentiam qui deum co¬
gnoscit qui valet omnia vel eminet omnibus cognitionibus</Unicode>
            </TextEquiv>
        </TextRegion>
    </Page>
</PcGts>
