1818 2500
217 222 821 280 absoluta qualio est de resiffrectione mortuorum
216 274 819 306 et aliis articulis fidei de futuro non potest eueni
212 293 818 336 re oppositum nec impediri quia posse contra veri
213 332 816 366 tatem non esset possibile. Dices non obstante re¬
212 359 812 389 uelatione deus oe potentia absoluta potest adhui
212 384 814 418 in contrarium. ⁋ Respondet quod hec propositio po¬
210 408 814 449 test habere duplicem intellectum vnus est secun¬
212 442 820 473 dum communiter intelligentes quod deus potest di¬
214 467 816 507 mittere ordinationem factam et facere oppositum
221 498 816 531 ita quod hec est simpliciter vera et absolute deus po¬
214 525 813 561 test facere oppositum. ⁋ Alius sensus est nisi deus
216 552 812 582 sic ordinasset posset facere oppositum ita quod abso
210 579 809 618 lute considerando potentiam dei vt potentia est si
216 610 810 641 ne alia ordinatione eius non repugnat potentie
209 638 817 675 eius oppositum facere nec in ea est defectus vel in
213 665 809 704 sufficientia aliqua potentie primus sensus negatur
210 696 813 730 secundus conceditur. ⁋ Et hec positio potest confir
212 723 814 754 mari per rich. de tri li. primo ca 2 non computato prologo
210 752 815 784 vtinam inquit iudei attenderent etc. et post cum omni con
210 777 812 810 fidentia dicere poterimus domine si error est a teipso de¬
212 809 810 838 cepti sumus nam tantis signis et prodigiis confitma¬
211 835 804 866 ta sunt et talibus que non nisi per te fieri possunt.
210 864 810 897 Similiter estimo inquit quod qui dicit si corpus Christi
210 890 814 930 fantasma fuit fefellit Christus Set q. 14 dixisset etiam.
208 922 807 955 Si resurrectio mortuorum aut eterna premiatio
204 951 815 986 bonorum non erit fefellit Christus similiter ille consequen
207 978 803 1012 tie prima coritue. 15. non essent valide vbi sic arguitur
204 1003 813 1041 si resurrectio mortuorum non est nec Christus resurre
199 1031 807 1068 xit et cetere que ibi sequuntur quia antecendens potest esse ve
208 1062 813 1097 rum pro nunc et pro omni tempone et consequens de praeterito impossibile
199 1090 814 1128 Item anselmus. Cur deus hoc ca. 17 dicit de deo quamuis
211 1121 813 1148 proposuerit se facturum quare et nota. Sed contra
211 1144 803 1184 istum modum d icendi sunt multa argumenta et diffici
202 1174 809 1212 lia. ⁋ Et primo arguitur sic ex hac positione sequ i
200 1205 811 1240 tur quod deus potuit aliqua facere que nunc non potest fa
202 1232 807 1261 cere et sic sequitur diminutio potentie eius ndo antecedens pro¬
202 1259 811 1298 batur quia aliqua sunt que deus potest creare ponatur
202 1289 809 1327 igitur quod deus reuelet de facto quod aliqua non crea¬
200 1316 808 1351 bit nec faciet simplicitur et sine conditione tunc hec cras
200 1351 801 1383 erit vera deus potuit ista facere et tunc tamen hec erit
198 1377 804 1408 vera ista non posset facere quia si sic posset venire
207 1404 803 1439 contra reuelatum quod est contra positionem si¬
202 1430 802 1466 militer sequitur quod deus de necessitate ageret ali¬
205 1459 810 1497 quid ad extra quia facta tali reuelatione de aliquo
204 1483 806 1518 faciendo de necessitate faceret illud et sic non li¬
200 1511 805 1550 bere quod non videtur sanum dicere. ⁋ Tertio sequiem
204 1543 808 1577 quod habeo dubitare vtrum deus potest me saluare quia
199 1571 813 1609 dubium est mihi. An deus reuelauerit de facto me
196 1599 810 1634 non esse saluandum igitur et sic posset argui de quo¬
201 1626 811 1658 cunque homine. Secundo si facta tali reuelatione
207 1657 808 1692 absoluta nec essario eueniret res quid necessitaret
201 1682 804 1716 ad euentum rei aut scientia dei aut aliquid extra
199 1711 804 1745 non scientia quia eque sciuit ane reuelationem sicut
201 1740 801 1774 post. Si aliquid extra tunc deus cogeretur vel necessi
198 1772 797 1803 taretur per extrinsecum quod est inconueniens. ⁋ Item augustinus
197 1798 800 1831 15s. de tiri. capit. 10. de magnis et. 12 oe paruis loquens
197 1825 803 1859 de nostra liberatione per Christum dicit alium modu pos¬
202 1851 800 1893 sibilem deo non defuisse. Sed de omnibus reuela
201 1880 804 1920 tis a deo illud fuit certissime reuelatum similiter
199 1913 798 1946 eodem. 13. capi. 106 de magnis et. 3 oe paruis lo¬
199 1941 801 1972 quens de incarnatione Christi ex adam dicit poterat
201 1966 792 2000 enim sic vel alio modo quo vellet creare vnum aliter
201 1993 797 2035 de quo vinceretur victor prioris sed melius iudi¬
196 2025 790 2061 cauit etc. primam harum auctoritatum allegat ma
202 2047 792 2090 li. primo di. 44. secundam li. 3 di. 12. Probatur sequ
197 2076 794 2126 tur quod deus non posset renelare sorti. sortem esse pec¬
854 228 1456 288 catorum certo peccato mortali nulla eius culpa alia
857 277 1457 317 precedente quia si potest ponatur inesse tunc aut
854 307 1460 345 sor. potest vitare peccatum illud post reuelationem
854 336 1456 375 antequam illud faciat aut non si sic tunc oppositum re
855 361 1454 402 uelati potest euenire contra positionem si non tunc sor.
856 395 1455 432 in hoc non peccabit quia nemo peccat in eo etc. 5
848 418 1456 454 de li. arbi. ca. 2 Si dicas quod peccabit quamuis non
847 443 1455 484 poterit hoc vitare quia habebit aliquam impotem
853 477 1453 517 tiam ex aliqua culpa sua precedente istud pecca¬
849 502 1455 544 tum adminus enim precedet culpa originalis. ⁋ Con
848 531 1456 576 tra cum tota reuelatione de qua dictum est stat quod
846 559 1455 600 sor in infantia baptizetur et accipiat gratiam et
849 589 1445 627 postea peccet mortaliter isto peccato de quo sup¬
847 619 1443 657 ponitur esse facta reuelatio. ⁋ Ad primum istorum
846 647 1450 682 respondet iste concedendo quod deus potuit aliquid
850 668 1443 714 facere quod iam non potest et etiam aliqua et non se
849 702 1450 739 quitur igitur eius potentia est diminuta eo quod ta¬
851 727 1453 772 lia posse contra reuelationem factam non diceret
844 758 1454 798 velle posse sed potius non posse aut impotentiam
843 782 1446 822 sed tamen ante reuelationem talem aut voluntatem dei ad
845 816 1443 851 extra illud vel illa facere fuit posse et post hoc non
853 842 1447 884 et ideo ipso immutabili permanente potest habere
843 868 1442 914 talem voluntatem postquam non habuit sicut potest ha¬
844 895 1444 939 bere voluntatem reuelatam nobis postquam non ha
848 923 1450 970 buit et magis dicitur illa non posse fieri quam quod deus
840 952 1452 991 non potest illa facere. Si dicas quicquid deus vult
844 983 1444 1021 non esse possibile vel non posse fieri ab eterno illud
840 1012 1443 1054 voluit igitur ab eterno tale fuit impossibile et non
845 1040 1453 1081 oe nouo. R espondet quod ab eterno voluit tale esse in
842 1067 1442 1108 possibile pro tempore certo non autem ab eterno et
844 1098 1441 1138 ideo non sequitur conclusio quod in premissis ly ab eter
841 1125 1451 1169 no determinat ly voluit et in conclusione ly impossi
842 1151 1441 1195 bile esse. ⁋ Contra ab eterno potuit voluisse om¬
837 1181 1451 1223 nia possibilia que sunt fuerunt erunt fuisse impos
843 1206 1454 1254 sibilia ab eterno quia ita bene ab eterno potuit vo¬
840 1236 1448 1281 luisse sicut post reuelationem talem et sic potuit fu¬
841 1265 1447 1309 isse quod deus nihil potuit fecisse ad extra ab eterno
840 1297 1440 1334 et sic non esset omniporens. ⁋ Respondet quod de quo¬
840 1322 1422 1363 libet sic potuit voluisse non autem de omnibus.
843 1349 1451 1389 ⁋ Contra dato quod deus nunquam reuelasset aliquid tunc
838 1380 1448 1417 tamen posset reuelare quod omnia nunc facta destrue¬
834 1408 1443 1449 ret et quod nihil vnquam imposterum faceret quo reue¬
835 1434 1436 1472 lato eo ipso deus esset nullipotens. Item hec re¬
837 1463 1440 1504 sponsio concedit tam magna inconuenientia quod non
834 1493 1437 1527 oportet conari deducere ad maiora. ⁋ Ad secun¬
836 1522 1437 1560 dum concedit consequens prout ly necessitas di¬
833 1552 1442 1590 cit infallibilem euentum non autem vt dicit actio
837 1576 1444 1616 nem et cum dicitur quod hoc non est sanum dicere ve¬
833 1607 1445 1647 rum eo modo quo philosophi posuerunt eum sic
833 1634 1444 1676 agere essentialiter consequi naturam et essentiam
835 1663 1444 1703 eius et nihil indifferenter immediate agere ad ex
827 1688 1435 1733 tra quin tamen possit et velit agere ad extra ne¬
837 1718 1439 1753 cessario ex libera et mera dispositione sua non ap¬
839 1747 1440 1789 paret inconueniens sed valde consonum processui
837 1778 1442 1816 anselmi libro primo. ⁋ Cur deus homo capitu. 2
829 1802 1439 1846 Sed fine dubio ista via est minus conueniens quam
834 1831 1434 1870 illa via prehabita quia minus est dissonum ratio¬
836 1864 1430 1898 ni quod deus ex natura sua necessario habeat agere
841 1890 1441 1927 que agit quam contingenter fiat ita actiuus necessa¬
833 1919 1435 1952 rio. ⁋ Ad tertium respondet quod non est mihi dubi
826 1949 1430 1986 um sic reuelasse de me aut de aliquo viuente sed
831 1972 1440 2016 magis habeo credere oppositum firmiter eo quod
833 2001 1431 2041 eoipso quod aliquis viator est habet firmiter crede¬
829 2032 1429 2069 re ipsum posse per deum saluari alias posset lici¬
838 2056 1428 2094 te desperare quod est contra fidem. Sed hec respon¬
832 2087 1429 2137 sio non vitat quin deus possit deuenire impotens
