1823 2500
346 243 960 298 in charitate reuelauit lapsum suum et trinam eius ne
360 289 955 328 gationem. ⁋ Siliter talis prenunciatio staret cum liber¬
356 316 953 356 tate arbitrui sicut ista facta petro stabat et hoc di¬
361 341 965 381 co etiam de reuelatione absoluta quia si solum sub condi
359 373 958 414 tione de ista conditione eadem restaret dubitatio
366 407 958 436 et processus in infinitum sicut supra argutum fuit Item
362 431 952 466 si non posset sibi reuelare quod finaliter damnnaretur nisi
362 457 962 494 sub conditione scilicet si moriens in culpa mortali ita
362 487 956 526 possum ego reuelare sibi. Item tunc damnandus non
370 516 957 551 posset plus a deo certificari quod damnabitur quam non dan¬
365 544 963 580 nandus Sebet contra hoc sunt difficultates aliqua. Prima
366 575 964 611 posito quod deus sorti existenti in charitate reuelet quod
360 603 964 637 ipse finaliter damnabitur. ⁋ Tunc quero an sor. iuste
368 629 958 666 poterit pro seipso orare vt saluetur vel non si primum
362 660 958 692 sequitur quod sor. iuste potest velle quod scit deum nolle
365 688 966 722 Falsitas patet nam vnusquisque tenetur se conformare
362 717 962 750 legi diuine cum sciuerit ipsam quia seruus sciens volun
357 746 956 775 tatem domini sui et non facit et ec. luce. 12Dices leuiter
360 769 968 805 quod non oportet hominem se conformare diuine voluntati¬
362 800 969 836 anuolito semper sed sufficit quod velit quod deus vult ipsum.
364 827 962 863 velle sicut secundum augustinus in ench. bonus filius et etc.
365 857 960 889 Sed contra istud videtur directe dictum augustinus 2i. de
357 885 962 917 Ci. dei cap. 2i. vbi dicit quod ecclesia nunc non orat pro
364 909 968 946 dyabolo nec pro malis mortuis vt saluentur orat tamen
362 944 960 978 pro omnibus bonis et malis hominibus dum sunt in vita
362 971 967 1004 et addit quod si de aliquibus malis damnandis ita certa
360 1002 961 1032 esset ecclesia vt qui sint illi nosceret quilibet in hac
369 1026 965 1060 vita sint constituii tamen predestinati sunt in eter¬
356 1052 967 1086 num ignem ire cum dyabolo tam pro illis non oraret
359 1076 964 1119 quam nec pro ipso sed quia de nullo certa est orat pro
360 1111 960 1140 omnibus in hoc corpore constitutis nec tamen pro omnibus
360 1138 958 1171 exauditur Hec ille ⁋ Ubi patet secudum eum quod ecclesia
368 1164 962 1201 non debet orare pro aliquo quem sciret esse damnandum
364 1196 964 1228 etiam si adhuc viueret igitur nec ipse pro seipso. proba
366 1221 963 1256 tur anselmus pro solis cap. vltimo dicit quod beati non
366 1252 968 1285 aliud volent quam quod ille deus huius non videtur alia
362 1281 964 1314 causa nisi quia sciunt voluntatem quam non possunt
368 1304 972 1338 transgredi. probatur si sic tunc sor posset orare iuste
369 1336 968 1365 illud quod sciret se non consecuturum Falsitas patet
364 1365 971 1394 quia tunc ociose oraret et per consequens non iuste. pro
366 1387 966 1421 batur tunc etiam angelus bonus deputatus ad cu¬
366 1420 966 1450 stodiam sortis sorte orante pro sua salute posset ora
366 1446 972 1479 tionem eius deo portare et pro ipso errare Falsitas
368 1477 970 1512 patet quia nullus angelus vult nisi quod deus vult per
368 1509 964 1537 anselmum in prosolis. ca. 6 consequaintia patet per be
369 1530 970 1564 bernardum in medita. cap. 6 vbi expresse dicit quod an
374 1564 968 1594 geli nni omnes gemitus orationes nostras sollicite
372 1588 966 1621 audiunt et reportant deorsi dicis quod non potest iuste ora
377 1617 973 1648 re vt saluetur. ⁋ Contra adhuc facta ista reuelatione
369 1645 973 1680 sor est in charitate igitur adhuc tenetur se amare
373 1672 975 1705 ex charitate igitur adhuc potest iuste velle se sal¬
369 1699 974 1736 uari et per consequens potest hoc iuste orare probatur
379 1730 969 1762 adhuc sor tenetur amare proximum suum ex charitate
376 1758 966 1789 et velle proximo suo vitam eternam. ⁋ Sed quandiu
378 1785 974 1816 sor. est in charitate equaliter se debet diligere et
376 1815 973 1851 ad tantum bonum sicut proximum nam sic a sactis exponitur
374 1841 969 1881 dreceptum de diligendo proximum sicut sei prim id est ad illum
376 1868 972 1902 bonum ad quod se. probatur si sor non posset iuste velle
380 1900 968 1933 suam beatitudinem tunc non poterit iuste seruare or
377 1928 979 1962 dinem charitatis quia ordo charitatis est se maxime
376 1957 979 1990 diligere post deum sicut patet 3 li. sententiar. di. 2
374 1985 975 2021 cap. primo et sequentibus Hhic mihi primo apparet
378 2014 978 2041 quod deus posset existenti in charitate absolute reue¬
376 2042 976 2078 lare suam futuram damnnationem nec tamen per talem
381 2068 970 2100 reuelationem dum est viator scire posset se finaliter
373 2098 979 2137 damnuandum proprie loquendo de scilinta. per hoc ad primum
988 249 1602 291 in contrarium ⁋ Dico quod sortes non scit deum ita velle
994 295 1599 326 proprie loquendo de scire nisi sumatur tunc scire pro
992 320 1598 351 credere vel firmiter estimare et tunc dico quod sor. te
994 346 1595 377 netur non firmiter credere istud nec credere quod sit
990 373 1601 407 super hoc reuelatio sibi facta ymo debet sperare
992 403 1594 439 quod non nisi deus imprimat sibi credulitatem talem re
994 429 1603 467 ctam vel reflexam et dato quod per talem impressionem
1000 460 1598 496 crederet sibi super hoc factam reuelationem tenetur
999 483 1610 523 rogare contrarium nec per hoc absoluitur a pre¬
996 515 1600 547 cepto diligendi se ad vitam eternam nec tenetur se
998 543 1597 575 conformare deo in volito id est in isto quod credit deum
1000 572 1602 609 velle esse futurum nec vnquam illud voluisse. ⁋ Et ad
996 600 1602 634 augustinum verum dicit si loquitur de certitudine sci¬
1001 628 1595 659 entie proprie dicte et de velle simili modo sumpto
1002 656 1603 691 Sed tunc est antecedens impossibile pro menbris ecclesie li¬
1003 684 1605 717 cet caput ecclesie sic sciat scitia increata seu diuina
996 716 1599 750 et finaliter credo quod nulla extrinseca reuelatio possi¬
1000 740 1608 776 bilis sine pluri nec etiam forsan intriuseca sine pluri
1000 769 1605 799 fine precepto aliquo adhibito vel relaxatione pre
1002 799 1598 828 cepti antiqui absolueret viatorem quin teneretur
1005 827 1603 862 optare salutem proximi cuiuslibet viatoris et pro ea
1004 856 1604 890 orare et multo magis hoc dicerem de salute propria
1016 883 1600 913 Ad aliud de angelis dicendum est quod beati non volent
1000 911 1600 941 nisi quod deus vult eos velle sed hoc non est contra
996 939 1601 973 dicta. ⁋ Ad tertium et ex quartum patet ex dictis. Ar¬
1002 968 1607 1002 gumenta ad aliam partem concludunt verum licet sy¬
998 992 1612 1032 rensis teneat contrario modo credo enim quod angeli
1002 1024 1599 1052 custodes nori orarent pro nobis donec haberent pre¬
1000 1051 1603 1088 ceptum ve contrario et illi non possunt ita decipi si
1003 1080 1603 1111 cut nos per angelos malos potentes se nobis trans
998 1107 1602 1140 formare in angelos lucis non sic illis. Probatur si ista
996 1137 1602 1169 argumenta cogerent equaliter probarent quod petrus
999 1163 1606 1198 post reuelationem factam existenti in charitate quod esset
1002 1195 1600 1230 negaturus deum non potuisset iuste orare preseruari
1002 1219 1623 1261 ab ipso peccato mortali consequens est falsum ⁋ Ali
1005 1251 1602 1285 ter respondet grego in vltima parte circa finem quod
999 1277 1605 1313 talis sciens voluntatem deberet contentari et velle quod
1000 1308 1601 1337 eum deus damnaret ex quo sic esset placitum deo et hic
1005 1334 1607 1365 actus procederet ex maxima dilectione dei nec esset
998 1361 1599 1395 culpabilis sed laudabilis. Sed vlterius videtur di¬
1009 1388 1606 1425 cendum quod in tali casu non esset licitum sibi pro sua
1002 1416 1605 1453 finali salute sed simpliciter de diuino iudicio con¬
1001 1447 1607 1479 tentari et huic fauet dictum augu 2. de Ci. dei cap.
1005 1478 1606 1510 .25. vbi eius sententia est quod pro nullo viuente finaliter
1004 1503 1605 1539 reprobato si de eius re probatione ecclesia esset cer
1002 1532 1605 1567 ta oraret vt saluaretur et intelligenda sunt in casu quo
1009 1557 1607 1595 quio esset certus deum absolute et non solum conditio
1004 1590 1600 1618 naliter velle hec grego. ⁋ Ad argumentum in oppo¬
1000 1617 1603 1650 situm tunc diceretur quod preceptum charitatis non obli
1004 1645 1602 1677 gat absolute quod in quocumque casu homo debeat velle
1002 1675 1607 1709 se saluari et quemlibet proximum suum licet sic obliget
1011 1702 1603 1735 de lege quando absolute autem obligat hominem ad dili¬
1002 1729 1605 1767 gendum deum et seipsum in ordine ad deum et proximum
1011 1755 1603 1794 similiter ita vt se totum teneatur ordinare in deum
1014 1788 1603 1820 et etiam teneatur hoc velle proximo et sic omnia tenetur
1011 1816 1612 1848 homo facere propter deum et iustitiam eius non autem
1011 1844 1609 1876 absolute vel vltimate propter salutem suam et commo
1012 1870 1613 1905 dum suum nec sequitur si in dicto casu non vellet se
1010 1899 1603 1932 saluari quod ipse desperaret desperatione quae est peccatum
1004 1929 1606 1962 Sed bene sequitur si ipse non speraret vel non habe
1008 1958 1604 1992 ret spem de illo fine consequendo ad quem obligat
1015 1986 1613 2017 eum lex diuina vt speret et credat illum se posse con¬
1008 2015 1605 2045 sequi sed in singulari casu non sic esset obligatus
1004 2042 1609 2078 ymo potius ad oppositum sicut iam nos propter di
1011 2072 1602 2101 uinam reuelationem obligati sumus ad firmiter cre
1006 2097 1604 2144 dendum dien pudicii fore sic talis facta reuelatione
