1802 2500
351 234 966 290 haberet iste angelus .c. gaudium sequitur quod nunc
358 282 961 317 esset contingens iste angelus habuit gaudium. c. et
357 308 965 346 hec similiter iste angelus habuit gaudium consequens est
358 335 951 377 impossibile et consequentia patet persmodum illius responsionis
362 364 961 407 ⁋ Sed hic respondet quidam quod deus est gaudium illius
364 395 960 440 qui videt in verbo tantum et quod deus est sua cognitio et
359 423 965 460 sua nolitio et sua delectatio et ideo dicunt quod hec in
355 456 959 489 isto casu est nec essaria. c. gaudium fuit sicut et hec
358 479 961 519 gaudium quod est deus fuit et tamen hec est contigens
356 504 959 543 iste angelus gaudebat sicut et hec ista reuelatio fu¬
360 534 955 572 it facta isti angelo. ⁋ Sed hanc viam reprobati. p¬
356 563 958 600 qe. huius di. Probatur tunc pari ratione si deus re
359 594 964 630 uelaret alteri angelo nouiter creato in verbo su¬
358 622 962 657 am damnationem futuram ex qua reuelatione iste
359 650 963 686 doleret sequitur pari ratione quod deus esset tristi¬
356 676 959 713 cia illius angeli et eius miseria quod non esset con
358 705 964 740 cedendum ab aliquo Christiano igitur etc. Item istam re¬
356 736 962 770 sponsio non soluit argumentum de sudore Christi et de
352 764 966 796 dolore. Item stat difficultas similis de factis ga¬
358 789 964 826 brielis existentis circa denunciationem incarnationis
359 815 965 858 Item ponatur quod ex aliqua tali reuelatione propter dolo
349 843 969 889 rem vel delectationem sequentem et non alia de causa aliquis
356 876 965 912 occidisset se vel alium vel construxisset castra vel ci¬
356 901 967 936 uitates anede euentum istius reuelati tunc sequitur quod iste pos
356 928 961 972 set non fuisse occisus et ista castra possent non fuisse fa¬
354 961 961 994 cta quia potest esse quod iste nullungaudium vel dolonem habu¬
355 987 966 1024 it igitur non euaditur difficultas. Et si ponatur omnis actus in
355 1015 961 1051 terior esse deus igitur ista positio tam est falsa quam
353 1050 967 1082 impertinens. ⁋ Tertio arguit sprensis contra predi¬
357 1069 967 1109 ctam responsionem quae dicit quod hec est nunc cont ingens gabri
356 1101 967 1138 el habuit. agaudium in b. gradu quia supponatur quod
358 1134 963 1164 quando gabriel habuit a. gaudium in b. gradu sic
354 1162 969 1192 nunc habet et semper habuit post suam confirma
360 1187 967 1219 tionem quod deus preceperit sibi quod delectaretur in.
359 1213 968 1248 b. gradu tunc sic si hec est contingens gabriel habu
351 1244 971 1279 it gaudium in b. gradu ititur et sua contradicto¬
354 1269 963 1309 ria est contingens hec. scilicet gabriel non habuit gaudium
357 1298 971 1333 in b. gradu igitur et hec erit contingens isto casu
356 1324 965 1365 stante gabriel peccat mortaliter consequens est inconveni
357 1354 967 1387 ens dato quod nunquam aliud fecerit nec faciet nisi quod
360 1387 961 1420 positum est. Probatur non magis pendet delecta
364 1412 967 1443 tio quo ad gradum suuma futuro quam pendeat a futuro
358 1433 964 1475 secundum suam essentiam quia tam determinatus est
357 1464 961 1503 gradus eius quam determinata est essentia eius igitur si. a.
359 1495 961 1528 delectatio non potest non fuisse sequitur quod a. delectatio
365 1523 971 1557 non potest non fuisse in isto gradu in quo secundum veritatem
359 1549 965 1589 fuit. ⁋ Secundo mihi videtur quod non sufficit ad diffi
365 1579 962 1618 cultatem soluendam dicere cum syrensi in sua lectura l¬
368 1609 969 1646 contradixerit in quaestione biblica quod iste idem conceptus
358 1639 968 1671 creatus in beato qui est et fuerit firmum iudicium quod
368 1670 972 1702 sua essentialis beatitudo perpetuabitur potest adhuc
364 1695 972 1730 nunquam fuisse tale iudicium. ⁋ Pro quo notandum
368 1726 971 1759 est secundum eum quod reuelatio in verbo est vnus sim¬
364 1754 971 1793 plex conceptus representans essentiam diuinam qua
370 1778 964 1814 clare apparante apparent clare isti futura contingen
368 1808 973 1845 tia in ipa que futura ipsa vult illi comprehensori
364 1837 972 1868 ostendere et quod ille vnus conceptus complexus est securi¬
364 1860 970 1901 tas et certitudo illius comprehensoris respectu omnium fu
368 1896 969 1928 turorum que apparent sibi in ista essentia et ista cogni
368 1926 973 1959 tio siue visio simplex est securitas de eternitate be
361 1945 972 1985 atitudinis includentis ipsam et dilectionem fruitiuam
367 1979 974 2013 et delectationem sequentem. Ideo hec est contigens hec
365 2006 974 2040 est beatitudo fuit proprie loquendo de beatitudine et
368 2039 966 2068 quuista cognitio seu visio quae est securitas de eternita
364 2062 965 2099 te beatitudinis potest non esse securitas quia potest fi¬
368 2092 978 2139 ri si deus noluerit quod essentia nunquam representauerit
990 236 1600 286 istam beatitudinem fore eternam quia potest facere quod ipsa
990 276 1595 310 desinat igitur potest esse quod essentia diuina nunquam repre¬
995 305 1597 338 sentabit illam fore eternam et per consequens quod illa visio bea
992 333 1592 366 tifica non fuerit securitas de eternitate totius bea
993 363 1597 395 titudinis includentis tres actus praedictos et per consequens quod il
995 391 1599 425 lud aggregatum nunquam fuerit beatitudo prout ly bea
992 418 1594 453 titudo connotat illud aggregatum esse securita
994 447 1599 477 tem eterne beatitudinis et per hunc modum saluat
1000 476 1599 510 hanc esse contingentem hec beatitudo fuit et tamen
992 504 1595 538 hanc esse necessariam hoc fuit demonstrato isto aga
994 534 1600 567 gregato quia secundum rei veritatem est et fuit
995 559 1603 593 hec beatitudo licet contingenter. ⁋ Contra hanc
993 590 1596 621 responsionem fuit posita conclusio antedicta quam
993 616 1596 651 probo quia licet aliquod iudicium postquam non fuit
1000 648 1598 680 verum fieri possit verum sine omni mutatione iu¬
992 678 1596 709 dicum vel iudicantis propter variationem a parte
999 702 1598 735 rei signate per aristotelem in predicamentis et hoc
994 731 1607 763 etiam docet experientia tum quia absque aliqua ta
999 758 1601 788 li mutatione vel nouitate in re vel iudicante crea
993 787 1605 818 tura hoc fieri diceretur pari ratione dicerem quod pri¬
997 817 1600 848 usquam nunquam habens albedinem fieret albus fine noui
996 845 1609 875 tate albedinis et fine nouitate inherentie albedis
994 869 1599 905 praexistentis. Item obuiat illud commune principium de transitu
1002 903 1603 934 a contradictorio in contradictorium quae fieri non potest sine
998 930 1602 961 aliqua sex casrum alibi expressarum scilicet productionis de¬
992 955 1599 989 structionis motus localis aut temponis propter causam
996 984 1601 1015 finalem et efficientem hic autem non occurrit aliqua ista
998 1011 1608 1045 rum per quam hic possit dari ratio huius transitus
1003 1041 1605 1073 Probatur si sic hoc esset potissime per viam quam
997 1068 1603 1099 tangit iam posita responsio syrensis quia videlicet es
997 1098 1607 1126 sentia diuina sibi representat contingenter quod a. erit
1003 1126 1609 1159 vel simile futurum sed hoc non sufficit quia anima vel
996 1155 1605 1185 angelus non potest cognoscere a. fore formaliter per
1002 1183 1609 1212 cognitionem quae deus est sed per noticiam creatam potest iu¬
998 1211 1607 1244 dicari nisi quod de facto per eam iudicatur quandiuipa ma¬
998 1241 1609 1275 net. Probatur ista ratio necessitat ad fugam non
994 1268 1603 1302 intelligibilem scilicet quod gabriel propter istam securitatem
1003 1294 1602 1330 haberet intensius gaudium quam baberet si non asse
996 1325 1605 1357 curaretur et tamen pro ceteris paribus haberet semper
998 1351 1603 1384 illud gaudium et in eodem gradu etiam si non habe¬
1000 1376 1599 1412 ret hanc securitatem. ⁋ Tamen sprensis respondens ad aucto
1000 1407 1605 1439 ritatem augustinus quae dicit quod securitas est optimum in beati¬
1000 1436 1603 1468 tudine concedit quod securitas est optima pars beatitu¬
997 1464 1598 1499 dinis inter cognitiones quod tamen est falsum cum cognitis
1005 1491 1598 1525 sit multo perfectior quia est in infinitum melioris obiecti
1003 1520 1607 1552 et postea dicit quod gabriel propter istam securitatem
1006 1549 1607 1585 quando fuerit confirmatus maius habuerit gaudium
1006 1577 1608 1610 quam si non haberet securitatem hanc et notat connam igitur
1008 1606 1600 1638 si gabriel non habuit hanc securitatem non habuit il
1002 1631 1598 1667 lud gaudium quia antecedens est contingens et consequens impossibile
1000 1666 1603 1698 gaudium enim illud est vna passio facta in voluntate et
1005 1692 1599 1725 ideo impossibile est illud non fuisse nec potest fuisse minus
1000 1721 1606 1757 gaudium quam in b. gradu. ⁋ Et ideo concedit quod tunc
1004 1750 1609 1784 esset possibile quod habens securitatem istam et non ha¬
1003 1775 1607 1810 bens istam ceteris paribus haberent equale gaudi¬
1006 1803 1609 1837 um et hoc in tali casu vbi gaudium huiusmodi prouenit a co
1005 1836 1605 1872 gnitione in verbo sed augustinus loquitur secudum cursum nature quod
1004 1867 1603 1897 securitas addita addit gaudium sed hoc non obstan¬
1004 1888 1602 1924 te deus potest facere nunc quod gaudium non habuit secu¬
1008 1922 1609 1953 ritatem praedictam et tamen necessarium est quod habuit tantum
1006 1946 1596 1981 gaudium sicut raphael: alius angelus sit raphael ce
1001 1976 1598 2009 teris omnibus paribus habens securitatem de eternitate sue
1008 2002 1598 2036 beatitudinis igitur inquit hec copulatiua est nunc contigens
1004 2027 1610 2072 gabriel hunit equale gaudium cum raphaele et ga. non hunit
1005 2062 1603 2095 securitatem et sequitur quod si adherent gabrieli certitudo quod
1000 2094 1606 2138 plus non gauderet quam raphael quia fuerant tunc equales
