1810 2500
360 222 967 269 hoc quod videtur speculum et si speculum esset natura
365 262 963 304 lis ymago faciei videretur facies sed sola eius yma
372 295 960 335 goymo si propter hoc verancitur videretur illud cuius
372 318 957 360 est ymago omnia somnia essent vera cum ibi vi
371 343 965 386 deantur ymagines rerum consequens est impossi
372 377 962 414 bile. ⁋ Et hanc inquit rationem pondero quia ip
369 404 959 442 se non videt modum quo possit videri creatura
364 428 965 467 essentia diuina nisi quia se ita ostenderet videnti tam
369 457 966 501 quam ymaginem illius creature et ex hoc non plus sequitur
369 486 961 528 quod videretur creatura quam quod res videretur in somnis vi
372 516 962 557 sa eius ymagine. ⁋ Probatur si per actum visionis
371 542 962 581 verbi videretur disticte creatura tunc per eundem actum in
371 570 963 611 telligendi posset veracitur negare creaturam esse deunm
372 596 971 640 quia per illum distingueret creaturam a deo et tunc esset
367 627 972 670 propositio vera vbi negaretur idem de seipso ymo
372 652 973 695 eadem compositio intellectus esset necessaria et impos
371 681 962 728 sibilis quod non solum destruit philosophiam sed etiam damnati
372 714 966 753 est in ista vniuersitate. ⁋ Secundo de anima dicitur quod
376 743 966 780 distinguere aliquid ab alio non potest nisi per vnam etu
365 765 970 810 tem et dispositiones diuersas igitur impossibile est
372 793 976 836 hoc fieri per vnum actum. ⁋ Probatur pari modo pos¬
375 823 967 865 set vnico actu amoris amari deus beatifice et eti¬
366 848 976 888 am creatura. Consequentia patet quia omnis noticia potest
373 877 968 919 habere actum amoris sibi proportionatum. Falsitas co
380 905 977 945 sequentis probatur multiplicitur. Primo quia tunc sic vi
375 932 973 977 dens posset fieri amicus alicuius oe nouo fine muta¬
376 967 973 1004 tione sue voluntatis quod augustinus quinto de trinita¬
371 987 972 1033 te in fine reputat impossibile. ⁋ Consequentia patet quia per
381 1020 975 1060 illum actum amoris quo amat deum potest nouitur vt ponitur
372 1049 978 1092 amare creaturam et ita fieri amicus eius et planum est quod
376 1074 981 1113 iste actus omnino manet in eodem gradu et ita non immuta¬
373 1107 971 1143 bitur igitur nec eius subiccetum mutatur per ipsum nisi dicatur
377 1129 977 1177 quod voluntas mutatur tunc in comparatione ad illud
374 1159 972 1201 quia scilicet nouiter habet respectum ad aliqud aliud quod
377 1188 981 1229 non habuit sed secundum hoc sequitur quod deus mu¬
378 1212 979 1257 taretur quod patet falsum. ⁋ Probatur tunc se¬
377 1243 972 1287 quitur quod talis postquam amauit aliquid potest illuo
381 1272 981 1315 non amasse et postquam preuidit aliquid potest illud
382 1298 978 1342 non preuidisse et ita si per hoc quod istud amat sic me
374 1329 972 1374 ruisset vel demeruisset sequitur quod post meritum
374 1357 972 1402 posset non meruisse et post demeritum non dem
383 1385 974 1426 ruisse et etiam fuisse penitus etc. sicut supra fuit
380 1414 974 1448 argutum. ⁋ Item tunc preteritum posset non fuit
382 1442 978 1483 se quia ex preuisione tristabilis vel delectabilis
386 1472 974 1509 naturaliter sequitur delectatio vel dolor si igitur
379 1496 971 1532 tale cognitum potest nunquam fuisse cognitum sequi
388 1523 972 1561 tur quod talis delectatio vel dolor potest nunquam fuis¬
384 1553 975 1590 se. Probatur deus non posset actu videre creatu
389 1579 972 1618 ra per actum quo videt se nisi esset sibi species et
388 1607 975 1649 actu respectu vtriusque. Si enim respectu sui habe
388 1640 967 1673 ret vicem speciei et non haberet vicem actus re
388 1664 966 1710 spectu sui non actu cognoscere se sed habitu tanti
383 1695 969 1734 igitur pari ratione creatura non potest actu vide
383 1726 969 1759 re per verbum diuinum creaturam nisi verbum diuinum
384 1751 975 1786 esset sibi loco speciei et etiam loco actus quod quia est impossi
380 1779 979 1818 bile sequitur quod mediante verbo per actum videndi verbum
384 1807 968 1848 non videtur creatura. Anselmus de li. arb. ca. 4 dici
385 1835 972 1874 quod voluntas quae est vsus tam est quam nuerose videmus et volun
387 1867 974 1897 tas que est vsus tam multiplex est quam per multa et
380 1891 976 1929 sepe volumus. Sed istis non obstantibus videtur
381 1926 975 1956 mihi oppositum illius conclusionis probabile satis
382 1949 975 1984 est possibile vt. s creature cognoscantur in verbo quomod
387 1977 975 2014 enim saluabitur distictio cognitionis rerum in verbo
381 2010 975 2040 ab earum cognitionibus in genere proprio vel cogni
376 2036 975 2070 tio earum matutina ab earum cognitione vesperti
380 2066 979 2110 na de quibus sunt multe auctoritates augustinus 4. super
995 217 1589 265 genen. in multis capitulis vnde cap 35 mens ange
1002 262 1602 293 lica pura charitate inherens verbo dei prius cun¬
996 286 1595 319 cta vidit in verbo facienda que facta sunt. Item an
1002 317 1600 346 selmus de similibus li. 2 cap. 56 bonus perfecta
1000 340 1602 381 scientia que deus est replebitur quam tamen ita
996 366 1567 405 perspexerit creature totius naturam videbit.
998 392 1597 437 Item lynconiensis primo posteriorum ca. 14 intel
1008 429 1603 459 ligentie recipientes irradiationem a lumine primo
1002 453 1603 489 vident in eo omnes res scibiles vniuersales et par
1002 484 1603 518 ticulares et infinita sunt huiusmodi dicta in origi¬
1000 513 1600 544 nibus sanctor vnen videtur multum mirabile quod aliquis
999 539 1597 574 audet dicere oppositum huius. Dicendum igitur cum istis
1004 566 1600 598 sanctis et doctoribus omnibus quod creature possunt ibidem
1001 594 1605 631 in verbo sed per quem modum difficile est assignare di
1004 626 1606 655 co tamen vt supra sepe quod per hoc videntur creature in ver
999 650 1605 686 bo quod a verbo causatur cognitio tam verbi quam creatu¬
1004 674 1607 711 re representatiua videntur igitur creature in verbo sicut in
1009 710 1603 741 causa visionis et sicut in lumine increato sine quo
1009 739 1604 769 vel cuius illustratione nihil intellectualitur videre
1004 765 1605 797 tur in verbo vel non verbo quia verbum est lux vera que
1002 793 1607 823 illuminat omnem hominem etc. videntur etiam res in verbo
1003 815 1602 851 tanquam in creato speculo non quod in verbo sint quae videntur
1007 846 1605 877 speculariter per verbum. ⁋ Sed quod per verbum vi
1005 873 1604 909 sione verbi appareant tales res intuenti nec mir
1012 906 1607 935 cum speculum coram oculis positum coefficiat vi
1008 930 1606 963 sionem rerum oppositarum visione qua forsan vi
1007 959 1611 992 detur et ipsum speculum. Uidentur etiam res in verbo
1008 987 1609 1021 in ydea quia mediante huiusmodi visione perpendi potest
1008 1018 1612 1051 qualitur res in verbo praedictis modis visa est inuitatio
1013 1042 1604 1078 quedam longinqua ac remota verbi sicut ydeatum
1013 1075 1611 1103 vel exemplatum sue ydee vel exemplaris. Uidentur
1013 1100 1609 1133 etiam in verbo sicut in supplente vicem speciei vel habi
1008 1127 1614 1163 tus respectu creature cognoscendi ita quod illa cogni
1014 1158 1609 1189 tione etiam videtur ipsum verbum et hoc stricte loquendo
1013 1183 1611 1221 large autem siue videatur ipsum verbum siue non. ⁋ Ad pri
1004 1213 1609 1247 mum in contrarium potest negari minor quia deus po¬
1007 1239 1607 1274 test supplere vicem obiecti quo ad efficientiam eo
1006 1266 1607 1304 modo quo potest immediate supplere vicem albe¬
1005 1299 1603 1330 dinis in causando visionem albedinis sic quod albedo im
1002 1323 1609 1361 mediate videretur a me sine omni actione albedinis ita
1003 1357 1602 1389 quod potest in proposito agere visionem verbi in me quae sit tam verbi
1004 1382 1606 1418 quam creature visio et hoc obiecto solo verbo talem visio
1011 1411 1603 1440 nem agente et istum modum dicendi nec tangit nec improbat
1004 1436 1609 1470 ⁋ Ad secundum est dicendum quod illud iudicium quo aliquis in
1010 1467 1598 1496 verbo iudicaret creaturam non esse deum foret simplex et
1010 1492 1605 1526 verum iudicium non falsum licet posset esse apprehensio fal
1006 1519 1605 1553 si sicut etiam dei visio apprehensio est multorum falsorum
1003 1548 1599 1582 Sed quia non iudicat false ideo non est falsum iu¬
1004 1574 1609 1611 dicium sicut iudicium simplex in essendo quo iudi
1010 1607 1598 1642 co hominem non esse asinum est apprehensio quod homo non
1006 1638 1596 1668 est asinus non tamen est iudicium quod homo est asinus
1004 1661 1611 1698 sed iudicium contrarii nec etiam iste actus simplex
1010 1691 1602 1737 quo propter est apprehensio equalens propositioni
1010 1719 1603 1754 alse quo ad repraesentationem est falsa. ⁋ Sed hunc mo
1012 1747 1608 1783 dum dicendi non ymaginatur iste in arguendo posse
1009 1779 1601 1810 poni tota autem vlterior deductio soluta est in simi
1010 1804 1605 1845 li et alia in materia. p. di. rimi. An vna persona vel
1016 1837 1605 1868 essentia possit cognosci alia non cognita. ⁋ Ad ter¬
1014 1865 1605 1901 tium concedendum est dictum commentatoris et philosophy quando ta
1012 1889 1605 1924 le iudicium causatur naturaliter. ⁋ Ad quartum conceden
1008 1919 1602 1953 dum est esse possibile quod infertur. ⁋ Ad primum incontrarium
1008 1948 1602 1979 neganda est consequentia. Ad probationem dico quod fundatur super
1008 1975 1609 2003 falsa ymaginatione quia eco non pono quod idem actus sit
1011 2004 1600 2037 amor vnius obiecti et post fiat isto mo amor alterius
1012 2032 1602 2072 sicut ipse ymaginatur et per hoc patet quod necista probatio pro¬
1016 2059 1610 2105 cedit. ⁋ Ad quintum patet etiam quod procedit contra ponentem
