1802 2500
186 222 784 269 sit cognitio sui ipsius quam sui obiecti quia omnis a
189 266 777 299 ctus talis primo est respectu sui obiecti talis a
187 294 786 330 ctus. ⁋ Item sufficit illud quod datur si enim om
187 319 784 356 nis volitio est cognitio sui igitur omnis volitio est
185 347 785 386 cognitio et hec est conclusio probanda. Item contra
181 379 781 418 eum est illud argumentum de amico. ⁋ Secundus
185 403 781 443 articulus est ponere conclusiones. Prima aliqua
182 433 784 467 cognitio non est volitio seu fruitio loquendo de
186 458 783 498 fruitione causata partialiter ab anima effectiue
184 494 784 523 deus autem non necestitatur ad talem ordinem in cau¬
187 518 782 555 sando probatur conclusio nam omnis volitio vel frui¬
189 547 783 581 tio causabilis a voluntate nira praesupponit cognitionem
187 579 787 609 sicut experimur sed effectus naturaliter cansabi¬
187 605 779 643 lis nullum absolutum necessario praexigit nisi a quo
179 636 787 671 dependet in aliquo genere cause ergo talis cognitio
185 660 787 702 partialis est causa effectiua volitionis seu amoris
185 691 787 727 igitur distinguntur. ⁋ Confirmatur cognitio quae non
188 718 782 754 est amor reducit voluntatem oe potentia essentia
187 752 783 784 li ad accidentalem igitur presupponitur amori et
185 780 783 813 non nisi sicut causa effectiua igitur. ⁋ Item experien¬
182 807 783 838 tia docet quod multa apprehendimus que nec amamus
184 836 787 869 nec odimus. ⁋ Item experimur quod eodem actu appre¬
185 865 784 897 hendendi stante possimus alii libere odire dilige
190 888 784 926 re et non diligere apprehensum igitur ista apprehensio
185 924 787 954 non est volitio. ⁋ Secunda conclusio non asserendo
189 947 783 983 sed opinando est ista quod omnis volitio est cognitio
184 977 791 1017 probatur omnis experientia alicuius obiecti est co¬
186 1002 789 1044 gnitio eiusdem sed omnis volitio est huiusmodi eo quod est
183 1034 793 1066 actus vit alis igitur. ⁋ Item ad hoc sunt auctorita
191 1066 757 1097 tes in secunda ratione ad primam partem supra.
189 1086 789 1129 ⁋ Prima operatio quae est vltimus finis hominis est si
187 1124 791 1153 mul cognitio et dilectio igitur Antecedens proba
186 1148 789 1181 tur quia si esset cognitio quae non est dilectio deus pos
180 1175 791 1209 set illam conseruare fine dilectione et tunc homo
186 1204 790 1242 posset esse beatus quando deum non diliget nec potest esse
185 1239 795 1268 dilectio quae non sit cognitio quia tunc cum beatitu¬
189 1263 784 1294 dine staret quod deus non esset cognitus. ⁋ Item 12
188 1290 787 1325 trinitatis caitul tertio dicit augustinus Inueni scri
179 1315 796 1356 ptum esse in libro iob sancto viro loquente ecce pre
185 1348 795 1384 tas est sapientia abstinere autem a malis scilicntia. In hac
183 1378 788 1408 differentia intelligendum est ad contemplationem
187 1405 791 1437 sapientiam et ad actionem scientiam pertinere pieta
180 1431 793 1470 tem quippe hoc loco ponit dei cultum et quis cul
185 1460 788 1494 tus eius nisi amor eius quo nunc desideramus eu¬
191 1487 788 1522 videre et quasi idem habitus Ench. cap. primo.
180 1523 796 1550 de sapina et pietate igitur. ⁋ Item augustinus 15
184 1547 789 1579 de trinitate cap. 67 numquam dicturi sumus volunta¬
192 1571 792 1609 tem quando recta est nescire quid agit porro si sic in
191 1602 792 1637 est ei sua quadam scilintia. An vero audiendus est quispiam
185 1629 795 1664 dicens charitatem nescire quid agat quod non a¬
186 1657 798 1697 git perperam. Et cap. 675 amor meus meminit
184 1690 798 1720 atque intelligit quod appetere debeat quid vitare
189 1712 791 1754 ⁋ Item gregorius omel .17. super illud iohi. 15
190 1742 789 1779 quecunque audiui a patre meo nota feci vobis dum
185 1770 791 1805 audita seruaui amata iam noui quia amor ipse
192 1801 797 1840 noticia est hec ille. ⁋ Ex his respondetur quod aucto¬
190 1830 790 1863 ritates intelliguntur per comitantiam quia om
188 1858 788 1895 nis amans intelligit. ⁋ Ad rationes dicitur quod con
189 1890 790 1922 tradictio est esse dilectionem sine cognitione a qua
184 1917 788 1954 procedit sed res ista quae nunc est dilectio poterit a deo
186 1945 796 1978 conseruari anichillata cognitione a qua processit
185 1973 797 2006 sed tunc ipsa non erit dilectio voluntas autem non
182 2001 788 2038 posset conseruare illam esse que nunc est dilectio absque
187 2038 795 2066 cognitione ex quo ipsa naturaliter dependet a co¬
187 2055 799 2104 gnitione deus autem posset illud autem quod nunc est di
186 2086 802 2134 iectio est actio voluntatis et non erit eius actio ni
815 214 1406 263 si quando dependet a voluntate ideo non sequitur
814 261 1407 296 quod aliquis posset velle incognitum. ⁋ Contra tunc
819 289 1405 324 pari ratione illa qualitas que nunc est cognitio vo
815 315 1417 349 litioni prima potest informare animam et non esse co¬
816 348 1416 381 gnitio falsitas probatur quia quando iterato fic
822 377 1406 407 ret cognitio vel hoc essem per additionem alicuius
818 401 1417 434 aut nullo addito vel substracto non primum quia
815 430 1414 462 illud additum vel foret res non cognitio puta species
818 460 1413 496 prima vel simile aliud vel foret cognitio alia pri
812 488 1420 527 ma puta ymaginatio vel sensatio exterior. Et tunc
821 516 1417 549 etiam ver talis additi substractionem desineret
815 549 1413 578 esse cognitio. Non secundum quia tunc fieret tran
816 573 1368 606 situs ve contradictorio in contradictorium etc.
818 598 1410 637 Diceres forte quod sufficit quod deus velit quod istaqualitas
818 631 1418 665 praexuns sit nouiter cognitio verbi gratia si rex per
821 663 1417 691 totum animum saceret cudi nouam pecuniam vo¬
817 686 1413 722 lens quod a principio sequentis anni ipsa sit praecium tunc
817 713 1423 753 fine nouitate rei ipsa tunc incipiet esse praecium igitur
811 744 1421 771 a simili hec ⁋ Contra augustinus 5 trinitatis catulo
821 770 1423 811 i. Dissimile est quod aliquis fiat amicus et quod numu fi
816 800 1422 832 at praecium primum non potest esse fine mutatione subiecti
820 829 1422 865 ⁋ Item tunc pari ratione poterit dici quod quando
821 857 1419 894 deus voluerit ipsa subiecta anime erit sibi ipsi co
822 889 1421 924 gnitio sine omni additamento nec oportebit po¬
817 918 1421 951 nere talem qualitatem que est intellectio ymo fru
822 944 1420 980 stra ponerentur multe qualitates in anima propter
818 974 1423 1008 plures actus anime. ⁋ Item cum anima sit noui¬
817 1001 1419 1034 ter intelligens ipsa secundum intrinsecam deno¬
822 1027 1421 1063 minationem incipit esse aliqualis qualis prius non
820 1060 1423 1091 fuit igitur mutatur sic non est de minimo cum no¬
820 1087 1422 1119 uiter sit precium vel de homine cum nouiter acce
822 1115 1419 1151 ptatur ad aliquid ad quod non prius et hoc bene
816 1141 1423 1176 sit ipso ignorante sed cum anima sit nouiter intel
824 1173 1422 1207 ligens intriusece experitur aliquid cognoscendo
824 1197 1422 1234 quod non prius. Aliter forte diceretur quod quando tal
820 1231 1422 1262 qualitas iterum sit intellectio tunc anima agit hoc
822 1253 1427 1292 quod ipse sit intellectio. ⁋ Contra tunc nec solus deus
828 1277 1423 1324 posset in me agere visionem vel fruitionem beatificam
828 1313 1429 1349 quod non videtur dicendum quia tunc deus non
822 1342 1422 1380 posset beatificare creaturam aliquam nisi et crea
824 1366 1422 1405 tura beatificaret se ipsam vnde multi philosophi
824 1399 1418 1432 concedunt quod intelligere non est nisi pati. ⁋ Item cum
830 1425 1428 1464 deus omni intellectione data possit creare in intel
827 1458 1429 1492 lectu in duplo nobilionem et in triplo et sic in infini¬
824 1485 1432 1519 tum ita quod intellectus per eam intelliget. Et perte
827 1507 1435 1548 si per eam intelliget oportet quod agat causa igitur ali¬
824 1541 1425 1578 qua intellectione data intellectus pert agere in du¬
824 1569 1428 1610 plo nobilioris speciei et sic in infinitum igitur intellectus
821 1592 1428 1629 est perfectionis infinite ⁋ Item secundum quosd am sic
825 1619 1432 1660 opinantes deus potest sic intelligi vt ipse sit anime
824 1649 1430 1691 intellectio si igitur animam intelligere aliquid est
820 1682 1434 1714 agere intellectionem suam anima posset agere decin.
829 1713 1427 1748 ⁋ Item mirum esset quod anima posset hoc facere quod
829 1743 1421 1773 talis qualitas fieret nouiter intellectio vel no¬
825 1769 1423 1804 uiter repre sentaret potentie obiectum et quod solus
824 1793 1435 1835 deus non posset hoc tribuere illi qualitati quod ipsi
828 1826 1424 1861 anime nihil agenti representaret obiectum. ⁋ Item
826 1850 1432 1889 ad principale si volitio desinit esse volitio manens
826 1883 1423 1917 tamen illud quod prius si anichillaretur cognitio
828 1910 1427 1950 preuia tunc ipsa prius erat volitio per ipsam co¬
830 1933 1429 1980 gnitionem. quero ly per cuius cause circunstantiam
829 1969 1431 2002 notat et non est dare nisi effectiue et talem potest deus
830 1991 1433 2031 semper supplere igitur sine cognitione potest ista quali
831 2021 1429 2062 tas esse volitio. ⁋ Item tunc eque faciliter ipsi sal
829 2049 1434 2095 uarent omnia ponendo quod anima esse cognitio vel voli
833 2081 1433 2125 tio ad presentiam obiecti tal et tal et tunc sequitur
