1825 2500
223 204 830 262 eundem actum posse nunc esse cognitionem huiusmodi nunc
231 252 831 288 non esse ipso stante in potentia cognoscitiua cuius op¬
230 277 822 317 positum firme teneo de per se obiectis actuum siue
230 311 824 346 amandi seu cognoscendi ⁋ Sextum soluitur sicut primum
226 336 829 372 nec sequitur quod creatura non potest actu videre per
227 364 831 399 verbum diuinum creaturam nisi verbum diuinum esset
226 394 824 425 sibi loco actus quia sufficit quod per actum causatum a
229 424 828 458 verbo videatur verbum et creatura in verbo ⁋ Sed
230 449 829 484 cum ipse dicit se probasse alibi quod Idem actus non
222 479 819 516 potest esse distincte diuersorum hoc nego quia oppo
228 508 821 539 situm verum est de omni iudicio quo iudicamus a.
222 537 825 570 distingui. a. b. et etiam de actu quo videt btus deum
229 567 820 599 et iudicat patrem distingui a filio et tunc sequitur sicut
227 591 824 628 ipse arguit quod igitur talis actus esset equiuocus sed
228 618 827 656 bene sequitur perfectio talis actus. ⁋ Septima ratio	¬
230 655 819 686 quam accipit ab anselmo bene probat quod respectu
223 682 819 713 cuiuslibet entis creati potest esse distincta et propria
229 705 820 741 cognitio et etiam propria appetitio. Sed non probat
226 733 827 771 quin possit a deo creari actus vnus amoris et co¬
226 766 821 799 gnitionis quo distincte plura cognoscantur ymo
230 793 828 828 quo existente in potentia cognitiua oportet plura
223 821 825 852 distincte cognosci nec oppositum dicit anselmus.
235 848 819 882 ⁋ Ex responsione istius conclusionis et proxime prece
220 876 821 908 dentis sequitur solutio istius communis difficultatis qua
221 907 823 940 solet argui quod si reuelatio futuroru esset possibilis
227 935 821 968 tunc esset possibile quod aliquis ita feruenter amaret
221 963 823 994 rem non speratam ab eo sicut vnus alius amaret si¬
221 986 824 1022 milem rem ab eo speratam ceteris paribus consequens est
220 1020 825 1054 Impossibile quia tunc species adipiscendi aliquid non
219 1052 824 1080 augeret amonem quod est contra augustinus 10. de tri. cap¬
219 1070 825 1111 oe paruis et cap. primo de magnis vbi dicit quod cuius
217 1104 819 1135 rei specie quisque non gerit aut omnino non amat aut te¬
219 1133 820 1168 pide amat quamuis quam sit pulchia videat consequentia
209 1158 819 1198 probatur quia ponatur quod sor. et plagister sint in omnibus
219 1189 822 1222 conditionibus similes et quod deus reuelet in verbo
213 1220 827 1250 vtrique vnum bonum sibi futurum et consimile et habeat
221 1244 820 1278 uterque istorum tam intensum amorem illud sui boni
215 1275 820 1314 sperati sicut potest ex cognitione et spe sua et sit amor
209 1299 826 1336 sortis a. et amor platonis b. isto posito hec esset
213 1329 818 1361 necessaria. A et. b fuerunt vel sunt amorum similes
210 1358 818 1390 et eque feruentes et hec esset contingens speratum
220 1385 821 1419 aite sorte non erit igitur hec copulatiua esset contin¬
218 1415 818 1449 gens a. et. b. sunt equales et speratum. a. sorte non
217 1443 819 1476 erit et sequitur speratum a. sorte non erit igitur sor non
218 1471 821 1504 videt illud fore igitur non sperat illud fore tum quia
219 1498 818 1529 non sperat illud nisi quia vidit in verbo illud esse fu
216 1525 828 1562 turum tum quia secundum magister li. 3 di. 20 cap. i. Spes est
215 1556 819 1588 certa expectatio future beatitudinis etc. igitur si non
214 1585 821 1617 est futurum non expectatur certitudinaliter et cap.¬
218 1611 823 1644 sequenti dicit Magister quod spes pon est nisi futurarum re¬
214 1641 817 1671 rum igitur que non sunt futura non sperantur et per
221 1670 816 1700 consequens sicut hec est contingens hoc est futurum
219 1696 819 1730 ita hec est contingens sor sperat illud fore et quia
217 1724 821 1761 hec est necessaria. A et. b. sunt amores eque fer¬
220 1752 821 1786 uentes igitur hec copulatiua est possibilis sor et pla.
223 1781 818 1815 similiter dispositi amant duo secundum vltimum sui posse
222 1810 826 1842 equaliter et tamen vnum speratum ab vno et aliud non
222 1842 823 1876 est speratum ab alio ceteris paribus ⁋ Respondetur quid
219 1868 819 1903 tu vocas specie vel actum vel actum anime quo quis fir¬
218 1897 823 1933 miter et indubitanter acceptat aliquod bonum siue
226 1926 819 1960 talis expectatio sua sit presumptio et confidentia quaedam
218 1955 821 1990 seu expectatio frustranda siue non. ⁋ Uel accipis
222 1984 827 2017 specie pro tali expectatione et cum hoc quod sit expectatum
224 2013 821 2044 obtinebitur in prima acceptatione negatur conse
226 2045 827 2075 quentia quia vt sic consequens est Iompossibile secundum na¬
226 2067 828 2117 turales causas prout etiam docet experientia quae ponitur
859 206 1460 266 in aucto. augustinus nec probatio procedit ad Istum sensum
865 257 1458 288 accipiendo specie autem secundo modo conceditur consequentia et
861 287 1461 321 consequens et quid mirum quod eque intensum habeat amorem
869 313 1454 346 qui sperat bonum aliquod obtinere et qui non sic
865 342 1457 378 perat istomodo accipiendo spem dum tamen habeat
869 371 1453 401 redulitatem firmam alicuius eque amabilis et indu
861 396 1460 428 bitatem expectationem illius eo ipso enim immutaretur
862 428 1459 459 ad passiones consequentes sicut si foret illud quod
862 453 1459 488 sperat quia quod illud bonum habebit vel non nam agit
863 485 1460 512 illum amonem vel gaudium sed consequentia Iam praesens
863 512 1463 543 que est actus quo indubitantur expectatur tale bonum
868 539 1457 573 ⁋ Ex quo patet quod non oportet confugere ad respon¬
859 567 1461 602 sionem que dicit possibile est quod duo consimiles habe
859 596 1462 625 ant naturaliter equalem delectationem de eodem quo
863 625 1458 659 rum tamen alter habet specie adipiscendi illud et alter non
860 651 1460 682 sed tantum nudam apprehensionem ⁋ Hoc enim est Impossi¬
865 680 1459 715 pile quia aliquando parum aut nihil delectantur de obiecto
866 708 1457 742 ipprehenso et tamen si istum speramus adipisci vehe
861 738 1457 770 menter gauderemus igitur spes adipiscendi auget
858 764 1451 798 delectationem probatur tunc aliquis tantum doleret pro
862 792 1453 825 pter terribile apprehensum non estimatum sicut alius
861 821 1463 859 propter estimatum et hoc dico naturaliter et ceteris
861 854 1455 882 paribus quod non videtur intelligibile Probatur
861 877 1460 911 fiat argumentum de aliquo delectabili quod apprehen
859 906 1458 943 sum non causat delectationem seu specie adipiscendi
859 935 1466 965 illud et de tristabili suo modo et tunc rodit diffi¬
861 964 1458 994 cultas quod ista delectatio vel tristicia scilicet A potest non
859 989 939 1024 fuisse.
1114 1020 1469 1084 ⁋Ono quero circa
1137 1078 1461 1112 stam di. 14. ⁋ Utrum per re¬
1134 1105 1462 1140 uelationes possibiles fieri
1132 1131 1457 1169 in verbo possit quis sufficien
1138 1164 1458 1194 ter dirigi in volendis Et vi
1135 1191 1457 1223 detur quod non quia si sic sit ser¬
1128 1220 1456 1258 mo pro tempone ane mortem Christi pro
1134 1250 1454 1279 isto tempone creet deus unum an¬
1076 1260 1456 1312 . Agelum et precipiat sibi sub
858 1305 1450 1340 pena annichilationis quod credat esse et solum reue
853 1333 1459 1367 landum sibi pro aliquo certo tempone et reuelet sibi deus
859 1362 1461 1396 quod Christus morietur in a. quero an iste annichilabitur
855 1395 1452 1426 aut non. Si sic et non nisi pro peccato suo igitur peccat
860 1421 1456 1457 exequendo sibi preceptum a deo. Si non contra Christus
859 1449 1451 1482 non morietur igitur non est sibi reuelatum quod morietur
858 1477 1457 1513 et ipse credidit quod morietur igitur credidit non re
851 1502 1455 1535 uelatum sibi pro tempore: quo sub pena annichila¬
851 1533 1457 1567 tionis hoc facere non debuit igitur meretur anni
859 1557 1456 1590 chilari Probatur tunc precepto alicuique confirma
862 1589 1455 1620 ret se deo in volito reuelato tali quod deus velit sortem
853 1618 1457 1652 damnari talis tenetur sortem velle damnari quod est
856 1642 1456 1675 falsum sequitur enim iste voluit sortem damnari et sor.
850 1672 1450 1706 non damnabitur igitur iste contra charitatem vo
859 1703 1452 1734 luit premisse sunt possibiles et compossibiles igitur
856 1732 1455 1763 tur probatur et redit quasi in idem. Creet deus vnum
855 1754 1458 1791 angelum perfectum in naturalibus in cognitione
853 1787 1457 1822 creaturarum non tamen confirmet ipsum et reuelet
861 1817 1457 1850 ibi in verbo quod sor. est peccaturus et recepturus pe¬
854 1846 1457 1878 nam eternam pro suo peccato futuro precipiat etiam
859 1873 1454 1904 deus illi angelo quod nichil velit circa damnationem
857 1902 1454 1936 sortis vel non damnnationem nisi quod viderit deum velle
859 1930 1445 1960 vel quod apparuerit rationale hoc posito habeat an
850 1961 1454 1995 gelus iste volitionem respectu pene future sor. quam
860 1984 1455 2019 videt deum nunc in a. Instanti velle et transeat a.
861 2014 1455 2048 nstans in preteritum et sit peccatum sortis adhuc futu
859 2043 1461 2079 rum tunc Arguo sic sor. non peccabit ideo deus non
859 2072 1465 2122 vult ipsum punire pro suo peccato futuro ista consequentia
