1771 2500
340 222 942 274 premium beatorum etc. ymo dato quod nunquam euenirent
336 268 939 301 tamen in sic volendo non peccaremus sed ex obedien¬
347 296 938 328 tia plurimum meremur igitur. ⁋ Probatur deus
347 323 933 357 vult absolute salutem alicuius creature igitur potest
344 350 935 383 absolute reuelare se absolute velle eam. Sed fine
339 377 941 409 temeritate potest quis absolute velle illud quod sibi
338 409 929 438 reuelatum est deum absolute velle maxime quandeo
347 434 939 469 tale est sibi commodum et nulli incommodum probatur qui
340 464 935 496 cunque aliquid vult vel optat sibi vel alteri sub con
341 490 933 522 ditione statim cum scitur vel firmiter creditur talem
337 518 935 554 conditionem sibi competere absolute vult sibi. ⁋ Sed
339 547 938 583 quilibet beatus vult se et alios perpetue beatifi¬
343 580 933 608 cari si deus hoc velit et absolute firmiter hoc cre¬
339 603 933 636 dit illam conditionem adesse ⁋ Teneo igitur quod possu
345 634 941 665 mus licite velle absolute salutem nostram et proxi¬
342 658 941 695 morum ymo tenemur ymo multo fortius futura
336 689 939 724 a deo reuelata. ⁋ Ad primum in contrarium dico quod non
344 719 937 755 pendet a futuro quod presens volitio secudum casum ar¬
337 742 945 784 gumenti sit recta vel non recta ymo si ista volitio sits
339 772 939 806 firma credulitas quod deus vult sic fore et precipitur
348 802 939 833 mihi quod conformiter velim deo possum licite me con
345 830 940 864 formare deo in volito quicquid postea eueniret secus
340 860 940 895 autem esset si idem iudicium sor potest nunquam fuisse
345 888 945 925 tale iudicium respectu alicuius quale fuit secus
343 916 942 946 est de diuino iudicio seu scintia respectu futuri sicut
350 945 943 977 etiam credit syrensis de iudicio illius qui iudicat
346 972 938 1006 de futuris mediante visione verbi sed fundamentum
344 1002 935 1035 illius malum est sicut superius visum est. ⁋ Ad se
345 1029 942 1061 cundum dicendum secundum responsionem ⁋ Ad secundum
349 1057 941 1091 dubium quod preceptum illud si sit rationale non cadit
349 1084 945 1118 super conformiter velle sicut videt deum velle quati
349 1115 947 1147 nus videt deum sic velle quia ipsum sic videre in verbo
350 1145 943 1176 deum velle est ipsum vere iudicare sic deum velle
349 1173 943 1207 sed vere iudicare non subest creature potestati ca¬
354 1200 945 1232 dit igitur preceptum super conformiter velle sicut vi¬
352 1227 946 1264 det deum velle quatinus sua visio est firmum iudi¬
351 1256 943 1293 ctum quod deus ita vult et Ideo sufficit sibi quod velit istud
351 1288 951 1319 quod conformiter credit per suam visionem deum sic
354 1314 943 1349 velle et de hoc habet preceptum expressum vel di¬
356 1340 949 1377 spensationem in casu principalis difficultatis si pre
355 1377 947 1405 ceptum debet esse rationale a deo sicut debet ob¬
357 1398 947 1431 seruare nec in aliquo sibi nocebit si aliter eueniat
355 1426 945 1460 in futuro ⁋ Quartum dubium An sufficiat dicere quod
353 1451 946 1488 ille qui in preterito voluit aliquid fore conformi
356 1484 949 1516 ter deo possit ad hec nunquam noluisse illud fore et vi
355 1510 951 1544 detur quod sic quia qui vidit in preterito in verbo aliquid
349 1540 945 1571 fore potest adhuc nunquam voluisse illud fore quia ad¬
355 1568 946 1604 huc potest contingere quod illud non eueniret et si illud
355 1597 949 1630 non vidit in verbo illud fore postquam mediante tali
349 1624 942 1659 visione in verbo voluit quod foret poterit adhuc numquam
350 1657 948 1687 voluisse illud fore Sed contrarium videtur in vna
352 1682 942 1711 alia difficultate sufficienter probatum supra. ⁋ Pro
349 1710 943 1745 batur hoc et arguitur quia sequitur sicut contra pmam
353 1741 947 1774 quod hec sit contingens nunc secundum legen positam nullo
351 1765 941 1801 variato nisi illo quod dat hec responsio aliquis est dam
355 1792 950 1828 natus et tantum punitus sicut dyabolus sine culpa
349 1823 945 1856 sua ponatur enim iste casus: iste angelus habuit pre
350 1853 952 1887 ceptum a deo non volendi hanc penam sor. et quod ipse
352 1882 952 1915 contra illud preceptum inam penam voluisset sorti et
348 1907 945 1940 ex hoc vsque modo fuisset damnatus et punitus sicui
356 1934 947 1968 dyabolus tunc hec est necessaria iste angelus sic fuit
364 1967 950 1999 pinitus et hec est contingens sorti igitur suum oppo
355 1994 953 2029 situm est contingens hec. scilicet iste angelus non noluit in
350 2020 944 2055 a. istam penam sorti igitur et hec est contingens iste
351 2047 947 2083 angelus absque culpa sua et sic penitus quod est in¬
353 2081 957 2127 conueniens Probatur stante casa priori iste angelus
964 220 1578 269 in a. amisit charitatem quam prius habuit tunc hec
975 261 1575 294 sit contingens iste angelus in a. voluit istam penam sor.
969 290 1569 321 et hec similiter iste angelus in a. non voluit hanc pe
969 321 1571 353 nam sor, igitur et hec iste angelus in a. amisit cha
971 348 1575 379 ritatem Falsitas patet quia hec nunc est impossibilis
970 376 1574 410 iste angelus habuit charitatem in agis quia deus non potest
974 407 1577 438 nunc facere quod res quae fuit corrupta in a. fuerit in anima
969 433 1579 464 Concedo igitur quod posito in casu difficuitatis hec nunc
975 459 1571 494 est necessaria iste angelus in a. voluit hanc penam
969 491 1579 519 sorti. Ad argumentum in oppositum patet satis ex
973 517 1579 552 dictis qualiter non est simile. Aliter igitur dice i¬
968 548 1565 582 dum michi videtur ad difficultatem principalem quod
976 574 1574 608 preceptum istud si erit rationale non cadet et cetc. sicut
974 604 1572 640 prius tactum est in solutione secundi et tertii dubii¬
975 634 1570 667 Et per hoc conceditur totum argumentum principali
980 659 1575 689 vsque ad illam consequentiam iste angelus in a. In itanti
979 689 1585 717 voluit aliquid quod non vidit deum velle igitur egit
974 718 1576 750 contra preceptum dei si intelligatur consequens oe preterito
977 746 1584 780 quod esset in eius plena ptante non transgredi negatur
973 777 1578 808 consequentia si autem non fuit in eius potestate prece
970 802 1579 833 ptum obseruare tunc nec decuit deum tale prece¬
980 833 1587 867 ptum dare qui si sic tunc vltra non sequitur iste egit
972 860 1582 891 contra tale preceptum igitur peccauit quia non peccaret
979 887 1585 918 transgreditur do preceptum inobseruabile ex ea parte
975 915 1577 947 qua non pos set ipsum obseruare. ⁋ Ad primum princt
979 946 1585 980 pale dicendim. est quod reuelatio potest fieri multipliciter
980 971 1584 1004 vt supra tact.  est Unomodo per impressionem assen
974 999 1590 1033 sus factam imn iediate a. deo et quandiu placuenrit deo
985 1029 1583 1062 huius assensui n confirmare non est in ptante sic assen¬
979 1056 1595 1087 tientis dissentiri: quod sic posset causare contrarium a
981 1086 1585 1117 suo contrario in i eodem subiecto quod repugnat crea
975 1112 1583 1150 ture Secundo modei potest fieri reuelatio non sic causande
977 1145 1585 1174 assensum fine mei liosed dicendo sibi cui fit reuela
977 1171 1585 1203 tio quod sic erit vel al ias exprimendo dictis vel alio si¬
976 1203 1591 1233 gno ad placitum in stituto sicut cum dicebatur abrahe
974 1231 1592 1262 de ysaac nascituro et de multis aliis propheticis
976 1255 1587 1286 reuelationibus sini precepto de assentiendo abso¬
977 1282 1591 1316 lute illi quod tales imp ressiones significent. ⁋ Tertio
982 1312 1587 1342 modo quod tales Impri ssiones cum precepto de ab¬
984 1339 1593 1372 solute assentiendo sic e Cpressis quia alias ille cui fie¬
984 1364 1591 1398 ret reuelatio licite vti idetur posset non assentire
980 1397 1590 1429 sed dubitare rationab iliter verum esset reuelatio
977 1424 1593 1455 vel non quia obstante non quod uacunque prenunciatione ab¬
974 1451 1595 1488 soluta de aliquafuturo ad hoc possibile quod ista prenum
980 1481 1586 1517 ciatio non sit reuelatio de nec res fuerit ponenda et
981 1510 1591 1546 ideo dico de assensum quem. deus immediate imprime¬
977 1538 1593 1571 ret respectu futuri quod iste contingenter esset reuela¬
977 1563 1587 1599 tio vsque ad positionem reu elati inesse: quia reuela
982 1594 1583 1625 tio idem est quod vera prenun ciatio de futuris igitur
981 1622 1589 1657 sicut a. re futura pendet quod prenunciatio aliqua sit
981 1651 1589 1683 vera ita etiam quod sit reuela tio. ⁋ Ad propositum dico
978 1678 1583 1715 quod si reuelaretur alicui quod ex pris mereretur in a. li¬
983 1705 1587 1739 cet deus preceptum de assen iendo reuelato iste ha
980 1735 1586 1772 bet rationaliter dubitare. A in istud reuelatum sit
985 1762 1584 1799 nisi aliter assecuretur vt pot et quod deus imprimat sibi
981 1790 1589 1824 assensum quod erit sic vel precipi atur ei expresse quod assen¬
988 1819 1582 1856 tiat sic fore absolute sicut istai propositio significat
988 1850 1586 1884 Christus morietur in a. et vtrolibe horum facto isto te
982 1879 1582 1910 netur assentire si sit verisimile quia reuelans sit deus
984 1906 1586 1941 vel nuncius dei quod satis foret notum clare deum vi¬
983 1934 1582 1967 denti vel cui in verbo fieret renielatio quo facto
986 1963 1580 1996 concedo quod adhuc potest contingere quod non moriet
980 1989 1591 2026 in a. et si ponatur dico quod ipse non annichilaretur et
988 2018 1590 2054 tamen verum est quod talis credidit non reuelatum quod
980 2044 1587 2081 tamen credidit sibi fuisse reuelatum de necessitate
986 2077 1586 2124 salutis nec comminatio sibi fiebat a connumerante
