1795 2500
323 213 939 270 sic conclusionem quia omnem receptiuum respectu eiusdem spe
328 266 939 297 ciei potest sic talibus vel talibus repleri quod non possit
328 291 930 319 simul cum replentibus plura illius speciei natura
334 319 941 352 liter recipere. Sed omnis natura intellectualis est
334 348 933 382 receptiua cognitionum distinctarum eiusdem speciei
337 377 941 407 igitur potest talibus sic repleri quod non poterit eis ip¬
330 403 940 436 sam informantibus simul mere naturaliter plures
330 435 941 469 tales cognitiones eiusdem speciei distincte recipere
340 460 939 495 capiantur igitur tales ita remisse replentes ipsam
332 487 938 528 quod vix remissiores sufficiant ad discernendum inter
332 521 939 556 cognita et sint gratia exempli mille respectu mille
339 548 932 579 cognitorum cum igitur deus possit in eadem potentia
334 573 930 610 ponere mille equales alias quarum tamen quolibet
338 603 930 635 quelibet priorum sit in millecuplo perfectior ad di
335 628 941 666 scernendum inter indiuidua obiecta eiusdem speciei
339 659 935 694 cuius sunt priorum sequitur propositum quod plura eiusdem
338 688 938 720 speciei potest deus facere talem creaturam distincte co
344 719 934 751 gnoscere simul quam ipsa mere naturaliter simul possit
334 745 944 776 deductio plana est et omnia assumpta satis patent ex
338 773 935 807 prologo primi et. q. 5 secundi et hec ita potest fieri in
351 803 942 834 verbo sicut non in verbo. Secunda conclusio infinita
343 829 937 865 eiusdem speciei potest anima Christi vel alia creatura intelle
342 860 935 893 ctualis simul distincte cognoscere in verbo sumpto
344 885 938 918 ly infinito sincathegoreumatice probatur sicut prima quia
342 913 942 946 non tot finita simul per cognitionem vel cognitiones
345 947 940 976 minus perfecte speciei quin plura per equales gra
346 971 938 1002 dualiter perfectioris speciei potest cognoscere igitur
346 996 934 1030 ⁋ Confirmatur per hoc quod superiores augeri secundum
340 1024 940 1057 aliquos doctores per pauciores cognitiones vel
342 1055 949 1090 specie plura cognoscut quam inferiores per plures igitur
346 1087 953 1118 a simili de cognitionibus in qualibet creatura in
348 1113 943 1144 tellectuali positionibus perfectioribus respectu im¬
352 1142 943 1176 perfectorum si in talibus ad perfectiores ascendi
350 1170 947 1205 valeat fine fine. ⁋ Tertia conclusio anima Christi et qualibet
351 1198 946 1231 creatura videns verbum infinita specie distincta potest
350 1227 943 1257 simul distincte cognoscere probatur quia in genere pro¬
350 1256 943 1292 prio non tot finita quin plura specie distincta potest sic
351 1285 940 1320 distincte cognoscere quia vna visio respectu talium non
350 1313 946 1348 repugnaret coexistere alteri quia forent diuersarum
352 1340 949 1377 specierum non contrariarum et c. sicut est alias seriosius
353 1368 939 1405 prosecutum igitur multo fortius hoc fieri potest in verbo
354 1397 938 1429 ⁋ Quarta conclusio nec anima Christi nec alia creatura
353 1424 943 1456 intellectualis potest in verbo vel quouis aliomodo
351 1453 947 1486 simul distincte cognoscere infinita cathegoreuma
352 1481 942 1513 tice probatur per argumentum ad oppositum probatur si si¬
355 1509 938 1541 vel igitur infinita quorum quodlibet esset signate
352 1533 943 1573 perfectionis secundum quantitatem vel maioris vel infinita
358 1565 940 1600 proportionalia ad minus eundo vel improportiona
352 1594 936 1626 bilia semper eundo ad minus et hoc secundum extensione
347 1625 950 1656 vt in magnitudine secundum partes graduales vt in
355 1652 950 1686 qualitate non primum quia repugnantia est quod huiusmodi infi¬
350 1678 954 1716 nita sint ille etiam tuc talis virtus cognitiua esset
352 1709 951 1744 perfectior infinito si datur secundum vel tertium adhuc
354 1739 943 1774 fortius sequitur cognitionem esse infinite perfectam
364 1766 947 1799 visus enim qui minoris est visibilis perfectior est ex
352 1795 951 1832 primo celi et etiam de sensu et sensato. ⁋ Quinta con
350 1819 951 1854 clusio predictis conclusionibus non obstantibus que
349 1848 946 1882 libet creatura intellectualis potest mere cognoscere
353 1878 947 1919 simul infinita quodlibet sua propria cognitione pro
349 1906 944 1942 batur de cognitione sensitiua quia visus videt infini
354 1939 945 1973 tas partes superficiales parietis obiecti sibi ap¬
356 1964 947 2000 proximati quod probatur quia substracta aliqua parte
354 1994 945 2028 visa aut cessat tota visio prior ad tempons vel non si si¬
356 2020 950 2056 igitur datur vltimum instans rei permanentis in esse
357 2050 942 2084 si non sed adhuc residuum videtur per te visionis
354 2079 960 2126 prioris igitur pars substracta habuit cognitionem
972 216 1577 271 propria partialem sibi corresentem et residuum similiter
973 269 1574 298 igitur pari ratione quelibet pars alia visa videtur
975 292 1572 330 in suo toto sua propria visione ita quod sicut totum visum
975 321 1582 357 componitur ex infinitis partibus albe dinis sic et
975 347 1576 389 tota visio ex partialibus visionibus infinitis ita quod
972 380 1575 409 quelibet videtur sua propria visione probatur que¬
974 402 1577 439 libet pars talis secundum latum interquam et visum nullum
975 435 1574 472 ponitur obstaculum agit in visum inexistens suo toto
973 466 1578 495 alioquin aliqua esset ibi ita parua quod in visum agere
976 494 1579 525 non potest nec aliqua minor nec ita sequitur quod sensi
980 517 1582 551 bile componeretur ex insensibilibus sicut arguit
978 547 1586 581 philosophus de sensu et sensato si igitur non est aliqua
975 579 1579 611 pars ita parua quin immutet sensum igitur nec est
972 607 1575 638 aliqua ita parua quin agat ad noticiam determina
977 630 1577 671 tam totius et confusam sui quia constat ex preceden¬
972 661 1575 698 tibus quod non agit cognitionem sui per quam ipsa de
975 688 1589 723 terminate videatur licet bene agat cognitionem sui
972 717 1574 751 determinatam id e. propriam qua tamen non determiate
979 744 1578 780 id est distincte vel discretiue tenetur. ⁋ Et similiter arguti
979 772 1576 807 potest de intellectu quia dicit phsophus de sensu et sensato
975 805 1585 837 quedam passiones et magnitudines latent tam sensui
970 827 1578 869 quam intellectui ita quod non distincte percipi possunt in
974 861 1578 888 actu licet confuse in suo toto immutent sensum et in¬
974 885 1580 922 tellectum. Na intellectus vt dicit ibidem non intelli
971 915 1575 954 git quae exterius id est sensibilia nisi cum sensu ⁋ Contra
974 945 1578 980 dicta arguitur videtur quod anima Christi cognoscat distin¬
981 972 1577 1005 cte omnia iam facta et omnes partes continui sicut
969 1003 1572 1037 tenent aliqui aliqua propter hec media primo quia
976 1028 1577 1063 aliter anima Christi nesciret dicere vbi esset verus trian
968 1057 1568 1093 gulus quia infinite partes erunt quarum nullam di¬
972 1087 1577 1121 stincte cognosceret ymo in tali parte modica vna
977 1110 1569 1146 linea excedens aliam apparet sibi equalis probatur
972 1142 1577 1177 tunc pro anima liberanda nesciret descendere ad medium
968 1171 1577 1210 mundi vel inferni ex priori medio Tertio tunc respe
981 1198 1573 1235 ctu anime Christi esset dare minimum visibile vel maximum
972 1228 1579 1260 non visibile igitur infinite res sunt in digito meo
979 1259 1578 1289 quarum nullam si per se esset posset anima Christi natu¬
977 1284 1568 1321 raliter cognoscere quod non videtur concedendum
987 1312 1578 1346 Probatur non debet a potentia dei negari quod non
978 1340 1582 1373 includit contradictionem sic est in proposito quia in¬
977 1369 1583 1403 finitas perfectiones non arguitur in vidente propor
975 1399 1575 1429 tionalia infinita proportione dupla semper ad minus
976 1427 1587 1461 eundo igitur sic videre non repugnat creature se¬
979 1453 1583 1489 cus est eundo semper versus perfectius Probatur aliter
972 1482 1585 1517 nesciret plus diligibilius appreciari quia ita modi¬
972 1510 1582 1548 cum posset vnum excedere aliud quod nesciretQuid
981 1539 1577 1572 istorum esset perfectius probatur tunc nesciret inter
981 1568 1584 1599 duo similia in eodem loco posita distinguere. Con¬
975 1597 1582 1627 sequaintia probatur quia sint duo albedines simillime b.
976 1624 1585 1661 et .c. adequate existentes in loco. a. et sit bi. i1n duplo.
978 1654 1572 1683 maior tamen per potentiam dei sit vbique c. posita cause b.¬
983 1679 1574 1715 tunc cum. b. et. c. simillime et in eodem loco posite non
980 1711 1591 1745 poterit naturaliter discerni si posita in diuersis lo¬
983 1740 1585 1774 cis non possunt discerni. Item ad hoc facit argumen
985 1766 1585 1801 tum principale positum in principio. q. ⁋ Istis non
985 1795 1579 1835 obstantibus teneo illud quod prius iuxta prius pro
985 1823 1573 1862 bata ⁋ Dices tu probas dictum tuum ex dictis philosophi de
980 1852 1578 1885 potentia sensitiua secus autem est de intellectu tui
983 1882 1583 1913 si autem debite approximetur obiectum non est diffi¬
983 1910 1579 1947 cilius cognoscere paruum quam magnum posset tamen
984 1939 1580 1966 esse tanta distantia quod ab ista non quelibet pars con¬
980 1964 1581 2002 tinui posset agere in sensum vel in intellectum cum
984 1993 1582 2033 igitur spiritus potest se intimare cuilibet parti sequi¬
986 2021 1580 2052 tur quod sic quelibet pars ageret in ipsum et ita quamli
981 2049 1585 2082 bet distincte cognouit. ⁋ Sed hec responsio non suffi
974 2076 1588 2122 cit quia ex ea sequitur quod per quancunque distantiam
