1797 2500
190 235 794 289 aliquid totum distincte videtur per eandem videretur ab
195 276 795 315 eodem visu quelibet pars illius totius disticte. Falsi
197 309 789 345 tas patet consequentia probatur quia secundum philosophum de sensu et sensato
196 337 794 373 nisi pars sensibilis pro sui paruitate desinit posse
202 362 797 395 videri a visu de vniuersali adhuc videri potest a vi¬
197 392 787 426 su acutiori. ⁋ Sed hoc non esset nisi quelibet pars
193 419 793 454 inexistens toti ageret ad omnem distantiam aliquid
192 447 796 482 indistinctam et confusam cognitionem sui ad quam
196 474 793 510 totum ageret ad discretiuam cognitionem sui igitur pa¬
201 504 797 538 tet quod distantia non est precise causa non cognitionis
198 535 790 568 obiecti. Sed quia pars talis ita parua et potentia co
200 560 790 598 gnitiua non sufficit ad causandum respectu talis
198 586 793 628 partis noticiam discretiuam illius partis ab aliis
194 616 789 651 igitur distantia non est in causa sed potius parui¬
194 645 789 680 tas obiector cum limitatione potentie cognitiue.
191 669 788 710 Sed hic arguitur pari ratione non est pars aliqua ita
190 698 790 740 parua inexistens toti quin ab omni distantia poten
193 729 794 767 tia videri valeat ab aliquo angelo quia ponitur ali¬
194 753 796 791 qua in situ vt prius nequit videri ab hoc angelo damn
199 786 798 820 do ab ista instantia poterit videri ab angelo acu¬
196 810 793 848 tiori et adhuc remotius ab alio angelo perfectiori
198 839 796 881 possibili et sic in infinitum procedi poterit. ⁋ Respon
195 868 794 903 detur quod si species requiruntur in medio ad immu¬
195 897 798 932 tationem potentie cognoscitiue angelice respectu
192 925 793 963 sensibilis propter hoc enim augu. tribuit angelis cor
194 952 793 993 pora naturalia vel non naturalia vt spires sensibilium
202 984 794 1016 recipiantur in organis assumpti corporis ad com
203 1013 797 1045 municandum visiones cognitiuas rerum sensibi¬
202 1034 795 1073 lium si nunquam huiusmodi species requirantur immediate apta¬
195 1065 795 1097 te ipsi potentie angelice secudum situm vt angelus ta
203 1094 797 1129 lia videat tunc patet quo consequentia non valet quia contingit
193 1122 789 1157 dare maximam distantiam aque quauis pars per se
196 1149 791 1186 existens spem sui agere possit. Si vero species non
193 1176 791 1217 requiratur ad naturalem causationem visionis in an¬
198 1209 789 1246 gelo respectu. sensibilis dandi sicut ponit ostant quod nec
203 1240 797 1272 requiritur hic in aliqua cognitione visus propter visio
201 1264 790 1298 nem necessario concederem conclusionem illatam nec
196 1290 791 1328 ponerem maximam distantiam a qua possit agere tale
201 1321 795 1357 iensibile cognitionem sui cum aliquo tali principio co¬
194 1350 787 1385 actio licet bene sit dare maximam a qua hunc in an¬
193 1377 790 1413 gelum potest coagere visionem sui et responsio diuersita
197 1407 784 1438 tis partium istius solutionis est quia species efficitur non a
203 1435 794 1467 potentia sed ab obiecto visio autem ab vtraque secundum
197 1463 790 1496 opinionem istius socii sequitur quod creatura simul
190 1490 792 1522 discretiue posset cognoscere multitudinem infini¬
196 1521 791 1553 tam figurarum et numerorum et similium que negant
194 1547 791 1580 auctores ab omni intellectu creato vt patet per lyn
195 1573 791 1606 coniensem super librum posteriorum et augustinus de ci.
201 1597 801 1634 dei et aristotelem primo phisicorum dicentem quod si
196 1629 798 1665 principia essent infinita essent ignota. ⁋ Ad primum
201 1658 798 1689 in contrarium concedo quod nulla creatura mere na¬
197 1680 805 1715 turaliter scit discernem euidenter de triangulo da¬
201 1710 795 1745 to quod non habeat superfiuum nec diminutum. Sed
198 1740 791 1776 posse mere naturaliter cum tanta prescitione di¬
197 1769 793 1801 scernere est proprium soli deo et quelibet creatura gros
202 1799 795 1828 sius iudicabit nec ista praescientia seu discretiua co¬
202 1825 792 1862 gnitio continuorum in aliquo requiritur in anima Christi vel
201 1856 792 1886 alia creatura ad exemplificandum omnia quae nec sibi nec no
202 1883 793 1916 bis proficiunt ad beatitudinem consequendam. ⁋ Et per
200 1911 797 1943 illud patet ad secundum nec creditur quod anima Chriti iuit
202 1938 793 1972 ad centrum inferni pro captiuis educendis sed ad
196 1965 792 2000 lymbum. ⁋ Tertium nihil mali infert. ⁋ Ad quar
199 1994 795 2026 tum negatur minor quod hoc arguet infinitam perfectio¬
198 2023 796 2055 nem alicuius cognitionis create vel infinitas discre
200 2049 793 2081 tiuas quarum semper posteriores essent prioribus perfectio
200 2080 802 2128 res vt supra declaratum est et hoc vtrumque repugnat
821 226 1429 281 creature. ⁋ Ad quintum sicut ad primum. ⁋ Ad sextum
830 275 1420 310 dicendum quod c. et. b. possunt esse albedines ita parue
823 306 1421 341 quod conclusio non est impossibilis siue ponatur in eodem lo
828 329 1423 363 co siue in diuersis in casu istius argumenti non vide¬
824 357 1420 392 tur quod oculus viatoris discernere posset inter illas al
830 386 1425 418 bedines quarum vna est in situ illo modo naturali
830 414 1422 445 alia vero non. Credo tamen quod ab angelo vel ab anima
824 439 1423 475 separata non impedita in cognoscendo sed haben
824 474 1427 508 te adiutoria ad hoc requisita bene discerni posset
823 499 1418 532 vna ab alia. ⁋ Secundum dubium potest esse contra
822 526 1414 565 probationem 4. q. vbi assumitur quod deus non posset
826 553 1419 585 facere infinita equalia simul dubitatur an illud
822 582 1421 616 sit verum et videtur quod non quia tunc deus posset
822 613 1428 646 tot simul creare quod non posset simul creare plura
826 643 1423 673 Consequentia patet per commentatonem. 3 phisicor
825 668 1419 700 dicentem commento 4.0. quod infinitis non potest fieri addi¬
824 694 1419 732 tio. Falsitas patet quia iunc deus posset se facere impotem
823 726 1429 756 tem. ⁋ Secundo tunc deus posset creare infinita corpo¬
826 752 1426 786 ra equalia sed ex illis resultaret virtus infinita igi
824 778 1418 813 tur motus fieret in instantiquia compositum ex illis in infini¬
830 807 1415 845 tum velocius moueretur quocumque motu finito. ⁋ Confir
826 838 1423 869 matur si talia essent grauia vel homines vel boues
824 864 1414 898 vel animalia alia trahentia aliquid essent tante virtum
824 892 1427 926 tis in trahendo quante deus vel igitur in instanti
826 920 1415 956 frangeretur corda et habetur propositum vel intem
820 949 1429 983 pore et sequitur quod agens finitum et infinitum agerent
819 977 1423 1015 actiones equales totales in equali tem pore. ⁋ Ter¬
827 1004 1423 1037 tio tunc si deus niteretur mouere ista ad vna diffe
824 1035 1419 1067 rentiam positionis et ipsa econtrario ad oppositam ipsa
820 1061 1427 1092 ipedirent deum a mouendo quia virtus ex illis composita es¬
819 1088 1423 1120 set infinita. Falsitas patet quia deus omnia ista potest adni¬
827 1115 1419 1149 chilare. Probatur tunc deus posset facere aliquod cor
830 1142 1426 1180 pus ex omnibus illis compositum sed tale esset infinitum et
830 1176 1421 1208 per consequens non posset moueri ex primo celi. ⁋ Ad op
834 1200 1426 1239 positum non est negandum a dei potentia nisi quod potest
826 1231 1427 1264 ostendi includere contradictionem sed illud non est
822 1256 1418 1291 hic vt videtur igitur etc. hic posset prima facie ali
828 1288 1422 1323 cui videri sicut mihi aliquando videbatur quod deus possit
822 1315 1424 1350 simul producere infinita quia sicut mobile pertram
823 1344 1421 1380 sit vniformiter aliquod spacium in vna hora. Ita
828 1368 1425 1407 quod in fine quelibet pars proportionalis istius spa¬
829 1397 1418 1432 cii est pertransita sic etiam deus potest correspondenter pat
826 1427 1424 1462 tes adinuicem diuidere et diuisas conseruare igitur
824 1453 1426 1487 etiam potest sic infinita adinuicem simul causare nec est
824 1484 1420 1516 maior repugnantia de infinitis equalibus quam titatiue
826 1512 1420 1546 vel qualitatiue igitur. Item quaecunque potest deus facere suc
823 1541 1420 1573 cessiue potest facere simul sed infinitas animas vel an
826 1565 1420 1603 gelos vel illuminationes aeris a sole vel luna etc.
821 1593 1418 1632 potest facere successiue igitur. ⁋ Tertio in qualibet linea
836 1624 1422 1657 puncta infinita sed in omni superficie linee infinite et in omin
832 1656 1428 1687 corpore superficies infinite totaliter diuerse et nullum
831 1681 1427 1715 prius in illis est pars posterioris quia puncta non sunt partes
836 1707 1424 1738 linee nec linee partes superficiei ex. 6 phisi. igitur deus
826 1737 1420 1775 posset lineam annichilare punctis conseruatis omnibus
826 1765 1424 1801 vt prius fuerunt nulla mutatione facta in illis vel ex
834 1793 1427 1828 trinseco illorum quo ad situm pari ratione de lineis re¬
828 1819 1429 1857 speentu superficiei et de superficiebus respectu corporis et
828 1850 1422 1885 tunc certum est remanere puncta infinita in actu igitur etiam
826 1876 1429 1914 deus potest alias res alterius speciei infinitas simul facem in
828 1904 1430 1939 actu. Quarto deus nouit actu et disticte omnia creabi
827 1934 1421 1970 lia igitur infinita et voluntas dei non est minoris potentiequam
830 1961 1429 1997 sua noticia igitur potest velle esse ista infinita creabilia et
828 1986 1431 2026 tunc necessario sequitur quod erunt alioqui eius voluntas bene¬
830 2017 1426 2056 placiti non impleretur. Item quinto non minoris est potentie
826 2047 1422 2085 deus ad faciendum corpora actu disticta quam infiniti angeli
832 2073 1435 2125 vel anime si essent sed infiniti angeli vel anime si essent
