1786 2500
356 218 963 274 possunt simul care infinitos actus volendi libere simel
359 262 961 299 sicut notum est per se igitur deus posset facere infinita es
365 289 956 323 se actu et hoc in quacumque spire cum non sit sibi dffficilius
356 318 961 355 hoc facere in vna spoine quod in alia. ⁋ Sexto ignis gehen
359 349 961 388 ne potest simul causare cruciatus infinitos si essent sibi
361 373 957 407 communiuncte anime infinite igitur quantum est ex se hoc potest igitur
367 405 960 441 hoc sibi non repugnat igitur a fortiori posset deus face
365 429 963 466 re actu infinita. ⁋ Septimo deus potest facere quicquid
359 461 963 497 creatura potest ymaginari sed creatura posset silt yma
362 489 971 526 ginari esse actu infinita adinuicem distincta maior
359 512 964 555 probatur quia creatura potest ymaginari potentiam quae posset
363 544 963 582 si esset facerequicquid potest ymaginari fieri. Set cre¬
366 570 963 611 atura non posset ymaginari agens potentius deo igitur
369 600 967 639 minor videtur esse nota de se. vnde multi credunt
367 629 963 679 quod in omni alteratione sit in quolibet instanti diuersa
362 652 969 694 forma totalis et per consequens ymaginantur infinita ac tufie
366 686 966 722 ri in tempone finito igitur deus potest facere hoc in instanti.
366 713 968 753 ⁋ Octauo moueatur aliquod graue deorsum per vnam ho
368 741 970 780 ram inqualibet parte proportionali sequenti in duplo
359 768 963 813 tardius quam in prima propter maiorem densitatem me¬
371 795 965 837 dii igitur cum deum non latebit aliquod instans vel tem
363 823 963 869 pus in quo duplatur tarditas sequitur quod poterit in
366 857 964 891 quolibet creare vnum angelum et ita in toto tempone mo
364 883 971 919 tus poterit creare angelos infinitos. ⁋ Nono po¬
360 907 965 949 natur quod in motu solis nulla sit resistentia nisi vnum cor
360 940 968 978 pus resistens inclusum infra orben solis et corrumpat
361 967 964 1002 deus illam resistentiam infra diem naturalem vnifor
362 996 971 1033 miter tunc sol in secunda parte proportionali illius diei
363 1020 961 1060 tantum pertransit de circulo diuino sicut in prima et in secunda tantum
361 1055 969 1087 sicut in secundo et sic consequenter igitur in spacio vnius diei na¬
357 1075 969 1114 turalis faciet reuolutiones infinitas semper in dua
366 1106 963 1148 bus pertibus proportionalibus complendo vnam reuolutio¬
363 1134 957 1174 nem et faciendo in vna parte proportionali dien et in alia nocti
364 1169 958 1202 igitur infra spacium diei naturalis cabit lumina
356 1189 967 1227 infinitam igitur multo magis deus creare potest lumina
360 1218 961 1256 infinita in eodem die vel simul. ⁋ Decimo quando agens
360 1248 963 1284 naturale corrumpit aliquid per partem ande posset
368 1275 969 1312 deus recreare in actu partes proportionales sicut il¬
367 1310 963 1345 lud corrumpit sed istud corrumpit infinitas partes pro
367 1333 954 1375 portionales successiue igitur. Cui hec via videtur te
364 1366 961 1403 nenda habebit respondere ad argumenta in contra¬
365 1390 969 1430 rium. ⁋ Ad primum conceditur quod deus non potest creare
364 1421 965 1459 plures quam infinitas et tamen potest creare plures quam istas
363 1449 961 1483 infinitas et dato quod aliquis vellet concedere quod non
366 1482 958 1518 posset plures quam istas infinitas creaturas creare
369 1509 961 1540 adhuc tamen stat quod alias posset creare vel easdem in
361 1538 961 1569 finities annichilare et ideo non sequitur quod factus es
369 1559 964 1600 set impotens. ⁋ Ad secundum conceditur consequens et negatur quod
363 1587 961 1625 moueret in instanti quia hoc repugnantiam includit
368 1618 963 1657 sed bene mutaret in eodem saltem alteratiue quia de
364 1647 963 1680 motu locali dici posset quod amoto omni medio resi
363 1675 965 1710 stente graue non subito sed in tempone descenderet et de¬
365 1709 969 1741 terminaret sibi certum tempus descendendi et ita dice
368 1733 961 1770 tur quod infinita talia si in eodem situ ponerentur vel etiam
369 1760 970 1797 extra seinuicem et continuentur non citius descenderent omn
367 1791 961 1824 medio impediente sublato quam vnicum istorum per se quia
366 1823 971 1853 ita resistit quodlibet sibiipsi et etiam totum aggrega¬
364 1847 962 1880 tum sicut vnicum sibiipsi. Sed bene esset conceden
372 1875 966 1908 dum secundum hoc quod resistentia ex medio non obstaret
364 1904 969 1935 tunc tantum multis sicut vni non tamen subito pel¬
369 1930 968 1964 leretur medium quia non in minori tempore quam sit
369 1958 963 1992 tempus debitum naturali motui vniuscuiusque ta
368 1986 971 2022 lium corporum vel saltem non in mensura in infini
369 2017 963 2053 tum minori. Sed ista responsio non sufficit quia si pri¬
366 2045 967 2079 mo sit de non naturali sed violento adhuc sequitur
368 2074 964 2122 intentum vtpote ponantur in eodem situ adequato lapides
988 210 1593 265 adamantes equales in virtute infiniti et creet deus
992 261 1594 292 actum in distantia bipedali a situ istorum constat
1000 286 1596 321 quod duo velocius trahunt istam quam vnicus et per consequens infi
995 313 1599 348 nite velocius igitur in instanti. Probatur per tractum
1001 344 1599 376 vel pulsum posset velocitari motus vltra proprium na
1000 369 1598 401 turalem et tunc nullatenus sufficeret dicta respon¬
994 401 1601 433 sio. Respondetur quod nulla creatura potest agere vel mo
998 429 1598 466 uere nisi deo libere coagente deus autem non po¬
1001 458 1605 491 test vere aliquid mouere in instanti quia includit re
1005 479 1596 519 pugnantiam quacumque igitur velocitate deo placue¬
998 517 1603 547 rit talia mouebunt vel mouebuntur. ⁋ Ad tertium ne¬
997 538 1603 577 gatur consequentia quia adhuc deus posset mouere talia simul
1000 569 1609 602 ad differentias oppositas et ipsa nihil sine coagente
1004 596 1598 629 possent agere etiam virtus diuina magis in infinitum
1000 626 1596 658 infinita et perfecta quam virtus talium infinitor vel quam vetu
1002 654 1599 690 tes equales infinite. ⁋ Ad quartum negatur conna propter
1000 680 1603 716 inconveniens quod adducit philosophus primo celi de lineis
998 715 1609 743 egredientibus a centro etc. ⁋ Aliter tamen dcit concedendo con¬
999 738 1603 773 sequentiam et consequens et quod possibile est in tempone finito complete
998 767 1607 801 resolui corpus infinitum. ⁋ Pensatis tamen omnibus via communis est
1000 796 1601 830 mihi pro nunc probabilio scilicet quod non sunt factibilia simul in
1004 822 1599 852 finita actu abiuicem diuisa. Et ad primum argumentum
1003 852 1607 882 in contrium negatur possibilitas talis diuisionis impossibi¬
1000 878 1601 913 le enim est quaelibet partium proportionalium totaliter ab
997 907 1602 938 inuicem distinctarum per aliquam potentiam actu esse a qua
1001 937 1604 968 libet alia esse diuisa quia hoc fieri includit repugnan
997 968 1606 1000 tiam licet hoc demonstratiue probare difficile foret potest
998 996 1599 1027 tamen sic persuaderi ponantur duo mobilia. c. et. d. moue
997 1020 1599 1053 ri de b. ad a. et mouebitur. d. in duplo velocius quam. c.
1000 1048 1598 1080 ita quod semp. d. cum venerit ad finem alicuius partis pro
1002 1080 1599 1114 portionalis quiescat donec .c. veniat ad illud vel su
1000 1109 1600 1143 pra eandem lineam vel supra aliam equalem vmo possunt
992 1138 1595 1174 supra eandem oe potentia dei posito quod sint corpora
1002 1166 1590 1199 glorificata quia tunc non impedirent se et quod .c. veniat in vne
994 1196 1599 1224 hora ad a in hoc instanti gratia exempli terminata tunc
995 1221 1617 1256 sequitur quod c. et. d. puenient in hoc instanti ad a. et neutrum
1001 1248 1617 1286 prius alio consequens et contra positum quia quaelibet partem
996 1283 1594 1314 proportionalem prius pertransit .c. quod. d. igitur omnes prius
1003 1313 1601 1341 c. quod. d. igitur. d. prius peruenit ad a. et si sic igitur
996 1337 1597 1372 per aliquod tempus prius fuit ad a. sit hoc tempus
1004 1363 1603 1402 c. tunc in c. non mouebuntur. d. quia sint ad a. to¬
999 1395 1597 1427 to tempone. e. et.c. toto tempone. et mouebatur aut igitur .c. in
996 1425 1590 1455 et tempone transit vnam partem proportionalem tantum et per
997 1451 1596 1489 consequens vltimam quod est probandum aut plu
998 1479 1599 1510 res et tunc non est in omni parte proportionali. d. ex
998 1504 1600 1540 pectauit. d. contra expositum igitur ex hoc quod ponum
998 1532 1603 1569 tur partes proportionales actu infinite cum alio pos
1000 1561 1599 1594 sibili non repugnante sequuntur contradictonia scilicet quod.
996 1592 1599 1627 c. et. d. simul proueniant ad a. et quod non sicut probatur in eo¬
996 1623 1599 1652 dem casu arguitur quia in hoc instanti terminetur aliquis
994 1646 1600 1682 motus corporis .c. et nullus motus aggregatus termiatur
992 1677 1592 1709 in hoc instati nisi propter hoc quod aliqua eius pars termi
1001 1704 1597 1735 natur igitur aliquis motus vnus .c. terminatur in hoc in¬
1002 1731 1601 1767 stanti et sequitur necessario quod iste fuit factus super vlti¬
998 1763 1599 1797 mam partem proportionalem quia aliter non esset vnus sed agu¬
999 1793 1593 1826 gregatus ex multis. Probatur in hoc casu sequitur quod
998 1815 1594 1853 in hoc instanti termietur aliquis motus. d vel alia quies
1003 1846 1599 1881 eius si motus iste aliquis iste fuit super vltimam partem
1000 1875 1599 1908 quia ille est vere vnus ratione spacii et temporis cum non sit
1005 1904 1605 1939 aliquis aggregatus motus. d. continuus per positum
996 1936 1599 1965 et ita est aliqua pars vltima. Si vero terminetur
1000 1959 1599 1992 quies d. cum illa non sit infinita sed finita igitur in aliqua
996 1986 1596 2020 instanti incepit sit illud li tunc in sc f terminatur ali
1000 2015 1605 2047 quis motus et sequitur necessario sicut prius quod iste
1000 2040 1605 2075 fuit super vltimam partem. Probatur sic quia anime infini¬
1001 2074 1597 2111 te quae ponerentur istomodo producte habeant corpora
