1786 2500
216 242 816 300 ea habet tamen causalitatem sui ondinis quam cau¬
216 284 817 324 salitatem necessario requirit concurrere si agere
213 308 811 357 debeat omnis virtus actiua finita et hoc propter in¬
217 340 802 382 perfectionem sue actiuitatis. ⁋ Ad quintum negat
217 370 807 410 assumptum quia si quantitas ponatur realiter di
214 392 804 438 stingui a substantia et qualitatibus que sit immedia¬
214 424 804 466 tum receptimum omnim qualitatum sensibilium tunc in
211 451 804 495 ista fiunt omnes transmutationes prime productioni
212 479 811 522 substantiali. Si vero non sit ibi talis quantitas di¬
214 506 803 552 stincta tunc omnia absoluta que ibi producuntur
206 534 806 576 totaliter et immediate producuntur a deo miracu¬
207 562 802 609 lose nisi vltima forma substantialis producatur ibi
204 594 798 631 ab actiuo creato deo creante ibi vel concreante ma¬
207 623 802 665 teriam in illo Instanti quo producitur forma substam
198 648 798 694 tialis vermis vel alterius. ⁋ Aliter potest dici quod
198 677 795 721 sicut in consecratione hostie desinit esse panis non
199 705 799 749 per annichilationem sed per conuersionem in corpus
203 737 798 778 Christi sic per corruptionem specier sacramenti deiinit
202 762 803 805 corpus Christi esse ibi et reincipit ibi esse materia que
203 788 792 834 prius fuit ipsius panis non per creationem sed per
202 822 793 861 resumptionem quequidem resumptio fit immediate
196 846 793 892 virtute diuina et in illam agens naturale quod cor¬
192 875 792 913 rumpit dictas species introducit formam quam tamen
195 901 787 946 dator formarum scilicet deus principalius agit siue donat
193 931 789 972 Et non sequitur agens naturale corrumpit illas
195 956 791 1000 fine subiecto igitur annichilat eas nec sequitur quod
195 983 797 1026 producit ibi assistenter illis soeciebus qualitates
189 1009 789 1057 aliquas scilicet caliditatem vel frigiditatem etc. igitur creat
188 1043 794 1088 eas quia creare non solum non presupponit mate¬
189 1071 793 1114 riam sed penitus nihil presupponit in quod agens
194 1100 796 1140 agat vel in quo agens effectum suum producat et
192 1124 793 1172 licet in proposito agens naturale non necessario
184 1156 809 1198 presupponat materiam tamen presupponit contra
187 1186 792 1227 rium in quod agat vel diuisiones quantitatis vel
186 1216 794 1253 qualitatis vel qualitatum vel forme seu formarum
189 1240 794 1285 vel qualescunque in quibus subiectiue vel coassistem
187 1267 794 1314 ter suum effectum producat quia non posset produ
185 1297 782 1340 cere in vacuo cum sola communi influentia ita etiam
185 1321 787 1370 in anichilatione nichil penitus oportet relinqui
184 1349 787 1396 secus autem est in corruptione dictarum specierum
186 1382 782 1425 vbi relinquuntur qualitates quas agens corru¬
187 1409 785 1453 ptiuum illarum specierum producit ymo reposita ibi ma
191 1437 790 1481 teria per modum iam dictum relinquitur ibi compositum ex
189 1461 785 1509 tali materia et forma quod IAdem agens naturale pro
180 1487 787 1538 ducit Et potest dici quod agens naturale ex illis specie¬
186 1515 787 1565 bus vicem materie supplentibus producat suum effe
187 1548 782 1590 ctum deo adhuc contra communem infiuentiam quodam
186 1571 781 1620 singulari modo coagente et sic dum ignis calefacit
185 1599 776 1644 hoitiam consecratam producit ibi colonem de substantia
180 1629 783 1679 specierum hostie vicem materie ex diuina coactione
185 1658 787 1703 singulari supplente non tamen oportet quod calor sub¬
179 1687 783 1734 iectiue informet illas species. ⁋ Set sufficit quod eis
183 1715 783 1761 coassistat de hoc vide plus in q. sequente articulo
177 1742 779 1785 secudo dubio primo et secundo et in questionibus de
177 1772 773 1818 corpore christi. ⁋ Ad sextum dico negando minorem
185 1802 773 1846 quia oportet virtutem creatiuam esse infiniti ratione
177 1833 776 1875 producti quia materia prima anima intellectiua angelus cha
178 1860 770 1900 ritas infusa et multa similia non possunt effici nisi
176 1885 773 1931 a voluntate finita ⁋ Et licet forma que est eutitas
176 1914 772 1960 perfectiorquod materia possit produci ab actio creato
172 1945 773 1986 non tamen materia quia creatura limitatur ex natura
166 1967 778 2011 sua ad non causandum effectiue aliquid nisi matria
172 1997 774 2042 in suo ordine comprincipiante totum et materia non
175 2024 773 2072 est causabilis de materia quia tunc esset processus
171 2051 771 2102 in infinitum per hoc patet ad improbatione illius
164 2076 771 2138 partis quia licet terminus finitus sit tamen et paruus
847 253 1440 316 tamen Iompossibile esset quam esset ita paruus quin
846 301 1437 341 eius productio requireret vel potentiam productiuam
843 326 1438 368 infinitam totaliter producentem vel partialiter cum
847 354 1434 396 actiuo creato requirente passiuu in omni actione
836 383 1430 424 sua. Item ibi semper requiritur infinitas virtutis
839 409 1431 452 actiue ratione modi producendi et ratione productio
842 437 1441 482 nis. Et cum dicitur quod motus ille est finitus Dicendum
845 467 1430 511 quod motus creantis est infinitus modus creandi et
838 496 1428 541 motus creati est finitus. Si preter hoc aliud que
841 522 1429 569 ras non inuenies et si vocetur motus illius produ¬
843 551 1436 596 ctionis producere nullo receptimo presupposito hoc
837 579 1425 623 non est aliquid Ideo nec finitum nec infinitum Sed
837 606 1427 654 aliquid sic producere etiam cum dicis quod ipsa creatio
833 636 1424 677 est finita verum est capiendo actionem creationem dei
833 662 1426 706 elicitam et transeuntem quia tunc est ipsa res creata
829 690 1430 736 nec obstat quin requirat principium virtutis infinite
829 718 1431 765 quando producitur non de subiecto ⁋ Si autem diuina
837 748 1421 791 volitio vocaretur creatio planum esset eam esse in¬
832 770 1429 820 finitam. Item frequenter talis infinitas ratione di¬
826 802 1430 847 stantie quia nec est ibi aliqua distantia prior et de
831 826 1427 883 hoc scotus bene prosequitur contra tho. q. p. in. 4.
831 860 1410 903 et alibi in primo et etiam in multis aliis locis.
825 882 1430 936 ⁋ Ad septimum negatur maior quia creatio tam actiua
829 921 1426 963 quod passiua sensationis humane que est forma spi¬
830 945 1424 985 ritualis nec adequat entitatem anime humane nec
827 971 1424 1018 passibilitatem et cum non nulla minori virtute potest
830 1002 1422 1045 causari id i nulla creatura citra animam potest istam acti¬
823 1028 1426 1073 uitatem implere. ⁋ Ad octauum dicendum quod batuns
825 1055 1417 1097 augu. tangit ibi vnam causam sed non precisam id est istam
825 1081 1427 1130 causam ipse declarat libro. 63 q. 5 6 dicens quod omne
829 1113 1415 1154 corpus agit secundum contactum et motum extendendo
823 1136 1425 1187 igitur nomen motus ad omnem mutationem muta
815 1165 1416 1212 tio autem et motus presupponunt subiectum et ista
817 1198 1418 1240 causa conuenit omnibus agentibus per motum et
823 1226 1417 1267 et mutationem. ⁋ Ad nonum dicitur quod instrumentum
823 1252 1417 1298 capitur multipliciter sicut tangit sco. li. 4 q. p. et
829 1281 1410 1327 questione quarta eiusdem primo pro omni actiuo
823 1311 1416 1358 non primario eiusdem sed minus principali respectu
815 1338 1412 1381 alicuius effectus producendi et per oppositum agens
822 1363 1414 1411 independenter est agens principale et tunc verum
818 1394 1408 1438 est quod omne agens instrumentale plus potest et etc.
821 1421 1406 1468 licet non forte de virtute sermonis quia nichil omnino
821 1447 1408 1493 potest nisi cooperante agente principali et tunc non
813 1481 1413 1526 sequitur hoc plus potest etc. sic loquendo igitur potest
817 1508 1400 1553 creare. ⁋ Aliomodo sumitur non ita generaliter pro
817 1535 1413 1580 omni causa secunda. Sed pro illa causa secunda que est
815 1561 1419 1606 pars per quam totum agit et sic secundo de anima organa
814 1592 1410 1637 sensuu et aliarum potentiarum dicuntur instrumenta et
814 1617 1412 1659 de isto modo instrumenti respondendum est ad propo¬
812 1645 1410 1695 situm sicut de sensu primo ⁋ Tertio modo capitur
827 1675 1403 1721 no causa actiua ad dispositionem primam siue pro cau
813 1704 1406 1750 sa dispositiua que non attingit effectum principalem
817 1728 1401 1777 et nec isto modo creatura potest creare quia actio
811 1757 1407 1805 dispositiua est ad preparandum et disponendum subie¬
815 1791 1409 1831 ctum bene tamen potest creatura aptare subiectum
808 1815 1407 1860 aliquod vt deus subiecto sic aptato libere creet
810 1841 1400 1888 formam sicut agentia naturalia disponunt et organi¬
807 1872 1412 1920 zant corpus vt in ipso creatur anima intellectiua et hoc
804 1902 1400 1946 fit ex pacto dei vel ex regulari sua beniuolentia vt
807 1927 1395 1973 lse in corpore sic disposito creat animam intellectiuam et
805 1956 1402 2006 isto modo fit ex pacto dei cum ecclesia quod quando aliquid
799 1985 1398 2034 sic disponit se per humilem susceptionem sacramen¬
804 2015 1398 2058 torum vel contritionem post peccatum mortale absque po¬
802 2040 1402 2092 sitione obiicis quia tunc deus creet in eo gratiam et pro
809 2069 1392 2114 pter hoc sacramenta vocantur ab aliquibus instru¬
798 2103 1400 2154 mentalia agentia respectu gratie creande et huiusmodi.
