1823 2500
366 227 972 273 sunt dubia primum tangitur in primo principali.
388 272 969 309 ⁋ Ad quod respondet quidam doctor prenotans ta
364 295 970 332 men quod illud est producere aliquid de materia et aliud
368 327 971 359 est producere aliquid in materia: posset enim produci
366 351 972 386 aliquid in materia quamuis non producatur de materia
361 383 965 416 sicut intellectus humanus sicut patet li. 2 di. 17 cap
365 408 971 443 17 et sic posset facere deus formas materiales in
369 441 968 473 materiis que non dependent inesse ab illis et tunc
366 468 963 504 causaretur. ⁋ Per hoc patet ad illud quod illud lu
359 487 971 528 men in b. creatum est et non lumen in a. et tunc con
361 524 967 559 sequenter tenet iste doctor quod quando deus creat accidens
364 548 971 588 in subiecto ipse supplet vicem efficientie subiecti
362 577 965 612 respectu huius accidentis puto enim inquit quod sub
357 610 968 644 iectum sic est causa efficiens respectu sui acciden¬
362 635 967 669 tis quod ab eo in eo in esse naturalis cursus commu¬
363 665 969 700 nis dependet. Ista responsio non est ex toto vera.
365 689 963 728 ⁋Primo quia tunc vel gratia nunquam crearetur in ani¬
362 717 966 752 ma vel pro tunc in nullo per modum accidentis de¬
361 746 965 785 penderet a suo subiecto. Secundo falsum est quod om
356 774 964 810 nis forma secundum naturalem cursum dependens inesse
356 805 969 837 a suo subiecto eo ipso efficitur ab eodem quia tunc ca¬
363 830 973 867 lor aque violenter calefacte efficeretur ab aqua
369 863 964 894 vel eius materia quod falsum est quia virtualem
357 893 965 922 contrarietatem ad ipsum nititur ipsum destruere.
361 916 966 949 ⁋ Item tunc materia prima coefficeret formas ma
359 946 967 977 teriales quod patet falsum dico igitur aliter ad ar¬
358 968 971 1010 gumentum quod casus est impossibilis quo ad primam partem
363 997 965 1036 quia deum agere a. sine coactione solis est creare. a. ettunc
362 1030 971 1062 dico quod a. a nullo actiue dependet nisi a deo cum hoc
361 1053 968 1088 stat quod a. dependeat ab aere subiectiue sicut acci¬
361 1084 961 1122 dens a subiecto. Dices si a. ita dependeat per modum
356 1116 964 1147 accidentis a subiecto in quae recipitur sicut .c. igitur acti
352 1142 966 1171 uum naturale ita creat sicut deus quia non plus effectus
360 1170 969 1202 agentis creati videtur tunc effici de subiecto quam si ipsum
358 1193 965 1237 de eodem subiecto crearetur a deo nec aliud videretur
362 1231 969 1260 esse formam talem produci in subiecto quam in eam produ
365 1257 969 1288 ci nec econverso. ⁋ Ad istud dico quod nulla est notabi¬
358 1281 965 1315 lis differentia ad propositum de forma tali tam crea¬
360 1309 962 1343 bili de hac materia quam producibili de eadem in ordine
361 1340 962 1373 talis forme ad subiectum sed solum in ordine ad agens
369 1367 967 1399 cum enim producitur forma talis siue in subiecto siue non
358 1396 962 1431 subiecto a solo agente quod subiectum non praesupponit ad
368 1428 968 1458 hoc vt talem formam producat tunc creatur cum vero ab
367 1452 965 1483 agente presupponente vel necessario coagente sub
366 1477 965 1512 iectum ad hoc vt talem formam in ipso producat hoc
364 1512 960 1543 est produci vel educi de potentia talis subiecti. ⁋ Se
368 1535 962 1570 cundum dubium contra primam conclusionem quia videtur quod
359 1570 967 1597 ignis agens in hostiam consecratam creet calonem quia
364 1589 964 1628 ibi facit calorem de nichilo igitur creat per diffi¬
363 1620 967 1656 nitionem creationis positam li. 2 di. prima. Assumptum
364 1649 965 1686 probatur quia ignis facit ibi calonem sicut sensus do
363 1675 970 1712 cet et non de qualitate nec de quantitate quia tunc nun¬
366 1708 962 1741 quam philosophus vel alius probare posset necessitatem mate
362 1733 972 1767 rie prime cum actio naturalis perficiatur secundum
368 1760 962 1798 hoc in quantitate vel qualitate sicut in materia si po
362 1794 963 1826 neretur. Respondetur quod totum quod fit in hostia con¬
360 1819 970 1855 secrata quantum ad alterationem fit immediate a deo
368 1849 962 1881 per suppletionem agentis naturalis causando il¬
369 1875 973 1908 lud quod agens naturale ibi ageret si illic esset sub¬
368 1902 969 1938 stantia vel materia in quam posset agere quia mate¬
360 1932 962 1970 ria vt videtur presupponitur actioni alteratiue cuiui
366 1956 968 1996 cunque agentis naturalis et huic concordat syrensis
367 1989 965 2025 qui recitat circa istam difficultatem opinionem gandem.
358 2020 961 2052 tho. et sco. et tenet in hoc cum scoto libro. 4. ⁋ Scien
364 2049 965 2081 dum est tamen quod educere effectum oe potentia materie
363 2074 972 2122 vel producere ipsum de aliquo non creatiue est ipsum
1002 231 1604 274 agens taliter producere illum effectum qualiter ad
1002 263 1593 297 eius productionem requiritur concausatio subiectiua
1005 293 1603 332 materie seu subiecti vel alicuius eius vicem supplem
1007 319 1598 354 tis de quo scilicet subiecto vel eius vicem supplente talis
1005 354 1597 387 effectus producatur et etiam in quo vel subiectiue
1013 379 1595 413 vel coassistenter. Unde patet sic differentia intur pro
1005 409 1603 443 ducere et creare formam aliquam vel effectum quia licet
1002 437 1603 470 quandoque per creationem forma producatur in materia
996 469 1603 500 non tamen ibi concausat materiam. Patet etiam quod
1004 490 1603 526 quia nullum agens naturale habet rationem totalem
1003 520 1605 553 causalitatis alicuius effectus a se producibilis. ⁋ Ter¬
1009 538 1617 583 tium dubium sit a vna forma ignis genita ab istous
1013 578 1599 615 gne in hac materia demonstrata et corrumpatur
1006 607 1603 640 ⁋ Tunc arguitur sic iste ignis demonstratus potest
1004 635 1605 669 generare a formam igitur potest creare. Conse¬
1009 660 1605 696 quentia patet quia idem numero non potest redi
1007 692 1600 725 re per actionem naturalem vt patet quinto phisicorum
1002 720 1609 750 versus finem. Assumptum probatur quia ista materia
1002 747 1602 778 demonstrata est eque in potentia naturali ad a. sicut
1000 773 1609 807 ad aliam formam consimilem futuram igitur iste ignis
1001 803 1601 835 ita natus est producere vel generare de ista mate
1007 832 1611 867 ria formam a. sicut. b. vel c. Respondetur quod iste ignis
1002 859 1604 892 non posset per cursum nature regenerare a. for¬
1007 886 1603 925 mam in hac materia nec etiam aliquod agens pre
996 916 1602 951 ter deum. Et ideo concedo quod non posset redire idem
996 944 1602 974 numero secundum cursum nature nec instantane¬
998 970 1600 1004 um a deo nisi per creationem cuius causam nescio
1002 999 1602 1030 aliam nisi quod deus instituit non iterum concurrere
1005 1027 1601 1056 cum actiuis creatis vt ipsa semel corrupta reprodu¬
997 1060 1596 1091 cant eadem nunero sed ben similia. ⁋ Quartum dubium
1002 1087 1601 1120 videtur quod ho possit producere animam intellectiuam
1001 1111 1595 1147 igitur et creare. Antecedens probatur quia si fieret a solo
1002 1143 1602 1177 deo igitur deus posset eam non creare quando homo
1009 1169 1606 1202 generat non tamen impediendo actionem naturalem
1003 1201 1607 1235 hominis in generando ponitur igitur et sequitur quod tunc homo
1000 1227 1603 1260 generat naturalitur animal brutum et irrationale nisi
1004 1252 1601 1290 detur intentum quia generabit vnum animal vt videtur quia
1004 1278 1601 1309 semen eius tantam vim habet generandi quantam se¬
998 1310 1597 1340 men alterius animalis igitur potest tam perfectam for¬
996 1340 1599 1368 mam generare alias homo videretur esse debilio
1000 1366 1596 1396 ris conditionis quam cetera animalia. ⁋ Sequitur etiam
992 1398 1602 1428 quod species hominis aliter non esset pars essentialis vniuer
998 1420 1598 1456 si nisi homo posset naturaliter generare hominem cum
994 1451 1599 1481 infiuentia naturali quia esset naturaliter corrupti
998 1477 1597 1510 bilis nec posset perpetuari a se cum influentia generali
1002 1508 1605 1538 quia esset naturaliter corruptibilis nec posset per¬
1007 1538 1603 1564 petuari a se cum influentia generali sicut cetere
1000 1564 1602 1596 species possunt. Probatur natura nunquam deficitin
997 1593 1601 1624 necessariis et cum circa magna nobilia sit magis
998 1621 1596 1656 ingeniosa igitur si natura dedit aliis insufficien¬
1000 1649 1599 1677 tem potentiam generatiuam sibi similium in spe¬
1002 1678 1591 1708 cie igitur mulio fortius magis homini. ⁋ Pro re¬
1000 1705 1596 1738 sponsione solum volo recitare opinionem sprensis
999 1734 1596 1770 quem mecum in hoc gaudeo concordare qui respon
999 1761 1599 1796 det finaliter quod non debeat dici aliud quod intellecti¬
997 1792 1605 1829 ua creatur a deo sic quod nullo modo sit ab homine si
1000 1820 1591 1852 cut patet in q. veteris et noue legis. q 32 et sicut
1000 1849 1602 1882 plane tenet augustinus in ecclesiasticis dogmati
998 1879 1595 1911 bus capitu. 40. vbi dicit animas hominum non esse
998 1907 1600 1938 adinuicem. Item idem tenet ma. li. 2 di. 17 et om
1004 1929 1597 1965 nes doctores. Et cum arguitur quod ho generaret brutum
1002 1960 1601 1990 vel suspensa creatione anime intellectiue. Respondeo inquit
1000 1990 1598 2023 quod hec videtur perplexitas quia ponere quod eadem formasit
1004 2017 1589 2049 vegetiua sensitiua et intellectiua in homine est at
996 2047 1596 2083 ticulus condemnatus ab archiepisco Cantuarien.
1008 2075 1611 2122 roberto tilleblim ymo multi articuli tendunt
