1817 2500
216 224 832 276 ordo ibi collatus fuit tamen quia glosa dicit ibi or
216 272 827 306 dinem non fuisse collatum in deo potest dici quod est
223 301 827 335 ex eo quia alter scilicet sacerdos orationes legens
212 331 821 363 non habuit potestatem ordinandi ministerialiter
210 360 820 391 quia non fuit ad hoc ordinatus cum non esset epi¬
214 388 821 417 scopus hic autem vterque habuit potestatem ordi¬
218 412 826 448 nandi quia vterque non potuit exequi forte enim. si
215 445 822 482 ambo fuissent episcopi in casu dicti apostoli fuis¬
211 473 817 504 set sibi collatio sacramenti. ⁋ Tenendo tamen con
212 500 821 533 munem opinionem doctorum dicendum foret quod
223 529 819 564 oportet quod sit vnus complete baptisans et tamen vl
219 553 822 590 terius dicendum quod ista sunt que sunt de bene esse
212 585 818 617 sacramenti et eius completione secundum vsum
210 614 816 649 ecclesie possunt per alium compleri sicut patet 7
219 644 819 676 q. p. nihil. ⁋ Essentialial autem non possunt inter
214 673 816 707 partes vel personas diuidi sicut sunt verba ista hoc
212 702 816 735 est enim corpus meum et in baptismo intentio et
210 727 823 758 verba bene possunt tamen similia cogitari et dici
216 756 823 791 tamen estimo quod deus suppleret in casu talis neces¬
214 782 815 817 sitatis propter fidem sic operantium et ratificaret
216 813 819 843 totum tamen virtute operis operati talis bapti¬
213 844 811 874 satus non esset quia proferens verba si loqueretur
216 871 821 903 in singulari. Ego te baptiso siue in plurali nos te
219 898 815 930 baptisamus falsum diceret qui iste mancus non iniunge
208 927 820 962 ret nec lauaret eum et per consequens nec baptisaret ex dif
212 956 817 989 finitione communi baptismi et per consequens falsum dice
214 982 821 1016 ret huiusmodi verba proferendo sic arguunt com
218 1011 812 1041 muniter doctores. Item credo talem si superesset
215 1040 821 1073 sub conditione nouitur baptisandum. ⁋ Quintum dubi
212 1070 815 1105 um ponatur quod sacerdos duobus sibi collatis vnum intem
216 1098 815 1134 dat baptisare nec aduertat quod duo simul offeruntur
215 1128 815 1161 nec habeat plus noticiam vnius sibi collati quam alterius
216 1160 814 1191 nec distinctius habeat intentionem super vnum quam super alte
215 1183 816 1215 rum sed cogit in generali volo puerum mihi nunc
211 1213 811 1247 offerendum baptisare et bene percipit quod puer ali
214 1242 815 1279 quio sibi supponitur infundat igitur aqua super vtrum
208 1268 814 1300 que sibi sic oblatum et dicat ego te baptiso etc. Et tunc
217 1300 813 1333 est dubium vtrum vterque est baptisatus vel non. Et
212 1326 813 1356 similiter potest poni casus de monstro bicipiti quia
215 1355 813 1388 si baptisans vtitur singulari et precise intendo vnum
206 1383 813 1416 solum baptisare et super neutrum plus intendat
207 1412 812 1447 quam super reliquum supposito quod ibi sint due anime
208 1442 816 1471 videtur quod in illo casu vterque est baptisatus eo quod ver¬
203 1464 818 1505 ba prolatam sub intentione et auctoritate baptisan¬
206 1496 813 1530 di et materia est congrua. Sed appositio vnius pue
210 1527 813 1558 ri non impedit alium quia mala fides offerentium non no
202 1554 817 1589 cet vt patet ve conse. di. 4 non idem. Et est augu. ad
207 1581 820 1620 bonifacium igitur nec talis appositio cum fieri posset
207 1614 813 1641 cum pia intentione. Contra sacramentum non con¬
211 1637 813 1673 fertur contra intentionem conferentis sed si ali¬
209 1667 813 1700 quio istorum foret baptisatus pari ratione vterque
201 1696 814 1734 sed hoc est contra intentionem baptisantis vt patet ex
207 1725 812 1759 casu. Similiter verba non se extendunt ad duos igitur
204 1752 810 1784 nec sacramentum cum verba ista sint essentialia et
210 1782 806 1817 de forma ipsius sacramenti. ⁋ Ad idem extra de of¬
206 1809 814 1847 ficio ordinaruim. Si sacerdos in glosa vel cum suis
202 1844 807 1873 allegationibus. ⁋ Et nota ibi quod intentio sic offer¬
207 1868 813 1898 tur in vnum indifferenter et ad hoc vide glosam de
209 1895 813 1931 officio delegati quandom abbas in medio. 4 ⁋ Ad istud
210 1926 813 1960 posset dici probabiliter quod nullum baptisat quia in¬
201 1957 813 1989 tentio cum casu isto et conditio quam habet contra
205 1981 817 2014 riatur effectui sacramenti baptismi et sic neganda est
201 2011 805 2044 consequentia in prima probatione propter conditionem contrariam in
202 2041 806 2072 tellectam. ⁋ Ad secundum dicendum quod vna appo¬
203 2066 802 2104 sitio impedit aliam et econuerso propter intentio
199 2091 818 2147 nem baptisantis et non mala fides. Simiter est dicendum de
856 223 1468 275 verbis contra substantiam sacramenti cum intentione
862 272 1468 307 prolatis posset tamen dici quod si sacerdos non habe
859 298 1471 336 reti conditionem expresse contrariam et faceret in
863 324 1467 362 forma ecclesie quia vterque baptisatur eo quod singu¬
860 360 1474 392 lare potest se extendere ad plura sicut fit in ordina
855 387 1469 419 tione quarudam ecclesiarum vbi dicitur pluribus si¬
851 416 1472 446 mul accipientibus accipe euangelium. ⁋ Ad iura
852 442 1464 474 autem que ponuntur in glosa dicendum quod iura que fa
859 471 1470 506 ciunt quod in tali dubio nihil agitur habent intelligi
855 502 1458 533 de his que obtinent vim sententie vt satis patet
854 531 1463 559 ex casu ibidem disputato in quibusdam aliis non
855 558 1462 594 oportet sed nec in illis quando habetur aliquid
861 588 1469 618 tertum in quod infertur intentio. ⁋ Sextum dubi
859 617 1468 652 um de baptisato in ludo de quo augustinus. oe vnico ba
860 644 1462 675 ptismo li. 8 et ponitur in canone ve conse. di. 4 so
857 673 1466 704 et. Si ludicre totum et minute et ioculariter age
855 702 1467 734 retur vtrum approbandus esset baptismus qui sic
856 730 1463 760 daretur diuinum iudicium per alicuius reuelatio¬
847 758 1463 794 nis muraculum oratione implorandum esse censo
853 786 1456 818 rem. Sed contra vbi verisimiliter dubitatur de ali
857 811 1454 846 quo an sic baptisatus baptisandus est sub tali con¬
855 844 1460 877 ditione. Si non es baptisatus ego te baptiso vt di
857 873 1458 905 citur extra de baptismo et eius effectu de quibus
854 900 1457 937 ex quo sequitur quod in nullo casu tali implorandum
855 930 1453 964 est diuinum iraculum quod est contra confilium
854 959 1463 989 augustini. Consequentia patet quia vbi habet homo
851 986 1456 1018 naturali ratione quid faciendum ibi non est recur¬
845 1014 1457 1049 rendum ad uraculum quia hoc esset tentare deum
852 1043 1460 1074 vt dicunt doctores. Sed in quocumque casu dubio ba
856 1071 1461 1105 ptismi potest homo et debet facere iuxta doctrinam
851 1101 1459 1131 illius capituli de quibus et rationabiliter igitur
872 1126 1465 1164 Item in dicto casu augustini videtur quod non sit hesitan
853 1157 1459 1186 dum quia deficit intentio que necessaria est in sa¬
846 1184 1455 1217 cramentis non enim intentione baptisandi illud
844 1212 1458 1248 fiebat quod ludo fiebat quia in ludo non intendi¬
850 1243 1459 1271 tur veritas facti sed iocus Dicendum probabili¬
844 1269 1467 1302 ter quod in casu quo loquebatur augustinus fuit re¬
847 1298 1460 1338 currendum ad diuinum oraculum et hoc precise si
853 1327 1455 1364 quio vellet certitudinaliter scire an talis sit ba¬
859 1358 1454 1386 tisatus et an talis tanquam christianus ad vitam chri¬
853 1383 1455 1421 tianam seruandam sit compellendus posito quod spon
848 1413 1454 1444 te nollet quia licet ad baptismum siue legem ne¬
848 1444 1454 1478 mo sit compellendus postquam tamen aliquis ista su
847 1469 1461 1509 scepit vt secundum eam viuat est compellendus in
843 1499 1457 1535 casu di. 4 capitulo quinto de iudeis. Aut si sit mor
843 1526 1451 1563 tuus tanquam christianus debeat sepeliri. Et cum ar
841 1558 1461 1594 guitur quod debeat sub conditione baptisari verum
847 1587 1449 1621 est si sponte debeat baptisari et christianissimo per
842 1610 1454 1646 manere tunc quo ad hoc eo debeat aut per eccle¬
839 1643 1453 1677 siam sibi subueniri non est dubitandum nec recur
843 1673 1454 1707 rendum id diuinum miraculum. Sed sufficit do¬
847 1701 1456 1736 ctrina illius capituli de quibus et forte hoc non
839 1731 1454 1766 erat inuentum tempore augu ab ecclesia quo ad
839 1756 1445 1792 conditiones vero iam predictas non habetur per
841 1785 1452 1821 istud capitulum quid debeat fieri. Ad aliam redu
843 1814 1451 1848 ctionem dici potest quod cum quis vellet vti forma ec
841 1848 1452 1881 clesie in baptismo principaliter tamen ad ludum et
841 1871 1442 1908 minute tunc est dubium valde. An voluntas prin¬
843 1900 1448 1935 cipalis ludi effectum voluntatis secundarie eua¬
845 1930 1442 1962 cuet et tunc recurrendum est. Si autem nullam in¬
840 1957 1449 1993 tentionem de forma ecclesie sed omnino minute et in ludo
841 1988 1440 2020 etc. Tunc forte non esset dubium. In primo casu loquitur
843 2016 1448 2055 augu. secundum quosdam nec obstat quod dicit totum quia
839 2043 1448 2082 hoc denotat principalitatem intentionis vel potest dici quod
843 2072 1451 2106 tempone augu. generaliter fuit dubium. Sed postea per
843 2104 1453 2143 ecclesiam et per doctores determinatum per inspirationem
