1784 2500
341 244 941 309 conuersio prioris in posterius nisi quod ad non esse prao¬
347 296 931 331 ris succedit sub illis speciebus ex vi consecrationis
339 318 939 361 substantia posterior et quia motus vel mutatio vel
343 351 926 390 quecunque factio vnica denominanda est ab vltio
338 375 933 419 termio ad quem per se intento licet igitur substantia
346 406 931 449 panis nihil fieret non tamen est ista conuersio anni¬
347 431 933 471 chilatio sed transubstantiatio id est successio vnius sub¬
347 460 937 500 stantie in loco alterius et per hanc descriptionem
343 484 930 529 satis excludi possunt instantie circa istam materiam et co
345 518 931 561 Item concedendum est quod ex vi illius conuersionis cor¬
343 543 939 591 pus christi fit de substantia panis et incipit esse de
342 579 939 618 pane sic quod si alibi non esset nec prius fuisset ipsum
347 603 932 642 inciperet simpliciter esse post non esse ratione illius
342 629 941 670 conuersionis nunc autem non incipit simpliciter esse
339 665 935 697 sed incipit esse ex illo pane de quo prius non ha¬
347 689 934 728 buit esse vel incipit esse de illo pane per aliquam
344 718 940 753 transmutationem per quam prius ex illo pane non
342 744 941 783 habuit esse patet ergo quod si corpus christi prius non
345 773 933 811 fuisset talis conuersio esset simpliciter eius factio
343 801 938 841 nec autem est eius factio secudum quid scilicet de illo pane.
348 829 943 872 Item quando per desitionem specierum desinit esse corpus
351 857 945 897 Christi tunc verisimile est quod talis desitio corporis Christi
345 889 944 926 ibi fit reconuersio corporis christi in materia que
351 915 937 958 prius fuit ipsius panis et ita videtur quod deus repo
346 945 941 982 nit ibi materiam quam resumit ve corpore christi
354 972 936 1012 per dictum modum conuersionis et in illa materia
349 1005 934 1035 agens naturale corrumpens illas species producitr
348 1027 935 1070 formam in eodem instanti in quo illa materia repo
347 1059 943 1097 nitur et sic patet quomodo saluatur quod per illas spe
354 1086 939 1126 cies sit vera nutritio et quomodo sint actiue et passi
354 1118 937 1150 ue iuxta predicta in precedentibus questionibus
343 1146 936 1179 Sed dubitatur An corpus Christi videri possit oculo
351 1170 942 1207 corporali prout est sacramentaliter sub speciebus panis
358 1196 940 1240 Pro vltimo dubio moto in ista q. quinta quarti
349 1225 938 1263 que est 63 in ordine simpliciter ad primum scilicet vtrum
350 1256 947 1293 quantitas. Sciendum est quod dupliciter agens potest
347 1285 935 1319 applicari passo vel situi seu etiam rei situali intrin¬
346 1309 944 1353 sece vel extrinsece primo modo tripliciter scilicet vel
349 1338 952 1379 co existenter commensuratiue et informatiue sicut
354 1371 946 1408 calor vel aliud accidens applicatur suo subiecto
354 1394 949 1435 cui coextenditur vel quod informat in illud etiam bene
358 1427 938 1464 agit suum simile de ipsius potentia educendo vel
352 1456 941 1490 coexistenter commen suratiue sed non informatiue vt
347 1482 939 1520 si in casu priori deus faceret calorem commensura¬
351 1514 940 1546 tiue coexistente subiecto per se existere sic quod non
356 1539 947 1577 inheret subiecto nec informaret ipsum vel si deus
354 1565 946 1605 taliter faceret coexistere duo contraria scilicet aquam
356 1593 949 1631 et ignem vel duas qualitates contrarias scilicet cali¬
350 1622 943 1660 ditatem et frigiditatem et tunc est bene dubium an
357 1653 951 1688 in tali applicatione talia suis naturalibus relicta
355 1686 945 1719 agerent et paterentur vel secundo modo potest hoc con¬
353 1707 940 1748 tingere sic quod agens alicui applicatur coexistenter
353 1739 949 1775 non tamen informatiue nec comensuratiue sed sic
361 1766 949 1806 quod totum est in toto et in qualibet parte et quelibet
351 1796 945 1836 pars est in toto et in qualibet parte et sic corpus
362 1821 949 1857 christi est sub speciebus et concomittant ipsius ac¬
351 1852 951 1887 cidentia nec igitur dubitatur an talia accidentia
357 1878 947 1912 taliter suo situi applicata suis naturalibus dere¬
357 1910 947 1946 licta naturaliter agerent in sua passa Uerbi gratia
354 1936 951 1970 an calor vel caliditas lucis corporis Christi sic se ha¬
354 1965 945 1999 bentis naturaliter ageret in vsu videtur quod non quia
354 1992 938 2026 secum talem modum agens non debite applicatur passa
353 2021 944 2056 igitur Antecedens probatur quia applicatio secundi
355 2054 942 2082 modi predicti non videtur sufficere ad actionem
352 2081 940 2112 igitur multo minus applicatio que posset fieri isto
347 2105 948 2150 tertio modo. Item videmus quod graui aliquomodo
961 242 1562 296 se habente 10 extra centrum grauitas efficit motum
974 290 1564 327 prio autem aliomodo se habente scilicet existente in centro
966 323 1564 352 nullum causat motum igitur multo fortius colore
966 346 1573 383 sic se habente quod nulli commensuratur situi non potest
974 378 1562 410 agere in visum. Item secundum talem modum non potest esse
968 403 1567 438 basis piramidis radiose quia tunc commensuraretur
971 435 1571 466 alicui situi igitur etc. In oppositum per prius con¬
971 457 1571 496 uenit agenti agere in passum quod sibi applicari tali vel
972 488 1575 518 tali modo applicationis igitur quantum est de per se
973 518 1569 550 stat ipsum agere naturaliter in passum sine tali ap¬
974 544 1570 581 plicatione quam tu presupponis Consequentia patet
975 573 1569 611 ex eo quod prius potest semper stare fine suo posteriori
972 600 1575 635 licet non econuerso. Item agens agere vel esse suum
977 629 1575 665 actiuum est sibi essentiale taliter autem applicari vel
968 658 1569 690 taliter est sibi accidentale sed non oportet quod ablato
975 685 1575 720 accidentali aufferatur essentiale igitur secundo modo
972 714 1570 746 lie extrinsece potest hoc esse contingere tripliciter
974 745 1578 778 set continue vel contigue vel consequenter. Et istis mo
980 774 1580 808 dis planum est posse fieri actionem et passionem et et.
1064 807 1578 871 Trum sactamentum pe¬
1090 855 1576 892 nitentie sit necessarium ad delendum peccatum
1099 888 1585 920 mortale post baptismum quod non quia ad de
1089 914 1572 945 llendum mortale sufficit contritio cum pro¬
974 946 1584 981 posito confitendi iuxta illud psal cum gloria sua
977 975 1585 1008 dixi consitebor et alia in copia quere in textu sen¬
976 1002 1583 1038 tentiarum di. 17 quarti. Contra secundum hiero. pe
977 1031 1571 1065 nitentia est vera fabula post naufragium et ponitur
976 1061 1573 1090 di. 14 quarti in principio. Conclusio prima quod non
975 1087 1573 1122 capiendo necessarium absolute pro eo quod non potest
980 1115 1581 1150 per aliquam potentiam non esse tum quia nec est sic ne
974 1148 1581 1177 cessarium peccatum mortale deleri id est remitti nec est sic
978 1172 1578 1206 necessaria penitentia interior nec exterior ad eius
972 1201 1580 1236 deletionem quia deus de sua potentia absoluta posset
966 1230 1576 1261 sine omni penitentia tali peccatum mortale actuale re
979 1257 1589 1288 mitere. Secunda conclusio sumendo necessarium secundm
981 1285 1579 1321 quid scilicet secundum communem legem dei non est penitentia ex¬
976 1314 1581 1346 terior necessaria ad deletionem peccati mortalis quia
975 1342 1578 1376 contritio est sufficiens sacrificium pro peccato secudum
972 1370 1575 1403 glosam super illud psal. Sacrificium deo spiritus et etc. d.
982 1402 1576 1435 pirinus contritus est sacrifictum quo peccatum abluitur et
981 1433 1573 1460 alie multe auctoritates ad hoc sunt. Tertia con¬
978 1455 1572 1487 clusio quod nec de virtute sermonis penitentia interior
978 1483 1580 1517 est necessaria ad salutem quia nulla penitentia interior
979 1511 1575 1546 est sic necessaria. Quarta conclusio ad deletionem
984 1545 1573 1574 pcti mortalis precommissi necessario requiritur siue
979 1570 1583 1603 necessaria est penitentia interior secundum legem dei
982 1595 1574 1628 mmunem quia secundum augustinus epostola. 5 5 nullus sue volun
981 1626 1579 1659 tatis arbiter constitutus potest nouam vitam inchoare
980 1654 1574 1689 nisi peniteat eum vite veteris et allegatur di. 4 4
980 1681 1581 1714 Quinta conclusio quod commissa culpa mortali sacra
979 1714 1579 1746 mentum penitentie est necessarium secundum legem
976 1740 1583 1775 dei communem pro loco et tempore oportunis nec peni
977 1766 1582 1799 tentia interior est sufficiens sine proposito recipiendi
976 1794 1576 1829 sacramentum ad hoc sunt milte auctoritates di. 17 4.
984 1823 1586 1861 Et ista famosa decretalis extra de penitentiis et re¬
982 1855 1576 1889 missionibus omnis vtriusque sexus. Argumenta princi
980 1880 1583 1916 palia procedunt per diuersas conclusiones concludendo
980 1908 1581 1945 verum. Contra predicta obsicitur primo quod penitem
980 1934 1587 1967 tia exterior est precepta igitur est necessar ium eam
984 1964 1580 1999 implere nam si hec consequentia non valet non esset
976 1995 1583 2030 necesse secudum legem dei statutam seruare dei pte¬
982 2023 1578 2054 cepta affirmatiua que non plus obligant ad sem
985 2047 1574 2085 per quam precepta ecclesie ve confitendo semel in amno
978 2070 1590 2110 extra vbi prius omnis Probatur si contritio sufficit
980 2106 1591 2149 vel igitur in quocunque gradu fuerit vel solum in cer
