1825 2500
238 204 844 258 ibi nisi deus suspenderet ipsum ab agendo nolle vel
237 257 844 290 velle probatur tunc omnes responsiones quae solent fieri per
239 284 836 311 mediationem inter velle et nolle forent false et tunc
238 309 839 340 huiusmodi difficultates nullatenus solui possent. Et si
234 339 837 372 argumentaris in contrarium quia omnis iusticia est
239 365 838 401 facere bonum vel declinare a malo extendendo vo
241 397 843 427 cabulum iusticic ad omnem virtutem generaliter
235 423 841 454 et etiam sumendo declinare positiue per realiter
238 451 837 484 fugere vel si detestari malum igitur omnis iniusti
237 481 830 515 tia est malum facere vel declinare a bono extenden¬
239 508 835 542 do vocabulum iniustitie ad omne victum et similiter
234 537 839 567 vniuoce sumendo sicut prius verbum declinare igi¬
237 563 836 602 tur omnis omissio culpabilis fit iniustitia quedam
235 594 833 623 sequitur quod omnis omissio culpabilis erit actus cul¬
238 621 830 656 pabilis vel non sine actu. Item deus pronior est ad
235 650 837 684 miserendum quam ad puniendum. Sed deus nullum ho¬
230 679 833 713 minem remunerat per declinare a malo nisi sit ibi
231 710 839 742 motus liberi arbitrii igitur per locum a maiori nul
233 736 839 770 lum condemnat pro declinare a bono nisi ibisit mo¬
235 764 834 798 tus liberi arbitrii. Ad primum istorum respondet
233 793 835 830 antisiodorus vbi prius quod ista consequentia non va¬
238 823 831 852 let omnis iustitia est operatio boni vel positiua de¬
234 851 835 885 clinatio a malo igitur omnis iniustitia est opera¬
241 881 832 917 tio mali vel positiua declinatio a bono quia plura
239 908 839 941 exiguntur ad opus virtutis quam ad opus vicum quia ad
239 937 831 964 opus virtutis non tantum exigitur genus sed cir¬
241 964 831 998 cunstantie bone sed ad esse vicii sufficit vel genus
226 992 831 1025 operis mali vel omissio circunstantie bone alicu¬
232 1019 836 1054 ius requisite vnde et secundum phsahum difficile est in¬
231 1048 833 1083 uenire medium sed facile receditur a malo. Ad se
234 1078 837 1108 cundum negat consequentiam quia aliqua priuatio
233 1107 837 1141 est peccatum nulla autem priuatio est virtus vel
241 1127 831 1166 opus virtutis. ⁋ Sed iste rationes et responsiones
236 1163 840 1197 stare non possunt cum seipsis quia vel in potestate
230 1192 838 1226 voluntatis libera est seipsam suspendere ab omni
238 1219 841 1256 actu quando iudicat habendum esse actum vel non
238 1249 838 1283 habendum vel non est hoc in eius potestate. Si se¬
234 1273 843 1310 cundum habetur intentum si primum si sibi precipere
232 1306 832 1340 tur in charitate existenti quod ab omni actu ad horam
234 1332 840 1371 se suspenderet ita quod per hoc mereretur sicut alias
235 1365 840 1398 demeretur suspendendo se quia ita in prima parte im¬
236 1394 833 1425 pleret preceptum sicut in secunda transgrederetur
237 1419 842 1456 nec videtur deus pronior ad puniendum transgresso¬
236 1450 836 1485 rem sui precepti quam ad remunerandum illum qui exe¬
236 1477 837 1516 quitur in charitate preceptum non probatur per
231 1509 831 1542 argumenta antistodoreni. quod aliqua circunstantia
237 1531 844 1571 scita debere adhiberi possit hoc stante omitti sine
237 1560 841 1602 negligentia vel contemptu vel nolitione voluntatis
230 1595 818 1623 expressa vel interpretatiua ideo parum cogunt.
230 1616 839 1654 ⁋ Ad primum igitur argumentum suum negatur conse
237 1647 838 1684 quentia nisi consequens intelligatur de non facere
232 1677 831 1710 ex contemptu vero vel interpretatiuo id est nisi actus
231 1706 839 1741 aliquis positiuus sit ibi qauem debet talis non ha
231 1730 838 1771 bere quia etiam non est in eius potestate si iudicet
239 1763 830 1796 clare aliquid faciendum quin velit illud facere vel
232 1792 837 1822 velit vel nolit diuertere ad cogitationem de aliis
239 1817 838 1855 vel expectare vel aliquid simile Sed si in libera po
239 1847 830 1884 testate eius esset stante hoc iudicio se suspendere ab
239 1876 831 1910 actu quolibet volendi vel nolendi tunc annuerem sue
236 1904 836 1941 conclusioni. Ad secundum negatur assumptum quia omnis prohibi
238 1932 831 1968 tio est per equiualentiam preceptum oe volendo ex
242 1966 826 2000 imore dei et proximi cauere actus sibi prohibitos
231 1989 833 2021 si tamen acciperetur quod nullum preceptum mere affir¬
231 2020 838 2052 matiuum est prohibitio posset concedi. Sed hoc
224 2048 826 2082 non sequitur quod nullum facere bonum sit declinare a
226 2073 834 2121 malo quia causare libere volitionem fugiendi pec¬
867 207 1474 264 catum est bonum facere et tamen istud bonum fa
878 255 1478 287 cere est a malo declinare ymo verius quam solum ni¬
879 283 1477 315 pil facere sicut lapis siue pluris ymo breuiter om
875 311 1474 343 ne declinare a malo est facere bonum actum que
873 341 1474 373 est declinatio mali et per contrarium etiam conce
876 367 1479 399 do quod aliquid facere malum est declinare a bo¬
870 398 1479 434 no quia causare nolitionem amoris dei et proximi
870 427 1477 457 et similium est facere quoddam malum quia ma¬
875 454 1489 492 lum est declinatio a bono. ⁋ Ad tertium dicendum
874 480 1482 517 si deus precipit hodie quod det elemosinam hodie et
879 509 1473 545 pse hoc expresse aduertat non est in eius potestate
869 538 1475 569 naturali quin habeat actum aliquem alium quam solum indis
874 565 1481 602 ferentem. Ideo ponitur casus impossibilis secun
869 595 1479 629 dum communem cursum potentie volitiue verum
875 627 1483 659 est autem quod deus potest nolle cooperari isti ad actum
873 653 1481 689 aliquem meritorium vel demeritorium et si sic nol
874 682 1469 711 et posset esse quod iste nec nolet nec volet dare elemo
879 711 1473 743 inam sed tunc consequentia in argumento non va
871 738 1469 771 leret quando scilicet suspenderetur voluntas per deum
867 766 1467 800 a velle vel nolle. Ded contra istam responsionem
867 793 1465 829 stat quarta ratio ad quam respondendo concedo
867 824 1475 856 primam consequentiam sed minoris sequentis dedu
862 848 1477 881 ctionem nego cum accipitur quod cum antecedente isti¬
875 878 1470 911 is consequentie stat quod iste nullum sit habiturus ho¬
868 908 1481 942 die actum volendi vel nolendi sicut ex dictis licet
875 937 1475 967 hoc staret cum prima parte antecedentis et quod stat
865 966 1479 998 cum toto autecedente non probatur. ⁋ Ad quintum
862 992 1468 1029 similiter negatur minor et iterum dicendum est quod
864 1024 1476 1058 premisse repugnant. Dices istud preceptum potest
865 1051 1479 1086 transgredi et tamen neque per actum volendi ire ad
865 1080 1475 1110 ecclesiam nec per actum nolendi igitur per solam
870 1109 1478 1143 vtriusque actus omissionem dico quod voluntas potest
875 1132 1480 1173 illud preceptum transgredi per voluntatem non obe
873 1163 1479 1197 diendi vel contemptum precepti qui ipsa potest neque velle
868 1193 1480 1224 ire ad ecclesiam neque nolle et tamen in libera potesta¬
868 1221 1481 1251 te voluntatis non est habito tali praecepto et pleno iudi
866 1251 1476 1283 cio aliquid agendi vel non agendi quin aliquem actum ha
875 1282 1479 1315 beat vel volendi conformari dictumini vel nolendi
873 1307 1481 1345 expresse vel interpretatiue pro tunc. ⁋ Ad sextum dicen
862 1332 1470 1375 dum quod praemisse repugnant. ⁋ Ad septimum dicendum quod
868 1365 1476 1396 sortes non potest stante tali iudicio et generali dei influen
869 1394 1473 1428 tia in tali actu suspendere se ab omni actu volendi vel
869 1426 1474 1458 nolendi. Et cum arguitur quod tunc deus non posset praecipere
873 1452 1479 1486 voluntati quod ab omni actu suspenderet se neganda est consequentia
872 1483 1468 1511 quia licet voluntas non potest implere illud stante aduer
862 1510 1473 1542 sione praecepti posset tamen velle implere illud et conari ad
863 1535 1479 1569 sibi impossibile stante tali animaduersione et posset etiam
875 1566 1476 1599 aliquo modo conari ne aliqud aduertetur sed dormiret et
869 1595 1477 1632 huiusmodi forsan conatus esset meritorius voluntati existenti
865 1623 1471 1657 i charitate et non scienti nec aduertenti esse impossibi¬
868 1650 1470 1682 le sibi quod sibi praecipitur deus autem non potest velle quod ipsa
862 1676 1471 1714 libere huiusmodi preceptum impleat sicut conatur et si praeceptum
874 1707 1471 1742 debeat esse rationale oportet quod intendat aliquid libere
874 1738 1475 1774 possibile voluntati et hoc non est nisi conari ad ali¬
874 1767 1469 1803 quid iuxta tenonem praecepti vt impleatur preceptum quod
875 1797 1472 1830 ideo aduertitur non posse impleri a voluntate libere. Et
866 1822 1468 1854 dato quod aduerteret adhuc occasione precepti sibi
865 1852 1468 1882 dati posset habere vnum velle conditionale meri¬
863 1879 1468 1912 torium quod vellet illud implere si posset pro amore pre¬
870 1909 1471 1943 cipientis. Ad illud quod secundo infertur quia quod volun
869 1939 1473 1971 tas non posset libere velle vel nolle. Dicendum quod
864 1965 1472 1995 si consequens est disiunctiua negatur consequentia si de disiuncto
871 1995 1467 2028 extremo conceditur quia hoc disiunctum velle vel nol
868 2021 1471 2052 le non substantie libere ptanti voluntatio stante iudi¬
870 2051 1467 2083 cio clare de aliquo volendo vel nolendo licet forte
860 2078 1470 2127 hoc disiunctum velle ire ad ecclesiam vel nolle ire subsit
