1775 2500
364 252 973 314 vbi numerantur peccata mortalia et venialia di¬
364 302 962 336 cit augustinus per decretum de igne purgatorio quod
367 336 963 371 ebrietas si assidua fuerit in nunero capitalium crimi
363 364 959 398 num computatur et iracundia si longuo tempore te
365 390 961 422 neatur. Item. 3 sententiarum di. 56 ca id e1t dicitur
359 416 964 456 quod mendatium in viris perfectis iocosum putari
368 448 962 484 potest damnabile precipue si iteretur igitur itera
364 477 956 511 tio et multo fortius consuetudo mentiendi face
367 501 962 536 ret mortale quod alias esset veniale. Probatur si non
367 527 968 567 tunc auferre successiue omnia grana pauperis non
368 556 964 595 esset mortale sicut nec primum. Contra veniale se
367 582 964 618 mel factum non minuit charitatem ex alia q. igitur
361 611 962 653 frequenter iteratum non tollit eam et per consequens ex ite
366 637 969 678 ratione non fit mortale non enim oportet quod malitia
356 670 969 706 maiore peccetur millesima vice quam prima. Proba
363 696 968 733 tur qualibet vice qua aliquis scienter et delibera
363 729 969 762 te eligit iterare istud quod nouit esse peccatum ve¬
359 751 963 790 niale potest sic deliberate eligere actum talem quod pro
364 778 963 815 omni eo quod non est deus non iteraret illud si cre¬
362 809 963 845 deret illud esse peccatum mortale et constat quod per
362 835 965 874 secum actum meretur et per consequens meretur augeri cha
356 867 959 899 ritatem et ita non oportet quod ex consuetudine pec¬
360 892 965 926 candi venialitur peccet mortaliter. Dicendum quod non
367 921 963 955 nisi vbi sciretur quod talis assuefactio disponeret in ma¬
363 952 962 983 lis ad mortale. vnde si ex consuetudine perueniat
359 975 967 1015 homo ad tantam complacentiam in tali assuefactio
362 1005 966 1041 ne quod contemnat ist quod non dimitteret etiam si deus praeci
367 1035 969 1074 peret oppositum ac etiam si timeat ratione talis
361 1062 969 1094 venialis incidere in mortale talis non valens ces¬
363 1095 969 1125 sare mortaliter peccaret vbi autem non est sic nec
368 1117 967 1155 scandalum daretur occasione assuefactionis huius
366 1145 966 1185 et sic de similibus non video quod esset vnquam mortale.
371 1173 967 1210 Sed tunc est dubium an velle peccare venialiter
372 1206 963 1243 sit peccatum mortale. Respondetur quod bene credo
372 1229 966 1271 quod iste peccaret mortaliter qui per se loquendo opta
373 1261 964 1296 ret vel eligeret venialiter peccare ita scilicet quod ideo vult
367 1291 969 1324 aliquid facere vel optaret quod esset peccatum ve¬
368 1313 971 1354 niale. Credo enim quod tale velle repugnaret incli¬
371 1344 965 1379 nationi charitatis sed sic non est si quis velit illud
377 1376 960 1412 quod est peccatum veniale et quod scit esse pecca
370 1398 972 1439 tum veniale velit inquam illud ex alia camaputa ex fra¬
368 1433 968 1468 gilitate sua prona ad illud quod est tale quid non quia
372 1463 966 1493 peccatum ymo ideo sibi minus placet et forte displicet
369 1486 964 1523 sibi quod tale quod sibi placet ex quo nouit istud esse
373 1517 966 1554 peccatum et idem dico de proximo per eandem distin¬
373 1546 965 1582 ctionem quod non est contra charitatem licet non se¬
369 1570 963 1608 cundum charitatem velle promimum peccare venialit
366 1600 965 1640 per accidens id est velle eum facere illud quod scitur esse
367 1624 965 1667 peccatum veniale tamen ibi vtique videtur esse contem¬
369 1655 969 1698 ptus cum homo facit quod scitur esse peccatum sicut si
366 1686 968 1719 homo timeret se in hoc peccare non tamen omnino sciret.
385 1714 972 1750 Ad primum in contrarium dicitur quod dictum magistri
367 1741 967 1775 intelligi posset iuxta rationem datam ad istum articu
367 1770 967 1804 lum quando scilicet ex frequentatione actuum talium in
365 1800 961 1832 cidit quis in contemptum ita scilicet quod non dimitteret etiam
360 1826 965 1866 dato quod haberet dei preceptum in contrarium et ita
362 1861 964 1889 exponit richardus cuius verba secundum syrens. sunt
369 1887 971 1921 vera hic indiget expositione quia quantumcumque mul¬
367 1916 965 1948 tiplicentur venialia nunquam aliquis damnatur pro
368 1946 966 1975 pter illud vel illa nisi assit aliquod peccatum mor
366 1967 962 1999 tale quia scilicet frequentatio venialium tantum affici¬
362 1996 966 2031 hominem praua consuetudine quod incidit in conten¬
368 2023 962 2060 ptum in hoc quod in corde suo deliberat vel delibera
368 2053 969 2088 te firmat quod istud non dimitteret etiam si sciret dire¬
372 2082 958 2118 cte istud este contra preceptum dei ideo dicit ma
360 2113 970 2154 quod frequentatio damnat quandoque scilicet dispositiue hec
1001 254 1600 305 ille. ⁋ Ad secundum dicitur per idem quod dispositiue
1000 302 1593 336 generat quia frequentatio ex deliberatione dispo
1000 326 1594 359 nit ad contemptum nisi per actum contrarium cauea
1000 355 1602 388 tur scilicet quod homo sepe in voluntate sentiat se paratum
1004 384 1601 417 ad dimittendum si preciperetur. ⁋ Ad tertium di¬
998 416 1605 448 cendum est quod dictum augu. habet intelligi. si pla¬
1005 443 1595 475 cet per se loquendo et ad illud quod sequitur ad pro¬
1004 467 1598 502 positum multa ex deliberatione procedunt que nisi
1003 498 1600 529 sepius iteratus potest intelligi sicut prima et secunda
1002 519 1609 562 supradicte. Aliter posset dici quod quedam semel fa¬
1003 551 1597 587 cta ex deliberatione venialia erant quia nescieba
1001 581 1603 613 tur malum quod faciunt vel ad quod impellunt vt
1002 611 1599 644 semel bibere vinum in excessu tali ex quo sequitur
999 640 1602 671 alienatio sensus vel pena imposita que vocatur ebrie
1003 665 1589 700 tas credo quod veniale esset inexperto sicut in noe. S
996 693 1605 730 postquam homo esset plene experius malum naturali
1005 721 1605 757 ter sequens. Dico quod ex deliberatione hoc facere
1000 751 1605 788 mortale esset et multo fortius ex consuetudine fa¬
1003 779 1598 812 cere hoc maxime experto quot mala ebrum faciunt
1003 807 1594 842 vt verberationes homicidia iuramenta. Idem di
998 834 1599 865 co de ludo per quem homo expertus est communiter
997 862 1601 900 incidere in iram et odium et melencolliam. ⁋ Ad
1000 890 1612 927 quartum de ebrietate continua respondetur per
999 922 1612 953 idem. Nota tamen quod in glosa distinguitur de tri¬
1003 948 1612 983 pliciebrietate. Ebrietas inquit quandoque est men
998 974 1605 1009 tis obligatio et hec est pena et non aliquod pec¬
1000 1007 1601 1036 catum vt patet .17. q. p. Sane quandoque dicitur stu
996 1033 1602 1063 dium ad inebriandum se et hoc est mortale pecca¬
1000 1061 1597 1092 tum vt patet 173. q. p. ante omnia quandoque dicitur
996 1088 1601 1119 actus frequens bibendi et istud est veniale hec ibi.
1008 1117 1599 1152 ⁋ Ad quintum ma. non dicit se hoc putare sed hoc
1004 1146 1603 1180 putari posse. Credo tamen quod obligatus voto ad non
1002 1173 1603 1207 mentiendum aduertentur sic peccaret mentiendo vel si sci
1005 1201 1604 1231 ret proximos de suo iocoso mendatio scandaliza¬
1002 1232 1596 1266 ri et tamen nollet dimittere. ⁋ Ad sextum neganda est
1000 1259 1595 1292 consequentia quia tunc primo peccat mortaliter cum attendere
1000 1289 1599 1322 tenetur vel attendere nobiliter ex ablatione graui
1003 1315 1592 1349 tunc auferendi simul cum praecedentium oblationibus proximum
1003 1341 1591 1376 damnificare et hoc non obstante non vult dimittere
1001 1371 1612 1405 quin adhuc grana tollat. ⁋ Ad secundum articu¬
1001 1400 1597 1436 lum respondet syrensis in quadam disputatione per
1002 1428 1597 1459 tres conclusiones. Prima est quod motus insensua¬
1007 1458 1598 1491 litatis improprie dictus id est qui non plene distigui¬
998 1482 1601 1518 tura libero actu pro eo quoduis tenetur et inter¬
998 1510 1598 1549 pretatiue saltem libere retinetur talis inquantum mo
1007 1542 1601 1572 tus improprie peccatum vocando proprie dictum
998 1574 1593 1608 peccatum actum reprobandum liberum cui debe
1002 1601 1598 1635 tur pena temporalis vel eterna per hanc vitam ni
1001 1630 1603 1663 si satiffaciat et hec conclusio patet per augu 12 de
1003 1656 1593 1688 tri. ca. 24. et.25. et ma. ponit li. 2 di. 20. ca. quinto et
1002 1683 1595 1718 sexto. Secunda conclusio sua quod motus sensualita
997 1718 1597 1748 tis proprie dictus id est qui non est liber vere vel in¬
1002 1737 1597 1777 terpretatiue non est peccatum proprie dictum quia
1000 1772 1601 1807 peccatum omne proprie dictum est liberum per au
1002 1804 1600 1834 gustinum. 3 de libero arbitrio et in multis aliis lo
1002 1832 1604 1865 cis. Tertia conclusio sua quod motus sensualitatis pro¬
1000 1856 1595 1892 prie dictus est peccatum improprie dictum id e. pro
1000 1883 1597 1916 quo non debetur pena sensus aliqua sed est actus
997 1912 1603 1946 reprobandus vel viciosus contra primam institu¬
1006 1941 1595 1976 tionem hominis et vniformiter loquendo est pec¬
1005 1971 1599 2004 catum veniale in renatis et sic intelliguntur mul¬
998 1999 1594 2030 te auctoritates sanctorum dicentes quod motus sen¬
1002 2026 1591 2062 sualitatis proprie dictus est non tantum pena sed
1002 2055 1595 2089 etiam culpa et isto modo secundum ma. li. 2 omnis tem
1002 2081 1586 2114 tatio carnis est peccatum. s communiter dictum vel proprie
996 2110 1595 2160 se cum libera est vel improprie cum non est libera aliquomodo
