1779 2500
946 262 1550 324 et condemnatis ab ecclesia. Sed hoc non sufficitur quia
329 268 939 328 salutis propter plenum de siderium quod habet ad credendum et
331 321 927 361 posset esse quod ipse plus meretur ex ista voluntate cre¬
330 347 923 388 dendi et displicentia rebellionis ad contrarium quam
327 379 926 416 inuite sustinet quam vnus alius qui huiusmodi tentatione non
331 406 924 443 vexatur sed quiete credit. Ad tertium patet ex dictis
333 431 926 468 quod vt communiter posito actu exteriori actus interior
328 459 931 492 fit intensior vel multiplicabilior in bonitate vel
332 488 918 521 malitia. Ad quartum dicendum quod opera sacramenta
332 514 928 555 lia non faciunt ex vi meriti personalis illius qui baptisa
331 546 919 586 tur sed virtute operis operati valent. Ad quintum prius
337 572 928 610 responsum est. Ad sextum concedo quod quis per fidem meretur
336 598 925 640 quatinus e st operatio voluntaria quia secundum augustinus intra¬
340 627 927 663 re ecclesiam quis potest nolens sed credere non nisi volens
334 654 930 696 ⁋ Ad septimum et octauum satis patet veruntam est ad se
338 685 924 726 ptima respondent aliquis et bene quod Christi passio requirebat
332 711 925 755 per modum precii non meriti quia ianua aperiebatur quia
339 744 924 781 precium soluebatur. Ad nonum negatur antecedens nisi intelligi
340 767 927 807 tur de pena miserie non tamen de pena recompensativa
332 799 930 838 post hanc vitam nec plus potest haberi de auctoritate
331 824 929 862 augustini qua arguitur antecedens ad quam supra respondi
332 852 900 898 soluendo primum argumentum contra positionem.
472 885 930 947 Trum aliqua pena in¬
432 923 928 977 fernalis potest esse insensibilis damnato
429 964 927 1002 qUidetur quod sic quia quolibet actu quia est pe¬
411 983 929 1036 catum mortale posset esse eiusdem specie
338 1019 929 1057 in dupio remissior igitur et pena infernalis corre
341 1051 926 1098 spondens poterit esse in duplo remissior et per consequens
340 1076 925 1113 sic diuidendo tandem poterit deueniri ad penam infer
341 1110 926 1142 nalem insensibilem. Item 13. q. 2 tempons recitatur illuo
340 1131 931 1175 augustinus in ench. et ponitur li. 4 di. 45 cap. 2 est quidam
339 1163 933 1203 viuendi modus nec tam bonus vt non requirat ista
333 1190 931 1231 post mortem scilicet suffragia etc. et quibusdam interpositis.
340 1216 936 1256 Cum igitur sacrificia siue altaris siue quaruncumque rerum
338 1248 933 1288 pro baptisatis omnibus offeruntur pro valde bonis gra
338 1273 936 1317 tiarum actiones sunt pro non valde malis propiciationes
340 1302 930 1338 et pro valde malis etiam si nulla sint adiumenta mor
341 1334 937 1372 tuorum tamen qualescunque viuorum consolationes sunt
340 1362 933 1395 quibus vero prosunt vel ad hoc prosunt vt sit plena re¬
343 1386 938 1423 missio vel certe vt tollerabilior fiat eoru damnatio
345 1417 936 1453 super quod dicit. Apparatus sic. Hic augustinus distinguit
346 1442 932 1481 quattuor genera hominim valde bonos valde malos
345 1476 930 1507 mediocriter bonos mediocriter malos suffragis
343 1506 940 1534 non prosunt defunctis valde bonis nec valde ma¬
353 1533 941 1567 lis mediocriter vero boeotois nec valde malis medio¬
353 1557 941 1594 criter vero bonis vt citius liberentur ab igne pur
356 1589 938 1625 gatorii mediocriter malis prosunt ad hoc vt minus
349 1611 936 1655 puniantur nunquam tamen liberabuntur et hoc etiam patet in
351 1643 948 1679 oratione vbi oramus specialiter pro illis qui decesserunt
351 1665 938 1704 cum mortali dum modo non sint summe mali hec ille. Et
357 1695 948 1735 si dicis si pena illorum potest minui pari ratione potest
351 1722 947 1761 totaliter tolli. Respondet ibidem negando consequentiam quia
351 1755 948 1790 si per aliquam elemosinam tollitur aliqua pars pene s
347 1782 947 1817 quarta non oportet quod secunda elemosina equalis tollat
352 1812 942 1845 tantam partem in quantitate sed in proportione et sic
347 1842 946 1878 semper remanet aliquid oe pena et ponit exemplum de
350 1872 941 1902 indulgentiis et eandem sententiam finaliter tam quo ad
354 1896 947 1934 propositum quam quo ad indulgentias tenet glosa extra
349 1928 944 1957 de celebratione missarum. Cum marthe. Sed ista re¬
353 1954 948 1987 sponsio non vitaret nisi tandem veniretur ad penam insen¬
354 1978 943 2017 sibilem Ista responsio fundatur in falso quia eadem causa. s. s
353 2009 945 2042 13 qua scilicet pro obeuntibus dicitur quod congruit quod sacerdos
359 2035 952 2074 pro catherisatis mortuis faciat memoriam et inten
361 2064 949 2101 dat non tamen pro impins quamuis Christiant fuerunt aliqud
358 2091 945 2129 agere tale licebit. Set hic leuiter diceretur quod loquitur
349 2121 952 2166 de impiis morientibus in excommunicatione vel precisis
960 318 1555 349 ibi inquiritur pro quibus licitum est orare hic autem in¬
959 340 1550 378 quiritur an valeat ipsis mortuis si pro ipsis oretur quod non
964 371 1552 406 valeat ipsis ex priori cap. tempus potest argui primo per
956 395 1553 432 augustinus dicetem quod aliquis eit tam malus nec his valeat
960 425 1552 461 cum hic a vita transierit adiuuari tamen quia dicit ibidemque
955 451 1559 490 pro valde malis non sunt adiumenta mortuorum sed vi¬
962 480 1550 515 uorum consolationis. Sed hic leuiter diceretur quod
956 513 1554 545 augustinus non loquitur ibi de omnibus damnatis sed de pessimis
966 535 1551 574 ymo nec de eisdem loquitur absolute sed conditionater
960 565 1559 601 inquiens si nulla sunt adiumenta mortuorum Tu etiam
966 594 1555 630 quia non loquitur ibi de specialibus suffragus sed de fa¬
969 617 1560 657 ctis in communi pro defunctis omnibus dicens cum sacrificia al
967 647 1561 684 taris siue quaruncumque elemosinarum pro omnibus baptisa¬
968 673 1561 711 tis offerantur. Tum etiam quia augustinus ibide dicit quibus autem
965 704 1559 743 prosunt ad hoc prosunt vt plana sit remissio aut tolle¬
969 732 1554 767 rabilior sit eorum damnatio igitur damnatis prosunt suffra
968 762 1558 798 gia Item dicit augu. secundum antisiodorum quod pena arrii
973 792 1563 822 incerta est quia incertum est quot per doctrinam etus sunt
967 819 1560 852 subuertendi. Si vero augetur pena eius qui male docuit
966 844 1554 879 cum homines corrumpuntur per eius prauam doctrinam multo
965 874 1561 910 fortius diminuitur pena alicuius damnnati cum per eius do¬
967 898 1562 939 ctrinam bonam edificantur homines deus enim pronior est ad
962 932 1563 966 miserendum quam ad damnandum Probatur grego. eripuit
966 959 1566 992 traianum de foribus inferni et si ad preces vnius sancti
968 985 1568 1020 liberatus est aliquis totaliter a penis inferni multofor
965 1019 1559 1049 tius ad praeces totius ecclesie liberatur quis a parte pene
963 1046 1558 1078 sue probatur suffragia facta pro illis qui sunt in purgatorio
963 1069 1560 1105 impetrant accelerationem generalie quare igitur non eis qui
963 1098 1557 1134 sunt in inferno valerent ad mitigationem pene nul¬
966 1127 1561 1162 lum bonum irremunerandum. Sed iste damnatus mor¬
960 1158 1566 1192 taliter totam vitam suam vsque ad horam vltimam in qua pec
964 1182 1568 1217 cauit bene vixit et multa bona fecit pro quibus non est
964 1212 1560 1244 remuneratus in presenti igitur remunerabitur in
961 1243 1567 1272 futuro et non in generalia igitur in mitigatione pene de¬
965 1267 1563 1301 bite sue culpe vnde etiam secundum ma. et doctores opera
967 1296 1565 1333 facta extra charitatem valent ad minonem penam post
964 1322 1569 1361 mortem probatur prepositus qui tenet hanc viam dicit quod in
972 1353 1559 1387 vita sancti bradani continetur quod vidit quendam inceden¬
967 1379 1566 1417 tem per prata etetc. et cum queritur quare non esset in
970 1408 1558 1443 inferno. Respondet quod ad tempus habuit refrigerium
968 1438 1562 1476 propter bona quae fecit in vita sua. Contra conclusionem vi
972 1468 1562 1498 detur esse iob in inferno nulla est redemptio. Item
969 1495 1558 1528 ma. li. 4 di. 12. cap 2 vbi prius et est glosa augu
968 1527 1563 1559 super illo primo teste. quarto nolumus vos ignorare
974 1551 1568 1584 et .c. dicit non est ambiguum ista prodesse defunctis. Set
972 1578 1575 1613 in talibus qui vixerunt ita ante mortem vt possint eis hec
981 1607 1575 1641 vtilia esse post mortem nam qui sine fide operantem per dile
981 1636 1562 1669 ctionem eiusque sacramentis ve corpre exierunt frustra
972 1664 1569 1697 illis a suis huiusmodi pietatis officia impedimur cuius
980 1689 1571 1724 dum esset pignore caruerunt non minam sibi thesaurisam
980 1719 1570 1753 tes sed iram. Dicit augustinus vt allegat antistes. Si sciren
976 1748 1568 1786 patrem meum damnatum nullo modo orarem pro ipso sicut
983 1778 1572 1809 nec pro dyabolo probatur si ecclesia esset certa de aliquo
985 1803 1576 1834 viatore quod damnaretur non oraret pro ipso igitur multo
980 1831 1569 1863 fortius non oraret pro aliquo damnato scito esse
982 1861 1572 1900 huiusmodi assumptum patet per augu 12 de ciuitate dei
978 1891 1570 1924 cap. 23 vbi. dicit demum si de aliquibus certa esset
988 1916 1569 1952 ecclesia vt qui sunt illi qui licet adhuc in hac vita consti
981 1946 1574 1977 tuti prodestinati tamen sunt ineternum ire ignem cum dya
985 1975 1574 2010 bolo tam pro eis oraret quam nec pro seiso probatur suffra
984 2003 1576 2038 gia non prosunt beatis igitur nec damnatis igitur
984 2032 1581 2063 consequentia tenet quia non minus meruissent beati vt per
986 2061 1576 2092 talia cresceret eorum generalia quam illi vt minueretur eis
982 2088 1573 2127 pena Antecedens patet per augustinus vt recitat ma. vbi prius
976 2115 1578 2161 et est super epistolam ad hebreos 12 Iniuria est pro
