1820 2500
256 188 867 247 anime christi data immediate de illa morte certi¬
260 231 860 276 tudinaliter cognita minime non tristari vel non
264 260 862 296 eam odire odio quod non esset horror mortis. Quar¬
263 285 864 330 tum dubium vtrum fruitio sit actio partialiter ab
256 314 864 357 anima vel totaliter a deo. ⁋ Respondetur quod est par¬
263 346 855 388 tialiter a deo et eodem modo delectatio beatifica
263 369 859 416 vnde patet quod delectatio beatifica immediate est ab
258 403 860 440 obiecto delectabili secus autem est de aliis dele¬
260 429 854 470 ctationibus aliorum obiectorum vt patet ex dictis
267 457 858 503 ⁋ Quintum dubium vtrum delectatio beatifica
259 486 859 526 sit actus reflexus Et dicendum est quod si hoc est pos
251 513 857 555 sibile non oportet tamen ita esse et quando sic est
250 545 852 588 adhuc ipsa non est delectatio beatifica ex hoc quod ha
254 570 848 618 bet aliquid aliud a deo pro obiecto. Contra proba
249 600 850 644 tur quod delectatio beatifica non sit actus rectus sed
253 631 845 675 reflexus habens rectum pro obiecto quia omnis
244 654 842 701 amor concupiscentie qui est delectatio et non de
247 683 846 729 siderium fertur immediate super habitionem rei
240 718 849 755 et non super rem concupitam vel amatam amore
239 741 845 784 amicitie visum enim non est immediatum obiectum
240 769 843 814 amoris concupiscentie que est delectatio sed visus
245 799 849 839 qui est actus rectus sed delectatio fruitiua est amor
242 828 850 869 concupiscentie cum sit delectatio proueniens ex di
238 853 842 902 uina habitione que habitio est aliquis actus quo
241 881 837 928 habetur deus puta visio beatifica vel dilectio dei
234 915 837 955 igitur. Preterea delectatio fruitiua succedit de¬
234 939 846 987 siderio sed desiderium est habitionis diuine respe
239 968 835 1008 etu. non respectu dei absolute non enim desidera¬
237 998 845 1042 mus deum sed habere deum vel videre ipsum igi
239 1024 841 1070 tur nec fruitio est delectatio de deo sed de visione
237 1054 841 1099 dei. Item obiectum dilectionis fruitiue est aliqua
243 1083 837 1123 perfectio nostra nobis formaliter inherens cum
243 1109 833 1155 sit delectatio proueniens ex coniunctione conue¬
237 1142 834 1176 nientis cum conuenienti ita quod coniunctio et perfe¬
241 1167 834 1214 ctio qua perficitur potentia per sibi conueniens
239 1196 831 1241 videtur causare delectationem fruitiuam sed de¬
230 1218 831 1270 us non est perfectio formaliter nobis inherens nec
239 1251 833 1297 aliquid aliud est perfectio nostra vltimata quo
233 1284 831 1325 aliquis actus quo coniungimur immediate deo
236 1307 831 1354 igitur talis actus vnitiuus beatifice est obiccetum
231 1335 830 1381 fruitiue delectationis et non deus. Item amor omnis
229 1364 827 1405 desiderii aut delectationis habet pro tali obiecto
231 1392 835 1439 significabile per complexum significans aliquid
237 1426 830 1464 esse conueniens vel disconveniens sicut deum videri vel
230 1450 833 1490 manifestari vel huiusmodi et deus absolute sumptus non est
231 1478 837 1523 tale significabile per complexum igitur fruitio non
227 1508 834 1543 erit delectatio de deo sed de visione dei. Confirma¬
227 1535 837 1583 tur quia obiectum complexum gaudum beatifici pen
233 1563 835 1602 det ex circulatione perpetuationis diuine visio¬
231 1590 831 1637 nis et fruitionis igitur requirit creaturam pro partia¬
230 1617 833 1666 li obiecto. ⁋ Preterea desiderare aliquod bonum
222 1647 827 1688 deo esset omnino vacuum igitur talis delectatio
227 1677 826 1724 non videtur esse fruitio sed delectatio de hoc quod
229 1704 826 1747 aliquis habet deum per visionem vel dilectionem.
225 1734 823 1774 ⁋ Sed contrarium mihi videtur quod omnis amor per
226 1757 821 1808 fectissimus est amor amicitie respectu nobilissimi
223 1791 827 1832 obiecti sed delectatio beatifica est amor perfectis
220 1815 820 1866 simus quia fruitio vt patet ex conclusione principa
223 1843 819 1892 li igitur etc. vnde et beatus secundum leges amicitie et
225 1877 826 1914 virtutis magis gaudet de felicitate dei quam de pro¬
215 1906 816 1940 pria vnde augu. propter te solum beatus non pro¬
216 1934 822 1979 ter illam beatior supple essentialiter et absolute. ⁋ Se
221 1963 819 2006 cundo sicut habetur in littera per augustinum frui
216 1989 810 2031 est per amonem inherere alicui propter se igitur solum
214 2015 813 2064 ec. ⁋ Item res quibus fruendum est sunt pater et filius
214 2048 813 2103 etspiritus sanctus. Preterea actu visionis est vten
899 211 1492 263 dum ex littera igitur non fruendum. Item visio vel de
889 243 1488 286 lectatio posset esse nolita secundum rectam rationem
887 272 1487 317 lice si deus hoc praeciperet igitur etc. Preterea deside
886 300 1483 351 rium visionis istius non est fruitio vie igitur nec dele¬
889 334 1485 375 ctatio respectu illius est fruitio patrie quia idem est obie¬
887 360 1479 404 ctum in omnibus est obiectum vtriusque nam secundum augusti.
891 386 1486 429 14. de trinitate catulo vltimo fruitio vie etiam consistit in
895 419 1481 461 imore dei vsque ad contemptum sui. Item in via non tantum desi¬
888 443 1481 486 deramus videre deum sed diligimus deum absolute
893 477 1480 518 gitur non minus in patria non tantum delectabimur de
886 499 1479 546 visione dei sed de deo in se. Antecedens patet quia posito quod nun¬
888 526 1483 575 quam deus esset habendus aliter quam in via adhuc esset sun¬
881 560 1478 605 me diligendus et tunc non esset desiderandus haberi per
884 583 1478 630 visionem. ⁋ Ad primum in contrarium negatur minor
887 616 1477 661 licet enim talis delectatio sit proueniens ex diuina
879 640 1477 687 habitione causaliter partialiter non tamen ista habi¬
881 673 1482 715 tio est eius obiectum. Ex hoc vult quod vt patet ex dictis
886 699 1474 742 ponenda sit alia delectatio reflexa cuius ista ha¬
884 728 1482 774 bitio est obiectum tamen credo quod hoc non oporteat quia
883 755 1472 790 hic in via posset esse vnus actus dilectionis cuius
875 788 1472 828 obiectum principale est deus et obiectum secundarium
883 813 1475 853 proximus qui diligitur eodem actu propter deum sic etiam
877 847 1475 884 eiusdem actus delectationis beatifice recti et non
877 874 1473 914 reflexi obiectum principale est deus secundarium au
875 899 1470 946 tem est diuina habitio in qua delectatur beatus propter
875 926 1468 970 deum. Ad secundum dicitur quod delectatio concupiscentie
875 953 1469 1003 succedens desiderio habet idem pro obiecto quod ha
868 981 1466 1020 bet desiderium sed delectatio amicitie succedit amo¬
873 1015 1472 1057 ri absoluto dei in via et non desiderio nisi sic quod est
871 1039 1467 1085 post ipsui sic etiam succedit fidei. Ad tertium pa¬
873 1073 1464 1109 tet per idem Ad quartum patet similiteri et confir
868 1099 1464 1141 mationem eius et procedunt de delectatione concu
873 1128 1463 1170 piscentie quae succedit desiderio. Ad quintum dico quod
873 1153 1467 1192 non est vanum delectari in deo et complacere in deo et bo¬
871 1183 1462 1226 nis dei nisi apud illum qui non experitur vel non cre
865 1209 1459 1254 dit se debere complacere in aliquo nisi concupiscentur
867 1242 1456 1276 et non amicabiliter. Sextum dubium an tota beatitu¬
866 1266 1458 1310 do stet in vno actu qui simul sit dei visio dei fruitio
859 1298 1456 1338 et delectatio beatifica de deo. dicendum est quod si anima
866 1321 1467 1369 beati se habeat actiue ad aliquam partem sue bea
862 1352 1454 1394 titudinis essentialis tunc sunt ibi ad minus due
863 1381 1459 1427 partes distincte scilicet clara dei visio et dei frui¬
867 1413 1464 1454 tio vel gaudium secundum scilicet modum sustinendi
866 1437 1458 1479 conclusionem principalem. Utrum autem anima
861 1468 1457 1509 actiue se habeat respectu beatitudis sue tracta¬
863 1491 1450 1532 bitur in alia questione hic tamen est notandum si
858 1524 1454 1566 cut tangit quidam doctor et bene quod beatitudo mul
859 1550 1446 1591 tiplicitur sumitur vno modo pro obiecto beatifico et sic lo
859 1581 1451 1624 quitur boetius tertio de consolatione prosa decima
863 1610 1455 1653 probans deum esse summam beatitudinem. Tertio pro
862 1638 1453 1680 visione clara dei de quo Io 17 hec est vita eterna.
859 1661 1448 1708 Tertio pro actuali amore dei clare visi et sic loquitur
857 1694 1452 1738 augustinus in locis innumeris vocans fruitionem
861 1720 1448 1766 dei beatitudinem. Quarto pro dilectione vel gau¬
856 1747 1454 1794 dio quod oritur ex fruitione dei clare visi et sic lo
867 1778 1455 1826 iuitur augui in libello de vera innocentia propositione
858 1805 1447 1853 i6 90. cum decetu beatitudinem seu vitam beatam etiam gaudium.
855 1831 1447 1883 Quinto et magis proprie accipitur pro toto aggregato
856 1861 1446 1904 ex tribus predictis et omnibus pertinentious ad sta¬
849 1888 1447 1939 tum beati quae pertinentia enumerat anselmus de similitu
854 1919 1446 1964 dibus ca.lo 49. Et sicut sunt 7 a dotes pertinentes ad
848 1943 1449 1996 statum corporis scilicet pulchiitudo agilitas fortitudo
855 1974 1450 2023 libertas sanitas voluptas et longeuitas et 7 ad
848 2003 1444 2045 animam scilicet sapientia animus concordia honor po
851 2032 1476 2082 testas securitas et gaudium. Interque habes sapien
849 2060 1449 2120 tiam amicitiam et gaudium de quibus loquitur anselmus
