1784 2500
212 231 802 288 amorem nihil vltra beneficia iam collata tenere
214 281 805 316 tur nisi hoc de sue gratiosissime liberalitatis influ
216 309 798 343 entia proueniret. ⁋ Contra saltem si haberet tan
218 337 800 369 tum amorem ad deum et ad hoc sibi non teneret tunc
215 364 805 396 ipse teneretur mihi igitur si diligerem proximum
220 389 800 428 meum vel angelum aliquem ita perfecte quod si ipse non
214 422 804 453 esset et ego possem causare ipsum et si peccaret re
220 448 800 481 dimerem eum et beatificarem tunc cum ad talem
216 477 799 514 amorem sibi non tenear et voluntas reputetur pro
214 503 802 536 facto ipse tantum teneretur mihi quantum sicut si
212 530 806 571 hoc fecissem. falsitas probatur quia tunc licite pos¬
210 561 810 597 set me causatum diligere vel quasi ex tali causa quam
216 589 802 621 tum teneor deum diligere ex hoc quod me creauit et
218 613 808 646 beatificauit consequens est contra sanctos. vnde an¬
214 645 804 677 selmus in meditationibus domine quia fecisti me de
215 672 798 704 beo amore tuo me ipsum totum etc. et iterum pro re
212 699 804 735 demptione mea etc. et iter meipsum et plusquam me ip¬
218 727 804 761 sum pro deo promisso in beatitudinem obiectiuam.
215 756 801 790 ⁋ Et similiter beatus bernardus de diligendo deo
217 783 806 819 si me totum debeo pro me facto quid addam iam pro
216 812 802 844 refacto in primo opere me mihi dedit in secundo
208 841 798 872 me sibi reddidit datus igitur et redditus me pro
208 868 805 905 me debeo et bis debeo dicendum quod adhuc deus mi
211 895 804 942 hi non teneretur nisi ex sua gratia quia non tene¬
212 924 802 954 retur acceptare illam affectionem meam. ⁋ Un¬
214 953 804 984 de posito per impossibile quod a me ipso vel aliunde
212 983 806 1013 esset et a deo in nullo dependerem adhuc deus in
215 1007 798 1041 finite mihi esset amabilis et omnibus diligibili¬
213 1035 800 1068 bus diligibilior propter hoc quod ipse est in se infini
217 1064 805 1092 te bonus et sue bonitatis in alia a se diffusiuus et
218 1090 805 1124 igitur si nunquam diffunderet eam aliis adhuc non mi¬
208 1119 807 1153 nus esset diligibilis. diligere autem eum precise
210 1149 800 1184 propter beneficia amor est potius mercenarii quam
216 1177 809 1205 amici. ⁋ Ex hoc patet vlterius quod in illo casu posi¬
215 1203 800 1236 to oe proximo proximus si esset iuris sui et non al
218 1231 802 1263 terius deberet se totum mihi tanquam amico et be¬
215 1258 799 1293 nefactori sed non tanquam summe amabili. ⁋ Et ideo
212 1287 803 1318 deberet me diligere tamen incomparabiliter te¬
215 1315 799 1349 neretur mihi minus quam deo qui creauit eum nullo
219 1345 801 1376 ad hoc mouente nisi sua bonitate ego autem non
208 1369 804 1406 sic fecissem nisi aliquo mouente ad hoc et etiam
207 1399 799 1433 deus dedit pro me bonum infinitum redimendo
212 1426 804 1459 me et dabit bonum infinitum beatificando crea¬
217 1457 811 1485 tura autem non posset dare nisi quod posset dare nec
212 1483 803 1518 plus velle efficaciter et absolute conditionaliter
213 1513 807 1544 aut velle est longe minus diligibile. ⁋ Item pos¬
215 1535 809 1573 set dici quod antecedens illius conditionalis scilicet
216 1566 803 1602 quod aliunde non teneretur est impossibile et simili¬
215 1596 799 1628 ter me creare angelum etc. absque eo quod hoc sit mihi
214 1624 807 1659 collatum a deo est impossibile igitur non est mihi
214 1651 801 1687 mirum quodlibet inde sequi sed ad hoc quod vellem
214 1680 806 1710 creare angelum si deo placeret mihi dare hoc pos¬
215 1704 808 1739 se sufficit satis remissa dilectio nec ex hoc de iure
212 1732 804 1765 stricto mihi quicquam teneretur angelus. sed deo quam¬
214 1762 806 1793 uis iam ex dei dispositione inter amantes homi¬
215 1790 802 1822 nes sit gratitudo readamationis ordinata. ⁋ Octa
212 1820 801 1849 uum dubium tunc deus inequaliter merentes non
209 1847 804 1883 posset iuste premiare secundum plus et minus fal
216 1872 801 1911 sitas probatur posito quod plato plus mereatur quam
211 1900 802 1937 sortes tunc vterque premiabitur premio infinito se
218 1929 800 1966 cundum durationem accipio tunc premium plato
210 1959 797 1991 nis quod debet esse intensius durans per annum
216 1986 794 2021 de illo gaudere debet plato in aliquo gradu et li
212 2013 802 2048 cet sortes de suo premio non tantum debeat gau¬
212 2043 804 2096 dere pro vno anno tamen de hoc quod durabit per plu¬
837 240 1422 287 res annos scilicet per centum tantum habet gau
833 285 1420 316 dere. Et quia in multitudine infinita annorum non
830 313 1423 343 est pluries vnus annus quam in multitudine infinita
836 342 1423 376 centenariorum centum anni sequitur quod per equa
836 367 1420 400 litatem tantum gaudebit et premiabitur sortes
834 394 1423 430 sicut plato. ⁋ Respondetur quod licet tales equali¬
841 427 1427 461 ter debeant premiari secundum durationem non
836 452 1425 487 tamen secundum equalem gradum premii nec opor
833 480 1423 510 tet quod aliquis eorum intensius gaudeat de dura¬
838 508 1422 536 tione sui premii per annum quam per centum sed suf¬
830 535 1423 565 ficit gaudium alicuius certi gradus oe premio ha¬
830 561 1422 594 bendo per totam durationem infinitam. ⁋ Sed si
834 590 1426 627 fiat argumentum de gaudio rationabiliter haben
838 618 1422 651 do tunc quia tantum mihi placeret forte habere
837 650 1429 683 minus gaudium per maius tempus sicut maius
845 678 1420 707 per minus tempus facta debita correspondentia
839 702 1425 734 secundum hoc videtur rationabile quod assumi¬
843 734 1422 763 tur ⁋ Et tunc vltra dicitur quod in infinita duratio¬
831 760 1427 790 ne futura non totiens sunt centum anni quotiens
841 792 1422 825 vnus et in multitudine infinita annorum sunt plu
837 817 1427 849 res anniquam in multitudine infinita centenariorum
837 844 1423 876 sint centenarii. et quod in vna multitudine infinita sunt
841 874 1424 910 plures anni quam in alia si tamen totiens et quoti¬
839 903 1426 937 ens accipiantur proprie tunc non reperiuntur ni¬
837 925 1428 967 si in multitudine finita et tunc totiens essent ibi
837 957 1423 990 centum quotiens vnus vnde etiam conceditur quod
838 984 1425 1024 in continuo sunt plures partes quam in eius medie¬
839 1009 1425 1047 tate licet vtrobique sit infinita multitudo. ⁋ Et
835 1040 1423 1077 hec est sententia lynconiensis super librum poste¬
830 1064 1429 1102 riorum quia in multitudinibus infinitis est inue¬
838 1094 1427 1129 nire maiorem et minorem ymo et quasi omnes pro
839 1124 1425 1159 portiones numerales scilicet duplum quadruplum
839 1155 1427 1187 et sic in infinitum. ⁋ Nonum dubium si voluntas
840 1181 1427 1216 agit libere igitur potest efficacius et velocius agere et
835 1205 1429 1249 sic in infinitum. ⁋ Et si nulla sit resistentia potest age
839 1237 1421 1265 re subito in primo instanti quo agit ponatur igi¬
836 1263 1425 1303 tur quod ita sit et ex tunc intendat actum suum donec
834 1291 1426 1327 acquirat per successiuam augmentationem tan¬
839 1317 1424 1355 tum quantum produxit in primo instanti quia igitur
837 1344 1417 1381 in primo instanti in isto casu non potest post primum
833 1372 1424 1412 instans equale producere illi nisi in tempore quod
839 1403 1423 1434 producebatur in primo instanti igitur in infinitum
843 1429 1419 1466 fficacius aget vel intendet agere in primo instanti quam
833 1457 1432 1498 posi cum eadem sit proportio in velocitate vel effi
839 1487 1420 1519 catia actionum que est mensurarum. ⁋ Respon¬
839 1513 1414 1545 detur quod licet in ptante voluntatis sit actum suspende¬
838 1543 1425 1579 re vel continuare non tamen est in ptante eius sic libere con¬
833 1572 1420 1602 tinue intendere actum suum nisi alia causa concurrente
838 1597 1421 1633 scilicet quia vel perfectius cognoscit vel or obiectum ap
839 1627 1424 1664 paret melius. ⁋ Exemplum sol quando nubes sunt
839 1650 1420 1688 multum spisse illuminat medium in aliquo gra¬
839 1681 1424 1715 du in primo instanti si autem continue nubes rarefi¬
830 1710 1429 1747 ant continue intendit lumen et eque faciliter. tunc
839 1740 1420 1777 producit lumen perfectius sicut primo imperfe¬
835 1770 1428 1797 ctius ymo totum lumen quod causat in fine cau¬
838 1793 1430 1826 saret in principio si omnia vniformiter se habuis¬
835 1821 1420 1859 sent ita credo esse in proposito oe voluntate inten¬
831 1852 1427 1882 dente actum suum nisi quod libere potest cessare sol au¬
837 1880 1425 1910 tem non. ⁋ Unde in casu argumenti efficacius age
835 1904 1421 1942 ret voluntas primo postquam in principio quia factum
835 1933 1426 1972 in instanti in quolibet instanti temporis posterio
835 1964 1421 1998 ris conseruaret et continue plus adderet conseruare
839 1993 1419 2023 vero tante vertutis est sicut praemo producere ceteris
837 2018 1418 2052 paribus dato etiam quod voluntas nullo alio concur
839 2047 1431 2095 rente et aliter se habente. posset de se actum intem
