1771 2500
468 236 775 297 Eta est enim lex
450 283 768 327 ⁋ Ad am domine deus. Secundo
458 320 768 352 regum septimo. Mirari so
460 347 767 381 lent mundi sapientes et lu¬
459 377 767 407 cris tantum secularibus et commo
451 405 766 436 dis temponralibus ihiantes sacre
455 433 767 469 scripture deditos quos es
453 458 769 495 iudicant nescientes et fatuos
453 490 765 521 cur ita sollicite in hac scien
187 517 765 549 tia diuine legis cum fides sufficiat pro noticia ip¬
178 543 766 575 sorum iudicio inaniter occupant dies suos ex quo
188 575 768 607 per ipsum lucrari non potuerunt vt medici curan¬
182 603 771 637 do nec vt causidici placitando nec per sallaria pe
173 634 761 665 cunias colligendo sicut artiste grammatici et ope
175 658 767 695 rarii manuales nec pro obsequio causas consequen
175 689 767 720 do vt clerici curiales vt quidigitur. Ita karissimi de
182 710 766 748 theologis sapientia huius mundi quae est stulticia apud de
178 742 769 777 um iudicant sed dei sapientia aliter loquitur per psalmi¬
178 769 767 801 siam. ⁋ Deatus vir qui non abiit in consilio impior. sed in le¬
178 798 768 836 ge dni voluntas eius et in lege eius meditabitur die ac
180 833 762 865 nocte. Talis enim meditatio est sanctissima occupa
174 857 766 889 tio et tale studium valde meritoria operatio cum ad
176 885 764 922 hoc eligitur atque suscipitur vt deus feruentius diligatur
179 915 766 947 et amor proximi nutriatur et spes salutis augeatur
180 941 765 976 vt anima pascatur et crebris consolationibus spiritus repleat
184 970 773 1001 et spiritus angelici nobis studentibus et legentibus as¬
175 997 762 1034 sistant auxilia ferant et assistentes diuinis collodis
178 1030 772 1061 reficiantur et ex opposito demones confundantur que
180 1057 768 1090 multi probari possent testimoniis. ⁋ Si prolixitas
180 1087 768 1118 non obstaret ex quibus probatis satis pateret stu¬
176 1112 764 1147 dium sacre scripture esse meritorium et summe pro
173 1139 770 1171 ficuum inter omna studia et non esse superfiuum et i¬
173 1164 764 1205 ane. ⁋ Ista enim est lex adam domine deus lex diuine in
179 1199 766 1227 structionis lex humane eruditionis quia lex adam ce
180 1221 760 1261 lestis lex. ⁋ Adam terrestris de quibus prima coritum
178 1249 764 1289 xv. factus est primus adam in animam viuentem no
176 1279 771 1316 uissimus adam in spisum viuificantem primus deterra ter
177 1305 776 1344 renus. secundus de celo celestis. hec est vtriusque lex
179 1338 765 1368 quia lex domini immaculata conuertens animas testi¬
172 1364 765 1398 monium. d. fi. sa. prestans paruulis. ⁋ Ista ergo est
180 1395 765 1427 lex adam domine deus. ⁋ In quibus verbis sacre
176 1422 768 1456 scripture in generali et libri sententiarum in specia
177 1445 772 1483 li causam quadruplicem videtur annuere istud the
174 1479 772 1512 ma dum tangit obiectum effectum modum et fructum
191 1510 764 1540 effectum potentie obiectum noticie modum for
180 1535 767 1567 malem et fructum finalem effectum potentie in existem¬
181 1563 771 1595 tia designata. ⁋ Ista est obiectum noticie in subsi¬
174 1590 775 1622 stentia designata. ⁋ Adam modum formalem in le¬
171 1617 773 1652 gis qualitate lex et fructum finalem in dei bonitate
179 1648 765 1681 domine deus. ⁋ Ista enim est lex adam domine deus tangit
179 1672 767 1708 inquam primo effectum potentie in existentia designata
181 1706 779 1738 ⁋ Tum quia pronomen demonstratiuum notat singu¬
185 1733 769 1767 laritatem et actiones sunt singularium et circa singu¬
185 1760 769 1796 laria primo methaphisices. ⁋ Tum quia esse appetunt omnia
187 1789 775 1821 secuduo de anima et causa illius agunt quacunque agunt qua¬
180 1816 767 1851 tenus ipso semper et diuine essentie et diuino esse
182 1848 769 1885 participant secundum quod possunt et bene notatur
186 1876 769 1910 existentia singularis designata. Tum ratione ipsat
180 1903 773 1937 contemplantis. Tum ratione ipsam recitantis. tu
178 1933 766 1968 ratione ipsam inspirantis. tum ratione ipsam pro
185 1960 769 1998 mulgantis eius inspirator est deus. bar. ca. iil. hic est
178 1990 768 2023 deus noster et non estimabitur alius ad illum. hic ad
182 2017 779 2062 inuenit omnem viam discipline et ex hoc eius inuem
809 221 1406 277 tore et auctore principali ipsum desuper inspirantem qui
811 272 1399 300 dicit exo. i. ⁋ Ego sum qui sum et qui misit me ad vos
813 297 1396 329 ifallibilem et imperturbabilem continet veritatem
811 329 1394 358 et non est in illa sed est in ista est secunde corithios primo ca.
808 353 1396 386 Unde loquitur augustinus contra faustum sic inquit extat
811 384 1401 413 auctoritas scripturarum noui et veteris testamenti
807 411 1408 446 cui omnis fidelis et pius subseruiat intellectus ibi
809 438 1399 469 inquit nihil absurdum inuenitur ibi non licet dicere
809 469 1401 501 auctor huius rei non tenuit veritatem. sed aut codex
800 494 1405 528 mendosus est aut interpres errauit aut tu non intelligis
804 523 1401 557 ⁋ Et hugo disdasta ca. iil. eloquia diuina sola sunt aliter
808 553 1398 582 ena a falsitatis contagione. ⁋ So bene dicitur ecclesia. xxiiii.
802 578 1399 609 hec omnia liber vite et testametum altissimi et cognitio
811 608 1397 642 veritatis et hec ratio qui ipsum altissimus inspirauit
807 636 1401 666 eius promulgator erat legis lator Christus vel moyses
798 661 1396 694 et eius quilibet predicator eius compilator quae ad librum
802 691 1394 728 sententiarum extat ma. petrus qui sacram theologiam
804 721 1391 754 per infinita dispersam volumina ad certos redigens
804 750 1391 782 titulos prior sententias collegit et posterioribus viam
802 777 1401 807 dedit et eius recitator est omnis eius lector. Ex qui¬
808 804 1394 840 bus vnus est hic discipulus ille qui testimonium perhibet
805 832 1401 863 de his. i0. xxi. ⁋ Ista est enim lex Ad am domine deus secundo
811 860 1403 896 principaliter tangitur in themate modus formalis in
808 891 1403 925 legis qualitate. ⁋ Ista est enim lex Adam legis autem
805 913 1407 957 qualitas est mira formositas. Nam si est lex iusta est
811 948 1392 982 vel iusta. Unde augustinus de. li. arti. ca. primo lex mi¬
802 973 1395 1005 hi esse non videtur quae iusta non fuerit quinto autem ethi¬
809 1003 1397 1038 corum dicitur catul tertio preclarissima virtutum vi¬
808 1029 1401 1065 detur esse iusticia et neque hesperus neque lucifer tan
806 1060 1398 1091 admirabilis potest aut sacra scriptura in sententiis
806 1088 1409 1118 recollecta dici lex pro eo quod ligat et legitur a li¬
807 1115 1402 1150 gando lex nature a legando lex scripture a liberam
806 1149 1411 1180 do lex gratie a leuando lex glorie. Nam sacrascriptura
807 1171 1397 1201 est ignea lex. lex dicitur quia nos refrenando ligat ignea
805 1199 1394 1230 quia ad amorem creatoris inflamat vt dicit richardus
806 1227 1397 1263 super apo. li. secundo. vnde bar iiu. Hic est liber mandato
806 1259 1403 1292 rum dei et lex quae est ineternum omnes qui eam ad vitam qui au¬
802 1284 1394 1321 tem reliquunt eam ad mortem. ⁋ Tertio princi¬
803 1312 1405 1346 paliter huius noticie tangitur obiectum expressa
804 1345 1405 1375 subsistentia nominatim cum dicitur Ad am. Ista est enim
808 1369 1406 1405 lex Adam. lex diuine generationis lex huane procrea¬
807 1400 1401 1432 tionis lex diuine incarnationis lex humane restaura¬
809 1428 1403 1457 tionis nam verbi emanatio secundi adam ad librum
808 1455 1408 1487 spectat primum et congruit orienti hominis plasmatio
810 1484 1403 1515 et primi adam ad secundum et congruit occidenti verbi incar
807 1512 1401 1544 natio pertinet ad tertium et congruit austro hominis cura
801 1537 1397 1570 tio primi. ⁋ Adam pertinet ad quartum et congruit aqloni
808 1569 1399 1599 nam dicit papias quod adam in iiii. grecis iatis isumse. princi
806 1596 1399 1629 pia verbor grecor signat. ⁋ Anastole dyas arthos
807 1626 1401 1655 messembam id est orientis occidentis septentrionis et me¬
809 1649 1407 1684 ridionis quod alius grammaticus ita describit anatele
808 1679 1399 1707 dedit a disis. d. cotulit arthos a messembria in col¬
809 1705 1405 1741 lige fiet adam. ⁋ Sicut enim celum quantum ad
812 1738 1403 1773 primum super orientem semper emergit et oritur sic pater
805 1767 1401 1799 innascibilis natura semper pululans indesignenter
805 1793 1405 1829 gignit filium deum de deo lumen de lumine hoc lumen
809 1824 1406 1855 ideficiens ex patre semper nascitur tanquam splendor de
804 1850 1401 1885 gloria et candor de luce et ars de artifice et vetus
813 1878 1397 1909 de opifice paterne proles fecunditati ymago patris
810 1907 1399 1941 spiritus patris pater matre trinitatis nam Adam maximus
805 1930 1411 1973 ibi inter enathum versitus est iosue. ix id est dei filius qui¬
808 1965 1406 1994 est duobus antedictis maximus adam inter patrem
817 1988 1402 2025 ti scilicet gignitur et spirat mediat per originem sed plura
812 2020 1414 2066 liter loqi sicut notat enachim potentes tribiles ac
