1762 2500
357 213 949 271 robustos vt sic oe primo libro qui verbi ex patre eternam
356 264 950 295 originem prosequitur dici possit illud genesis quinto hic
356 291 936 322 est liber generationis adam. ⁋ Pro libris sequentibus
352 318 938 349 ista vice adaptare congruentias praetermitto. Quarto
354 347 938 384 principaliter tangitur fructus finalis huius noticie qui es¬
348 374 938 408 dei bonitas et finis finium vltimatus domine deus qui
361 399 941 437 iuxta quaeduplicem conditionem finalis beatitudis summe
355 427 944 465 est admirabilis summe delectabilis summe amabilis
353 457 935 494 et summe perdurabilis et quia sic admirabilis ideo afficiens
356 487 941 517 vt beatifice videatur quia sic amabilis quia sic aliciens vt
349 514 939 548 spontanee diligatur quia sic delectabilis Io reficiens ide
357 548 942 576 iuauitur hauriatur et quia sic perdurabilis ideo sufficiens
348 570 936 602 vt pehennitur teneatur et mathei cat.l. primo domine deus omnium
350 600 941 633 creator terribilis fortis iustus et misericors qui solius
353 625 946 662 es bonus solius rex solius prestans solus iustus ompes et
346 657 934 690 eternus qui. ⁋ Iesus Christus totius scripture sacre princi
351 682 943 716 pium atque finis esse dinoscitur ipsius igitur gratia directri¬
344 711 939 742 ce humiliter postulata quero circa principium libri
349 736 941 771 sententiarum. ⁋ Utrum studium sacre scripture sit meri
352 763 935 796 torium vite eterne quod non quia finis per se immediatus talis
345 790 939 828 studii est credere vel scire sed propter principium non
353 820 934 855 est meritorium quia non est in libera ptante nira credere
353 850 932 881 vel non credere nec propter secudum quia scientia infiati i
348 881 938 911 corintuem. viii. Contra per istud studium peruenitur ad sa¬
351 902 930 938 pientiam quae ducit ad vitam eternam igitur Antecedens patet ec. octa
351 934 932 965 uo quid habet amplius sapiens a stulto nisi vt pergat
345 959 938 995 illuc vbi est vita et cait.lo septimo comparans adinuicem
343 986 933 1025 sapientiam et diuitias dicit hoc habet amplius eruditio quod
347 1017 935 1049 vitam tribuunt possessori suo. Hic erunt tres articuli
349 1043 929 1077 ⁋Primo ponitur conclusio cum suis persuasionibus. Secundo mo
349 1073 934 1104 uentur dubia. ⁋ Et tertio respondetur ad ea. Conclusio
341 1103 932 1137 questio tamquam certa est concedenda: quia non est dubium quin
345 1125 937 1157 illud studium sit natum esse vel natum agere ad meri¬
345 1155 939 1186 tum illis qui ex caritate et propter finem debitum assu¬
344 1184 929 1220 munt illud probatur tale studium est operatio humana li
343 1208 931 1244 bera vt quilibet in se experitur: et perducit ad noticiam sci
344 1240 926 1275 entie diuinitus inspirate quae secundum apostoilium secunde thimo
341 1267 931 1298 ⁋ Tertio vtilis est ad docedum ad arguendum ad corri¬
343 1297 929 1328 piendum et erudiendum in iusticia vt perfectus sit homo dei
341 1326 937 1359 ad omne opus bonum instructus. Sed omne id quod
339 1352 933 1386 reddit hominem perfectum ad omne opus bonum hoc
339 1378 934 1418 iuuat et dirigit ad vitam eternam igitur. Item ad ro.
341 1406 930 1440 decimo quinto quacumque scripta sunt ad nostram doctri
337 1432 929 1476 nam scipta sunt scriptura sancta prouocat nos ad specie
335 1464 930 1502 vite eterne. ⁋ Item hieronymus in prologo biblie da¬
341 1490 927 1530 niel in fine sacratissime visionis ait iustos fulgere
337 1522 927 1556 quasi stellas et intelligentes id est doctos quaesi firmamen
339 1546 921 1586 tum. Item primi ad corinthem. secundo nos autem non spiritum
331 1571 917 1613 huius mundi accepimus sed spium qui est ex deo sciamus et
329 1604 929 1642 a deo donata sunt nobis quae et loquimur non indocti
332 1627 927 1664 humane sapientie verbis sed in doctrina spius vbi di¬
337 1662 928 1697 cit glosa quod sine hac scientia nemo beatus est. Item au
335 1688 923 1729 gustinus decimo quarto ca. secundo de trinitate super il¬
333 1714 919 1754 lud apostoli alium datur sermo scientie de qua inquit in volu¬
330 1745 923 1783 mine xii. disputaui non vtique quic quid sciri potest ab homine
335 1768 928 1813 i rebus hunanis vbi plurimum superuacue vanitatis et
329 1797 923 1840 noxie curiositati est huic scientie tribuendum sed illud tantum
333 1826 912 1868 mono quo fides saluberrima salubri via quae ad vera
331 1852 921 1895 batitudinem ducit gignitur nutritur defenditur et roboratur
327 1884 915 1924 sed ad hoc studere et laborare meritorium est. Preterea
331 1914 923 1954 ad hoc arguit gandensis in summo articulo quinto in
323 1943 921 1983 quastione. vtrum homin studendum sit vt sciat et tet quod sic quia vl
332 1966 921 2008 timus terminus vite hunane est noticia perfecta summi veri
324 1998 917 2049 ad quem terminum deueniri non potest nisi sciendo aliqua
978 228 1581 278 vera quae sunt ad ipsum tanquam via igitur siudendum erit ad
978 266 1580 310 hunc finem vt homo sciat et praecipue in theologia vbi
981 297 1583 341 inueniuntur talia vera que sunt via. consequentia tenet quia
977 327 1577 363 nemo veniet ad terminum nisi ambulet per medium.
975 354 1575 391 Et confirmat illud idem augu. xiii. de Ci. dicens. sine
980 376 1577 423 icientia nec virtutes ipse quibus recte viuitur deo
984 410 1574 450 onino possunt haberi per quas hec vita misera sic gu
977 435 1569 478 bernatur vt ad illam que vere beata est perueniatur eter
980 465 1579 509 na hec ille. Ex illo arguit in fine q. ipsum inquam stude
981 492 1574 532 re ordinata intensione est opus meritorium vite eterne
978 521 1573 562 quia nec fine scientia dirigi possunt etutum opera
972 550 1573 592 propter quod dicit Apostolus prime thimo. iium. attende
978 579 1578 618 tibi et doctrive. ideo monuit psalmista. gustate et vi
973 606 1565 649 dete etc. quia sicut scribit hugo libro didasta cap¬
972 630 1569 676 iiii. 10. diuina eloquia aptissime fauo comparantur
977 661 1556 705 que et propter simplicitatem sermonis arida ap
977 690 1575 735 parent et intus duicedine plena sunt. Ad id facit
980 718 1567 759 illud ysidori de summo bono libro primo cap. xix.
978 744 1576 780 Scriptura sacra pro vnius cuiusque doctoris variatur
972 773 1566 817 intelligentia sicut mamna quod ppso veteri pro singu
970 796 1569 845 lorum delectatione varium dabat saporem. Item hie¬
971 827 1564 870 ronymus in epistola ad paulinum totum inquit quod legi
977 857 1568 897 mus in scripturis diuinis nitet quidam et fulget in corti
970 887 1568 924 ce sed dulcedo est in medulla qui edere vult nucleum
970 908 1568 956 frangat nucem hec ille. sed ista fractio est per studium igitur
974 939 1561 985 Secundum argumentum est haberici gandensis qui concedit quod
974 966 1577 1013 homini studendum est vt sciat quod non est ver si ly vt dicit cau
975 994 1576 1040 sam finalem vltimatam quia taliter nec scientia nec vir
970 1023 1568 1068 tutes nec beatitudo appeti dicuntur quia me scire
974 1053 1569 1098 vel beatum esse est me aliqualiter esse vel me habere
968 1077 1563 1122 sed si finaliter appeto vltimate me aliqualiter esse vel
964 1106 1565 1154 habere cum hoc sit creatura quod non est faciendum. Sed si
968 1133 1550 1182 ly vt dicit finem quo bene conceditur sic etiam noticia per
964 1164 1567 1208 fecta summi veri etc. bene est finis quo humane vi¬
969 1192 1559 1239 te sed solius deus est finis vltimus igitur. Item secluso per yma
971 1221 1569 1263 ginationem omnim extriseco adhuc scientie et virtutes
966 1252 1561 1294 essent appetende tanquam perfectiones anime huma¬
967 1277 1562 1318 ne. Ideo etiam dicitur quod sint appetende propter se nec in
967 1305 1555 1350 eis est sistendum vt dicit magister libro primo di. prima. Item
960 1331 1559 1375 studere ad perceptionem cibi spiritualis anime est meri
967 1359 1561 1406 torium studiu sed ille est effectus sacre scripture igitur etc.
961 1390 1559 1432 minor patet per illud gregorii moratur super illud
960 1418 1557 1461 hob amittentes vocauerunt tres sorores suas vt co
960 1448 1556 1489 mederent et biberent cum eis scriptura enim sacra nobis
966 1474 1556 1511 cibus est aliquando potus. cibus namque est in locis obscuriori¬
967 1501 1555 1542 bus quia quasi exponendo frangitur et commedendo glutitur
963 1530 1561 1571 potus vero est in locis aptioribus quando ita sorbetur sicut inue
962 1562 1558 1600 nitur. Ad illud facit imprsmo prologo mora. smo dinus sicut
963 1585 1562 1630 misteriis prudentes exercet sic plerumque superficie sim
966 1615 1563 1656 plices refouet quia habet in publico vne paulos nutriat
961 1645 1559 1683 seruat in secreto vne mentes sublimiu in admiratione
958 1671 1552 1714 suspendat qui quidam quippe vt ita dixeri est fiuuius planus
953 1702 1559 1738 et altus in quae et agnus ambulet et elephas natet. Item in
956 1729 1551 1771 mensa scripture sicut dicit hugo de claustro anime po
953 1757 1554 1797 nuntur tria fercula caro agnina arietina et vaccina
953 1787 1557 1825 abel agnum arietem abraham iosue vaccam. In agno vt
961 1810 1551 1850 otest designatur simplicitas cordis inariete fortitudo
953 1845 1547 1877 opris in vacca lac praedicationis vt non sit in nobis simpli
953 1869 1547 1906 citas fine discretione nec discretio sine lacte doctri
954 1896 1544 1936 ne. Item grego. moralium. 22v. super illud iob brachium
952 1926 1543 1968 excelsum conteret oet sic verba dei quasi pigmenta quaedar
954 1951 1544 1986 sunt nostri adiutorii et sicut pigmentum quanto plus
953 1979 1548 2027 teritur tanto in poculum virtus eius augetur: ita di¬
952 2010 1562 2059 uina eloquia quo magis exponenda conterimus
