1781 2500
230 234 815 288 quod velle conditionaliter illa que non sunt mala in
226 280 820 321 se nisi quia prohibita non est peccatum sicut dctantum
227 309 813 346 est de filio respectu patris sed velle conditionali
223 334 814 372 ter malum de se est peccatum quedam enim vt dici
222 363 810 398 tur secundo ethicorum capitulo sexto confestim no
223 392 810 428 minata conuoluta sunt maliciis ⁋ Sed hec respon
224 417 809 459 sio non sufficit vt videtur quia tunc liceret sacer¬
223 447 815 486 doti conditionaliter velle habere vxorem. ⁋ Sed
219 472 815 519 hic potest dici quod talis peccaret quia missa manu
219 507 814 541 ad aratrum respicit retro quia obligauit se ad con
223 532 807 573 tinentiam et sic conditionaliter velle vxorem ducere est
223 563 815 600 quasi puipendem illud quod fecit ita quod si tale votum
217 590 810 631 continentie sue adhuc esset faciendum ipse nequa
223 616 811 657 quam hoc faceret stante huiusmodi conditionali vo
219 643 809 688 luntate et ita vult conditionaliter sibi illicitum
216 679 811 714 ex prius facto. ⁋ Sed contra quandiu perseuerat
222 703 812 747 quis in perfecta obedientia quo ad deum non vi
215 730 810 770 detur mortaliter peccare sed talia velle conditio¬
217 762 805 802 nalia respectu illicitorum stant cum perfecta obe
216 786 804 824 dientia quo ad deum igitur minor patet quia li¬
208 819 814 859 cet velle talia non esse illicita vel dolere de hoc
214 847 808 883 quod talia deo displicent sic deordinate velle non so
207 870 808 907 lum conditionaliter sed sine conditione tamen pri¬
212 903 806 936 me ea conditionaliter velle sub conditione non at
208 928 811 970 fectata deliberate non videtur illicitum igitur non
205 958 804 997 sunt peccata saltem mortalia quod concedo sed
208 988 802 1024 quin sint venialia non videtur mihi bene possibile
208 1015 804 1056 quando habentur inutiliter si tamen adiungatur
207 1044 806 1090 absoluta nolitio eorum propter deum Uerbi gra
214 1072 811 1116 tia vellem homo si esset licitum sed modo nolo quia
211 1100 808 1145 prohibitum a deo non solum non videretur esse
205 1131 801 1172 peccatum sed actus meritorius propter velle deo
211 1159 806 1194 placere et nolle illicitum perpetrare. ⁋ Aliter re
209 1186 799 1225 spondeo quod quedam velle conditionaliter libere
207 1217 804 1252 causata sunt valde meritoria puta cum quis pro
205 1243 794 1278 pter deum vellet iuuare inopem si haberet et ita
202 1273 792 1307 de similibus et quedam sunt valde demeritoria
198 1300 801 1339 sicut velle committere adulterium si esset opor¬
206 1326 794 1364 tunitas. Et quedam vana et inutilia sicut si ho¬
195 1352 794 1388 mo multum insisteret in illis que fieri ratio non
194 1381 794 1412 suadet nec dissuadet vt scilicet quid faceret si esset
200 1412 796 1451 rex vel papa etc. ⁋ Secus est de multis ad que ab
195 1436 798 1479 solute inclinamur secundum sensualitatem et per
202 1468 792 1506 appetitum intellectiuum secundum affectionem
198 1497 791 1536 naturalem vel commodi a quibus nos trahimus
196 1525 792 1563 propter deum quod tamen vellemus ea si essent
196 1554 787 1594 licita et talia velle ex tali causa prime conditio¬
196 1582 794 1624 naliter cum aliquo velle absoluto propter deum
192 1609 794 1644 non credo esse illicita quando causaliter occur¬
197 1640 793 1677 runt. Insistere tamen talibus per cogitationem
198 1665 789 1705 morosam vsque ad inflammationem vel alias de¬
198 1695 794 1727 ordinatas passiones est interpretatiue in eis
196 1724 788 1762 complacere et hoc est illicitum illis quibus exe¬
198 1750 782 1788 cutio operis est illicita hoc tamen non ex tali vo
194 1776 785 1819 litione conditionali quia illa circunscripta si quis
192 1805 790 1842 immoraretur talibus illecebris per solam cogi¬
188 1834 787 1874 tationem naturaliter insurgunt passiones non ha
190 1861 783 1902 bende. ⁋ Item dico quod optare per tales conditio¬
184 1888 786 1928 nes sub quibus talia sic volita deo non displice¬
183 1922 779 1958 rent et huiusmodi est deordinate grauiter velle
183 1948 786 1982 peccare nec talia sunt velle conditionalia sed de¬
189 1978 781 2018 sideria absoluta longe tamen minus est peccatum
186 2003 785 2039 quam quo quis absolute vellet illud quod conditio¬
184 2034 775 2073 naliter supponebatur prius velle. ⁋ Ad argumen
188 2059 782 2101 tum pro secunda parte dubii de inflam matione patet
182 2092 779 2139 ex dictis quia ibi est culpa non ratione conditio¬
850 245 1443 307 nalis volitionis sed propter permissionem illici
843 291 1443 335 tam vel potius procreationem vel incitationem tatur
847 320 1437 359 concupiscentie inslammantis per morosam ymagina
849 348 1442 388 tionem et prohibitum illi cui non licet opus illud
847 374 1436 420 ⁋ Ad argumentum principale dicendum quod in isto instam
853 408 1441 449 ti quo voluntas producit actum suum post delibe
845 434 1437 476 rationem libere producit illum. ⁋ Et ideo quando
847 463 1439 506 est et in eodem instanti prius natura quam causet ips
841 486 1436 531 posset non causare eum. ⁋ Ad philosophum dicitur quod ly ne
849 521 1436 562 cesse denotat necessitatem consequentie non conse
843 545 1440 584 quentis quia hec est necessaria sed aliquid ali¬
847 577 1436 614 quando est ipsum tunc est quando est. ⁋ Sed con¬
844 603 1436 647 tra hec etiam est necessaria si aliquando erit ipse
839 632 1438 674 tunc erit igitur non est differentia inter presentia
843 661 1442 702 et futura quo ad necessitatem vel contingentiam
838 686 1435 731 quam tamen differentiam philosophus ibidem intendit
839 712 1430 759 Aliter igitur dico quod intentio philosophi est quod posita qua
839 746 1435 783 uis entitate in aliquo instanti non est in potestate
836 775 1435 812 alicuius cause eam facere non esse in illo instan¬
842 801 1437 841 ti nisi per transitionem illius instantis vel desitio¬
847 828 1435 872 quia tunc esset possibile quod simul in eodem instan
840 856 1436 902 ti esset et non esset sed secus est de futuro quia non
842 884 1433 928 obstante quod antexpris erit in aliquo instanti tamen
845 911 1426 950 in potestate eius est quod ipse tunc non erit vnde po¬
837 939 1432 984 sito quod aliquid nunc sit non potest nunc non esse sed
841 971 1432 1012 posito quod aliquid erit cras possibile est quod non eritur
838 1003 1430 1041 cras sed hoc non est contra libertatem voluntati
839 1030 1434 1067 quia aristotel non dicit quod omne quod causat quam
835 1058 1435 1096 do causat necesse est tunc causare non enim est ne
833 1080 1428 1120 cessaria habitudo in omnibus inter rem que cau
832 1111 1433 1153 sat et causationem sicut est inter rem et ipsam esse
839 1137 1424 1179 sed contingens si est causa libera ⁋ Sed contra ista
830 1167 1431 1209 consequentia non est bona volitio que nunc actualiter
837 1199 1434 1230 causatur a voluntate est igitur voluntas nunc cau
827 1222 1426 1261 sat eam et antecedens iuxta modum predictum est
827 1251 1434 1289 necessarium igitur et consequens item recte sicut
832 1280 1435 1318 tu arguis de entitate posita in aliquo instanti sic
827 1307 1433 1346 ego arguam de hoc quod aliqua res causat in eode instam
830 1338 1430 1371 ti. ⁋ Propter ista argumenta dicit adam quod de vir
825 1365 1424 1404 tute sermonis non est concedendum quod causa potest
825 1393 1428 1426 nunc non causare si tamen de facto causet quia cau¬
825 1421 1423 1459 satione iam posita omne quod causat necessario
824 1452 1431 1490 causat cum hoc tamen stat quod posita natura ista sci
827 1476 1420 1513 licet voluntate que nata est in hoc instanti pone¬
825 1509 1429 1545 re hunc effectum cum omnibus requisitis praeuiis
824 1536 1423 1574 adhuc effectum in potestate voluntatis est non po¬
820 1560 1416 1604 nere hunc effectum in eodem instanti et ita stat quod
826 1590 1420 1630 in hoc instanti prius natura quam poneretur ista cau¬
819 1617 1423 1660 satio vel volitio posset voluntas non ponere eam
823 1645 1416 1683 licet si nunc ponatur non sit in eius potestate quod mo
818 1675 1414 1713 do non sit. ⁋ Et vltra dicit saluando libertatem vo
823 1702 1415 1743 luntatis pro instanti in quo causat actum per hoc
823 1731 1417 1769 quod prius natura quam causet eum posset libere ipsum
823 1763 1420 1799 non causare et per hoc saluari potest Christum meruisse in
826 1788 1417 1829 primo instanti et angelum potuisse peccare in primo
821 1817 1411 1852 istanti sui esse et similia vera multa que alia via sal
821 1847 1415 1883 uare non potest scilicet magistri huguelin et obram
821 1875 1414 1905 et aliorum dicentium quod libertas voluntatis non re¬
822 1899 1414 1941 spicit presens et preteritum sed futurum nec valet
822 1932 1413 1968 dicere ad magistrum. et hugelin sicut dicit quod hoc ve
819 1958 1409 1997 rum est sic quod libertas talis etc. que fit cum iu¬
816 1989 1408 2021 dicio rationis discursiuo non est nisi respectu futu
815 2017 1407 2050 ri contingentis quia in instanti terminante talem dis
815 2046 1407 2080 cursum prius natura quam causet est voluntas potens
820 2075 1409 2109 vtramque partem eligere alioquin incideretur in articu
818 2097 1419 2145 los multos parisiis etc. dicendum igitur circa predicta quod va
