1794 2500
384 202 981 251 est potentia contradictionis ex nono methaphisice.
392 242 985 277 ⁋ Item angelus potest se mouere localiter et si¬
388 270 978 306 militer anima separata vt patet ex creditis in theo.
391 297 975 331 et etiam grauitas separata vt patet in sacramento
389 327 973 360 altaris. ⁋ Item grauia et leuia mouentur a seipsi¬
389 357 995 393 vt patet nec valet dicere quod graue mouetur ratio o
389 385 982 419 ne forme et mouetur ratione materie et ita idem
384 412 976 441 secundum idem non mouet et mouetur quia mate¬
389 439 970 475 ria non potest poni ratio quare leue moueatur su
382 468 982 500 sum vel graue deorsum quam econtra magis quia ea¬
383 495 972 531 dem materia quae nunc est grauis postea potest esse
389 525 978 559 materia leuis et econtra et in istis plus est creden
389 552 975 586 dum theologis quam aristoteli. ⁋ Item augustinus in
381 581 972 616 multis locis libro de trinitate dicit quod intellectus
387 607 977 645 habens habitum scientie est memoria perfecta et
383 638 979 672 parens respectu noticie genite. ⁋ Contra omne
389 667 975 702 quod mouetur mouetur alio septimo phisicorum
390 692 978 730 ⁋ Item si aliquid moueret seipsum maxime esset
382 725 981 754 verum in animalibus falsitas probatur quia illa
388 750 974 785 diuiduntur in duo quorum vnum est per se mouetus et non
389 778 980 815 mouetur nisi per accidens et aliud per se motum
380 808 974 841 et non mouet nisi per accidens. probatur grauia et
385 831 979 869 leuia non mouentur a se vt patet. 6 phisicorum quia
379 862 982 899 hoc est proprium animatorum vt ibidem dicitur
382 892 972 925 igitur eadem ratione docens doceretur a seipso.
384 919 970 952 ⁋ Item. d metaphisice dicitur quod potentia actiua
382 950 982 979 est principium transmutationis et transmutandi
377 977 976 1011 alterum inquantum alterum igitur. ⁋ Ad primum
381 1004 974 1042 concedo quod omne quod mouetur mouetur ab alio
382 1033 969 1069 ad actum primum id est ad formam et quedam etiam mo
380 1059 970 1092 uentur ab alio ad actum sebet sicut quae mouentur ab extri
380 1086 970 1128 seco vt proiecta etc. ⁋ Tamen secundum theologiam
372 1122 978 1155 omne quod mouetur ab alio mouetur scilicet a deo qui
379 1147 969 1184 est immobilis et ita patet quomodo voluntas mo
379 1174 975 1211 uetur et actualiter a deo principaliter et cum hoc
381 1201 969 1239 etiam primo mouetur ab obiecto vel a cognitione
385 1231 969 1268 qui secundum aliquos comprincipiat actum liberum se
385 1258 969 1292 cundum alios solum dispositiue prerequiritur ad
374 1290 972 1324 actum liberum tamen voluntas dicitur mouere seipsam
385 1314 972 1350 quia supposito dei concursu et actione consueta ipsa
377 1342 972 1378 est agens prinepale in cuius potestate est talem
381 1372 982 1408 actum producere in se non obstantibus actionibus
378 1398 975 1437 aliorum agentium creatorum. ⁋ Ad secundum de mo¬
377 1425 970 1465 tione antmalium probabiliter nec ita vere quin po
377 1455 977 1492 tius virtus motiua mouere potest primo seipsam
377 1485 971 1518 prout melius notum est theologis de angelorum mo
377 1514 974 1548 tibus et anime separate de motu grauium et leui
379 1542 968 1577 um dicendum quod mouent seipsa licet non ad actum pri¬
376 1564 970 1607 mum ad quam mouentur a generante et etiam ad gra
380 1597 977 1635 uitatem et leuitatem que sequuntur formas substan¬
380 1621 977 1662 tiales concedendum est tamen secundo quod mouentur ab
377 1651 973 1684 aliquo actiue immediate scilicet a grauitate et leui¬
379 1679 966 1717 tate ille mouetut seipsas et mouentur etiam separa¬
377 1706 966 1746 ta a substantiis. ⁋ Item secundo concedcitur quod quando sunt ex
377 1734 968 1776 tra loca sua impedita non possunt a seipsis remo
376 1765 963 1805 uen impedimentum et ponere se in dispositione tali quod
381 1791 969 1832 moueant se ad loca sua nec etiam possunt sistere mo
374 1820 965 1861 tus suos antequam veniant ad loca sua nec mouere se
373 1851 968 1887 ad omnem differentiam potesnis vel ad multas et ista
365 1871 960 1913 possunt animalia igitur quo ad tales tres condi
367 1910 965 1940 tiones diit aristoteles quod grauia et leuia non mouetur
371 1933 959 1970 tur ex se sed hoc est proprium animatorum saltem
369 1964 964 2000 quorundam scilicetamma lium. ⁋ Item cum philosophus di
371 1992 958 2026 cit ibidem quod graue non diuiditur in partem per se mo
365 2021 965 2062 uentem et in partem per se motam sicut animal ⁋ Respon
362 2046 1001 2094 detur quod licet phsophus dicent quod grauitas non mouet se
1014 202 1605 257 ipsum nisi per accidens sicut nec anima in anima
1013 244 1612 285 li. ⁋ Dico tamen quod grauitas primo mouet seipsam
1008 276 1602 310 per concomitantia vero subiectum suum etc. ⁋ Ex his
1015 307 1609 339 patet quod homo voluntas intellectus et grauia etc.
1009 332 1605 371 mouentur a se et mouent se ad actus suos et cum
1013 356 1604 396 hoc stat quod mouerentur ab alio non solum intrinseco
1016 390 1606 426 vt patet in grauibus animalibus sed etiam ab ex
1015 413 1608 448 trinseco sicut voluntas moueretur a deo ad cogni¬
1009 441 1601 481 tionem et amonem etc. vt patet ex dictis ⁋ Ad illud
1012 471 1605 511 de docente quicquid sit de consequente negatur con
1017 497 1604 534 sequentia quia scientia est tamquam actus primus do¬
1013 530 1598 563 centis inquantum est docens sed nihil mouet seipsum
1010 553 1598 593 ad actum primum. ⁋ Ad vltimum dicitur quod illa
1008 584 1605 624 auctoritas intelligenda est oe potentia factiua cu
1007 612 1595 651 ius scilicet effectus reciptur in obiecto extrinseco
1015 637 1602 680 non de actiua communiter dicta. ⁋ Ad tertium prin
1017 668 1603 701 cipale dicitur quod voluntas in alia voluntate non po
1008 694 1599 739 test agere volitionem nisi per motum obiecti sed sup
1008 725 1595 759 plere efficaciam principium vitalis respectu alteri
1012 756 1599 796 us principium vitalis similis quomodo causat in se
1003 782 1595 819 actum vitalem non per modum obiecti sed per mo¬
1004 813 1602 847 dum intellectus et voluntatis et sensus non potest
1009 839 1599 876 nisi solus deus alioquin hoc posset voluntas face
1007 866 1599 904 re in alia voluntate illa non cognoscente quia co¬
1012 894 1600 933 gnitio non disponit eam ad receptionem volitionis
1008 921 1606 960 ab alio sed ad actionem sue volitionis. ⁋ Item tunc
1006 950 1604 986 si voluntas vna actiue comprincipiet sua beatitu¬
1008 978 1604 1012 dinem posset in alia voluntate consimilem be¬
1009 1005 1604 1044 atitudinem comprincipiare et per consequens
1009 1038 1604 1069 eam actiue beatificare consequens non est dan¬
1009 1061 1600 1094 dum. ⁋ Item angelus cadens potuisset alium ne¬
1009 1090 1600 1133 cessitasse ad odium dei et sic etiam a voluntas pos
1005 1116 1601 1157 set facere b. velle se non esse vel velle se esse summe mi¬
1008 1144 1605 1187 serum vel nolle se esse betatum quia hec omna a posset
1009 1176 1598 1216 velle de b. si igitur potest consimiles actus causa¬
1008 1205 1597 1245 re in b. sequitur propositum. maior igitur scoti con¬
1009 1233 1599 1269 cedit potest de actionibus transeuntibus cuiusmo
1009 1258 1595 1299 di sunt edificare calefacere etc. non autem de actio
1005 1289 1596 1325 nibus immanentibus cuiusmodi sunt visio intelle
1011 1314 1598 1347 ctio gaudium tristicia et huiusmodi quia nullum ens prin¬
1011 1344 1594 1379 cipiare potest per modum principum distincti contra
1004 1371 1600 1407 modum principiandi obiecti aliquem actum vitalem
1007 1398 1592 1435 in alio principio vitali nisi deus qui sipliciter omnem
1008 1429 1594 1467 efficientiam supplem potest et quicquid potest medi
1014 1454 1591 1494 ante causa secunda potest sine ea sicut articulus qui¬
1006 1482 1586 1522 dam parisi. docet. ⁋ Ad quartum dicitur quod non est in¬
1004 1512 1584 1552 conueniens concedere consequens de causa natura
1003 1536 1591 1577 li partiali concurrente tamen cum ea causa libera
1018 1564 1591 1608 Ad quintum dicitur negando consequentiam sed
1005 1592 1594 1636 bene sequitur quod ad crementum noticie vt in pluri¬
1005 1621 1600 1667 bus crescit amor ceteris paribus quamuis volun¬
1001 1650 1596 1691 tas libere possit sistere se quod non intensius amet et
1001 1680 1599 1730 ex hoc etiam patet quod nullus gradus amoris ascri
1006 1705 1291 1752 bi potest soli noticie etc.
1102 1738 1594 1817 TTrum bolintas possitus
1062 1789 1592 1840 U simul et subito producere actum voluntarium
998 1839 1594 1872 yyax et meritorie et libere dilectionis videtur
1000 1861 1595 1900 quam non quia tunc in momento temporis posset me
1000 1893 1588 1923 reri meritis equalibus infinitis in infinitis nistam
1002 1920 1598 1956 tibus eius cum non sit maior ratio oe vno quam de alio
1002 1946 1597 1985 ⁋ Contra principium actiuum in passo summe dispo
998 1971 1594 2005 sito in quo nulla est resistentia positis cum hoc om¬
996 2005 1593 2038 nibus causis potest causare effectum suum subito
1005 2029 1591 2065 sed voluntas est principium tale actiuum et cum hoc
991 2062 1577 2100 tale passiuum igitur circunscriptis impedum et no¬
