1792 2500
375 202 967 254 ⁋ Secunda conclusio retento casu possibili principali
373 250 957 282 hec continua non est vera sor. peccauit anedeo a. et tamen num
373 278 954 314 quam anenede a. vel in nullo instanti vel tempone anecede a. fuisset verum
373 307 958 339 dicere iste peccat et huius contradictionem diuersi
379 339 959 371 diuersi mode tenuerunt aliqui tenentes quod sor. pecca
377 361 956 395 uit et tamen in nullo instanti peccauit : peccauit tamen in ali
372 392 966 426 quo instanti⁋ Aliqui vero tenent quod in nullo instanti pec
370 424 958 453 cauit ancede a. nec etiam peccauit in aliquo instanti antncedeo
371 445 966 480 a. sed in toto ipse continuato ad a. sumendo ly totum
370 474 965 511 cathegoreumatice contra quos probatur conclusio
378 507 963 544 quia talis continue per istos vsque ad a fuit in gratia
371 530 965 566 supposito quod non habuit aliud peccatum mortale igi
371 558 964 593 tur non peccauit mortaliter anmede a. ⁋ Confirmatur si
371 587 971 620 anen a. peccauit ergo anen a. priuabatur gratia vel
372 615 965 651 igitur in aliquo instanti andeo a. vltimo habuit grati¬
378 646 968 681 am vel in aliquo instanti anme a. primo non habuit gra
371 675 963 709 tiam et vtroque modo per tempus interceptum inter
370 699 970 734 illud instans et a. caruit gratia igitur per illud ten¬
370 725 972 762 pus fuit in culpa et peccauit quia gratia non au¬
372 756 968 790 fertur nisi propter peccatum. ⁋ Probatur si sortes
380 784 972 817 fuit peccator in a. et etiam ante a. et cum suum pec
377 815 967 850 catum numquam fuerit interruptum sequitur quod ipse fue
375 841 965 874 rit peccator per aliquod certum tempos terminatum
380 870 974 903 ad a. deo notum et nature consequens est falsum se
382 900 967 931 cundum eos quia dato quocumque tempore andeo a. in
384 926 973 958 principio secunde medietatis illius sor. potuit im
377 955 970 990 plere preceptum consequentia patet quia omne quod
378 989 972 1019 nunc est aliquale et prius fuit tale sine interruptio¬
373 1011 972 1046 ne aliqua per tempus aliquod fuit tale ⁋ Confir
382 1040 970 1070 matur falsitas consequentis quia si sor. per taleten¬
382 1066 970 1105 pus continue peccauit mortaliter tunc in quolibet
383 1096 973 1129 istanti intriseco illius temporis si morentur damnaretur
378 1125 976 1160 tunc deus in puniendo praeueniret sententiam precepti
381 1149 974 1186 sui quod non est dandum ⁋ Probatur si hec non fuit vera
370 1178 969 1211 aneo a. sortes peccat tuc stante dicto casu si sor. mo
381 1210 971 1248 ritur in a. damnabitur qui tamen vsque ad a scilicet ad finem vi¬
378 1240 969 1272 te fuit gratus deo quod est inconueniens. ⁋ Alia
381 1264 975 1301 euasio quod sor anmeden a. peccauit vel gratiam perdidit
385 1294 967 1322 in nullo tamen instanti ante a. sed immediate ante a.
383 1321 975 1355 ita quod in quolibet instanti ante a. habuit gratiam et
377 1351 975 1383 etiam econtra gratia sua fuit in quolibet instanti ane
379 1377 973 1407 a. et tamen fine medio ante a. corrumpebatur gra¬
379 1405 979 1437 tia sor. ymaginatur quasi vnum medium inter om
384 1435 978 1467 nia instantia preteriti temporis continuati ad a. et
388 1460 975 1496 ipsum. a. ⁋ Contra vel igitur charitas talis cor¬
385 1493 971 1524 rumpebatur successiue ante a. quod non est dandum de
390 1515 986 1551 lege dei communi cum qua stat totus casus vel subi¬
383 1546 975 1579 to et si sic igitur in aliquo instanti ante a. et non in¬
383 1575 977 1605 mediato igitur mediato et per consequens per totum
386 1603 979 1635 tempus interceptum et in quolibet instanti illius tem
395 1636 977 1667 ioris fuisset fine gratia ante a. cuius oppositum
380 1657 981 1692 dicit dicta euasio. ⁋ Item si charitas sortis corrum
389 1686 980 1722 pebatur ante a. vel igitur sit quod habuit vltimum
387 1714 973 1750 sui esse vel primum sui non esse et vtroque modo in¬
383 1742 929 1778 ter illud et a. est tempus medium igitur etc.
399 1761 981 1806 Item tunc talis charitas desinebat esse ante a. vel
388 1801 981 1835 igitur sic quod tunc non fuit et immediate ante fuit vel
387 1828 972 1862 sic quia tunc erat et immediate post non fuit et vtro
384 1858 978 1890 que modo sequitur inconueniens Probatur totum
382 1883 974 1918 tempus in quo sortes fuit in gratia et totum tem
378 1912 970 1947 pus in quo fuit in culpa fuerunt immediata capiatur
388 1938 978 1976 igitur instans copulans ea vel hoc fuit a. vel a¬
379 1967 971 2003 liud ab a. si fuit a. non igitur ante a. corrumpebatur
382 1996 975 2032 eius gratia si aliud ab a. et non immediatum igitur
378 2030 974 2057 mediate precedens a. et per consequens per totum
378 2053 980 2101 medium interceptum corrupta fuisset gratia sortis
988 202 1590 260 probatur tunc pari ratione deus potuit fecisse an
1000 248 1583 285 gelum qui de fuisset ancede a. et tamen nec fuisset in a. nec in aliquam
998 280 1576 310 instanti ante a. sed in toto tempore continuato ad
990 307 1580 337 aister cathegorice sumendo ly totum quasi diceretur
994 332 1586 372 post omnia instantia ante a. et cum ante a. produ¬
1006 361 1590 396 catur igitur similiter vnum post a. et vnum in a. tunc
999 390 1583 425 habebimus tres angelos consequenter se habentes
1004 417 1587 452 et indiuisibiliter productos nullum cum alio quod
997 450 1591 482 est impossibile quia pari ratione posset produce¬
994 470 1586 510 re taliter mille et sic habebimus vnam durationem
1001 503 1593 533 compositam ex indiuisibilibus consequenter se ha¬
1002 528 1584 559 bentibus etiam productio tertii angeli erit imme¬
1002 559 1589 592 diata prime sicut secundus eo quod indiuisibilia non
1007 587 1589 624 angunt se partialiter sed totaliter ex sexto phisi
998 616 1591 646 corum igitur productio tertii angeli erit in a. et
1002 642 1591 674 tamen casus ponit quod non in a. sed immediate post
1005 670 1588 702 i. igitur etc. sexto si charitas sortis fuit in omni instanti
1006 700 1593 731 aenem a. et cum corrumpebatur ante a. et omne corru
1002 730 1595 763 ptum ante a. potest deus in a. reproducere posset
1004 758 1590 788 deus facere quod charitas aliqua puta b. fuerit in
1004 782 1589 819 omni instanti huius diei ante a. et cum hoc etiam in a.
1008 811 1588 843 et tamen quod simul in hac die fuerit corrupta ante a.
1008 839 1589 875 et pari ratione potest facere quod charitas que est in
1007 866 1597 907 i. corrupta sit fine medio post a. et cum sic reprodu
1008 896 1589 928 catur quod ipsa sit in omni instanti huius diei post a.
1010 922 1593 956 et sicut argutum. est respectu a. ita potest argui de omni
1006 954 1591 986 instanti intrinseco istius diei et tunc sequitur quod ista
1011 981 1591 1013 simul staret quod charitas b. esset in omni instanti huius
1008 1007 1594 1043 diei et tamen quod infinities corrumpentur in hoc die. ⁋ Ex
1009 1038 1593 1072 quo sequitur quod charitas b. esset in instanti quo¬
1004 1064 1601 1099 libet huius diei et tamen infinities non esset in hac
1003 1090 1597 1125 die et econverso b. quod in nullo instanti. b. charitas hu
1010 1119 1592 1153 us diei esset et tamen esset infinities in hac dic.
1014 1143 1605 1186 ⁋ Tertia conclusio quod sor. casu posito principali pec. Tertia con¬
1002 1176 1597 1210 cauit ante a. et per tempus aliquod et per infini
1006 1205 1598 1239 ta instantia illius temporis fuit sor peccator ante
1006 1237 1599 1266 ater certum enim est sor peccasse in a. vel ante. a. et pro
1004 1260 1592 1292 batum est pro conclusione prima quod non primo in a.
1008 1289 1592 1325 igitur ante a. et probatum est pro conclusione se
1009 1320 1592 1353 cunda quod non stant simul quod sortes peccauit ante. a. et
1004 1346 1597 1379 ta men quod in nullo instanti ante a. peccauit sequitur
1015 1372 1595 1410 gitur quod sor in aliquo instantiante. a. peccauit et cum
1001 1402 1587 1431 inter quodlibet instans ante a. et. a. fuerit tempus
1012 1427 1603 1467 medium in quo non emendauit se sor nec impleuit
1004 1458 1603 1493 preceptum sequitur propo situm. probatur sicut prae¬
1005 1486 1601 1523 us pro prima conclusione fuit argutum loco quinto
1004 1514 1601 1548 respondendo suppositum ex antissiodori sortes pec
1008 1543 1600 1576 cauit a principio vel in principio illius minimitem
1008 1571 1599 1605 poris eo quod tunc nec volens nec nolens inchoare in¬
1002 1600 1594 1635 pletionem precepti reddidit se impotentem ad im¬
1008 1625 1594 1663 plendum postea per predicta patet ad tres formas
1012 1654 1591 1698 principales in principio praesentis dubii propositas
1010 1682 1601 1716 scilicet ad primam secundam et quartam. ⁋ Ad
1009 1713 1596 1744 tertiam formam principalem et ad quintam que
1006 1738 1594 1771 est altisiodoren et ad omnes tales dicendum quod ta
1014 1770 1599 1800 is non faciens vel dimittens in a. vel ante agiste quod pro
1011 1794 1591 1827 tunc sibi precipitur faciendum vel dimittendum talis
1016 1824 1599 1859 peccat in a. vel ante a. et si fiat argumnu. de incipere
1008 1854 1597 1885 sicut fiebat tertia forma principalis hoc est diffi¬
1017 1882 1597 1912 ilius quia tunc talis nihil tenetur facere in a.
1013 1908 1597 1943 sed tantum incipem et incipere facere non semper est ali¬
1013 1938 1595 1972 quid facere ⁋ Huic respondet firuanfer in opere
1006 1965 1595 2002 correcto quod peccatum comissionis est actus aliquis
1002 1990 1605 2025 et ideo per illum actum aliquando dicitur peccans
1005 2024 1601 2055 actualiter peccare sed peccatum omissionis est pu
1003 2047 1600 2097 ra priuatio actionis que debermfierit ⁋ Et ideo non
