1794 2500
351 238 940 284 deo quod similiter sit apud deum peccanti et non peccanti.
357 275 939 311 Et no potest dici quod minus quia nulli expediret in vita
354 299 939 337 ista satiffacere pro peccatis suis quia quantuncumque si¬
361 335 938 369 bi parum decresceret de beatitudine ex hoc quod solum
360 363 937 396 redimeret penam temponalem purgatorii cum talis pars
354 386 944 426 generalie foret eterna perior esset carentia illius generalie quam susti
356 411 933 455 nere penam taxatam sibi in purgatorio et per consequens maa
358 442 938 478 expediret sibi facere hic huiusmodi opera bona non satis¬
355 469 936 509 faciendo per ea quam ad damnum sempiternum satisfacere
355 497 942 535 Sexto io. xvi. diitet hec est vita eterna vt cognoscant te
351 526 946 570 solum verum deum quare si conclusio foret bona se quaretur
356 557 944 597 quod sic studere esset meritorium diuine visionis vel co¬
357 581 937 621 gnitionis falsitas probatur quia tunc a creatura posset ha
358 615 937 649 beri visio infinite perfecta quod est impossibile consequentia proba
360 642 944 680 quia semper si cetera sint paria respectu obiecti perfectio
351 666 940 703 ris haberi potest ab intellectu creato visio perfectior
352 696 939 735 Confirmatur quia si haberetur aliqua cognitio qua infini
357 722 941 765 ta viderentur sic quod quodlibet istorum esset disticte isti
360 755 946 793 esset infinite perfectionis sed deus est obiectum infinitum
356 785 936 818 equalens vel excedens infinita obiecta talia si dar¬
351 807 946 846 tur igitur visio dei si daretur disticta esset infinite perfectio
356 841 946 875 ris praeterea vel mediante tali visione appareret deus bo
357 863 945 901 num finitum vel infinitum. si sinitum tunc aliud a deo pos
357 892 951 930 set apparere melius et diligibilius deo clare viso si
360 922 939 957 infinitum tunc ab intellectu creato deus esset compre
362 948 945 986 hensibilis quia si non vel hoc esset ex eo quod deus non potest
354 975 947 1015 ita clare cognosci ab intellectu creato quam clare ipse
364 1008 948 1042 cognoscibilis est et hoc non quia tunc pari ratione nul¬
359 1032 944 1071 la creatura esset ab intellectu creato comprehem sibilis
356 1063 943 1100 vel hoc est ex eo quia quaelibet creaturam quantumcumqu
361 1089 942 1131 clare deum videntem aliqud dei lateret quod est falsum
356 1122 944 1156 quia nec deitas nec persona etc. cum ibi sit summa sim
363 1147 945 1189 plicitas vel ex eo quod deus non potest apparere intellectur
365 1177 944 1210 creato tantus quantus est et tunc appareret intentum
364 1201 947 1241 iset quod appareret solum bonum finitum nec potest dari quar¬
361 1234 945 1272 tus modus non reducibilis ad aliquem praedictorum. Se
358 1260 946 1303 ptimo tunc beatifice frui deo posset esse praemiunm
367 1286 953 1330 pro tali studio sed hoc non quia sic frui non est possibile
360 1317 946 1357 creature eo quod hoc vel inferret gaudium infinitum qud
356 1340 954 1388 probatur quia de malo pene eterne est dolendum infini
362 1373 949 1410 te quia improporcionaliter plusquam de aliqua penaten¬
362 1402 947 1444 porali sed de nullo malo pene est rationabiliter plus
362 1433 942 1465 dolendum quam de dei beatifica fruitione sit gaudendum
360 1460 947 1499 Item deus clare visus plus delectat quam aliqua pena con
363 1486 951 1523 tristet. Ad primum istorum videtur prima facie conceden
362 1519 946 1553 dum quod sit dare maximam charitatem vie ad quam anima
359 1544 944 1584 possit pertingere et per consequens maximum premium in anima es
359 1570 955 1613 sentiale etiam receptibile secundum illud augui in enche.
361 1605 951 1637 ca. penultimo vbi dicit quod minuitur cupiditas cre¬
358 1629 948 1666 scente charitate donec veniat hec ad tatam magnitu
361 1657 948 1696 dinem qua maior esse non possit. Ad hoc etiam facit di¬
359 1688 940 1720 ctum magisteri de anima Christi libro ii. di. 2ii. cai. 1 et tunc cmni
364 1711 954 1752 sequenter videtur dicendum quod anima partigens ad talem summum
357 1746 954 1783 gradum gratrie et praemum postea nullum nouum premium nec
360 1770 948 1809 nouum gratie gradum mereretur sed per bona opera sequem
345 1798 945 1839 i tia mltiplicius mereretur idem quod prius et hoc consequen
345 1824 952 1861 tertenet ma. li. 1ii. di xviii. ca. il. de Christo. ⁋ Set otet tunc
344 1852 946 1890 creatura plus posset secundum legen dei ordinatam mereri quae
344 1881 954 1919 posset sibi retribui de potentia dei absoluta est tunc
344 1910 956 1950 plus posset mereri de pena quam sibi possit infligi secundum
345 1939 952 1980 proportionalem taxationem legis odinate a deo quia ci¬
345 1972 958 2004 tra condignum punit consequentia patet deducenti falsitas patet quia
344 1995 955 2033 est contra iudicium rationis et etiam quantuncumque post gra¬
345 2029 977 2075 dum summum aliquis grauiter peccaret non esset in dei
974 220 1580 280 ptante absoluta grauius eum punire et tunc peccata re¬
977 274 1574 305 manerent impunita et per consequens non ordinabilia praeterea
976 301 1572 337 peruento ad talem summum gradum opera sequentia
978 328 1564 365 procederent libere ex maiori charitate igitur maio
978 347 1576 388 ri praemio digna praeterea. Contra hanc responsionem videtur esse
979 379 1574 417 clementina de hereticis ad nim. d. quod quedam secta
974 413 1569 447 damnabiliter abhominabilis insurrexit tenens et asse¬
981 438 1567 474 rens doctrina sua sacrilega quod homo in praesenti vita tan¬
978 470 1567 506 tam ac talem perfectionis gratiam potest acquirere quod am plius
978 497 1567 534 proficere non valebit nam vt dicunt si quis posset profice
975 526 1573 559 re posset aliquis Christo perfectior inueniri. Et contra
980 550 1579 585 istorum beghardorum sententiam super illud. Capi
981 578 1575 614 tulum allegat Io andree illud augustinus contra poui.
981 611 1576 643 quod ponitur in decretis de pe. di. 11. caritas inquit
980 641 1577 671 augustinus in quibusdam perfecta in quibusdam impefecta per¬
983 667 1562 704 fectissima autem in hac vita haberi non potest. Etiam di
985 687 1578 725 cit quidam doctor inquirens an charitas viatoris pos
982 724 1573 756 sit equari charitati comprehensoris tenens quod non se¬
985 751 1573 783 cundum legen dei communem quia si vnus homo viueret per
983 778 1573 810 maximum tempus ordinatum secundum hanc legen merendo
983 802 1573 839 semper quantum posset secudum illam legen adhuc non per
986 836 1571 868 tingeret ad gradum charitatis patrie a multo er
980 859 1580 898 go fortiori habet ille dicere quod non petingeret ad maxi¬
987 887 1577 925 mum gradum in ipsius anima receptibilem e sed hoc non sufficit
983 922 1576 951 tumen quia ipse concedit et bene quod deus potest tandiu conseruare
984 949 1583 982 hominem in vita meritoria quod ille hoc haberet tantam chari¬
982 975 1574 1009 tatem sicut hoc habet in patria quamuis ex hoc non sequatur quod
986 1007 1575 1041 posset deum hic tantum amare sicut ibi amat petrus quia de
981 1026 1580 1062 esset sibi cognitio ita clara. ⁋ Et certe pari ratione
988 1058 1571 1094 dicam ego quod poterit hominem in vita meritoria conserua
984 1085 1566 1126 re donec pertigat ad charitatem finitam quantucum ple
987 1117 1574 1148 cuerit si hoc nun quam fuisset mortuus solutio ista non habret
988 1140 1572 1177 locum. ⁋ Tnmen si enoci et helyas sunt in statu merendi de
985 1169 1565 1206 illis non habet locum solutio sed procedit argumentum. ⁋ Al
992 1201 1582 1235 ter mihi videtur dicendum quod capacitas anime est finita et
980 1229 1579 1266 repleri potest de quauis forma in ea receptibili de
983 1254 1573 1290 cuius spire non est dare maximam possibilem proportionaliter
984 1290 1579 1320 in spreiualibus secundum intentionem sicut vas corporale re¬
992 1316 1590 1346 pleri potest liquate secundum extensionem. Et simul cum hoc quod si
992 1340 1581 1376 infinitum ho mereretur deus sibi sufficientius potest retribu
985 1367 1578 1406 ere proportionaiter sicut modo solet retribuere bona fa
981 1396 1577 1437 cta vnus modus hoc soluendi est iste quod in animaiam naturaliter
985 1425 1576 1461 repleta gratia deus per miraculum poterit ponere equalem
994 1457 1572 1489 priori si ipsa hoc meruerit et eodem modo tertiam quartam et
984 1480 1582 1521 hoc sine fine et proportionalitur in alia vita de praemio et pro
986 1513 1582 1548 cedit ista ymaginatio sicut oe pluribus corporibus in eo
983 1533 1584 1575 dem loco. Alius modus possibilis sine tali miraculo et
987 1567 1585 1603 subtilior esset priori quod in omni creatura ratioali respectu
989 1598 1566 1629 dei possunt recipi visiones et amores fruitiui diuer¬
983 1621 1577 1656 sarum sprirex non tot quin plurium quarum indiuiduum vnius
990 1647 1578 1688 ipsam totalitur replens in perfectione excedit indiuiduum al
987 1680 1576 1717 terius sprei inferioris qualitatis vel gradus in sua specie
988 1706 1584 1743 recte sicut denarius aureus excedit argenteum eiusdem
985 1736 1576 1779 quantitatis et sicut vinum excedit aquam i quantitate etc.
992 1765 1574 1804 Et proportionaliter dicitur de formis receptibilibus et a deo
990 1791 1578 1828 cabilibus in anima viatoris quarum qualibet poterit dici et
990 1818 1583 1859 esse charitas vel gratia. Ideo nec est dare perfectissimam
986 1850 1583 1887 charitatem receptibilem in aliqua anima viatrice nec beatitu
991 1875 1583 1911 dinem perfectissimam receptibilem in eadem. Et sicut non est
984 1907 1588 1944 spossibile multa accidentia diuersarum specierum se
985 1932 1584 1968 compati quorum quodlibet replet totum subiectum
987 1960 1579 2001 quo ad suam speciem sicut discus plenus lacte repletur
990 1989 1585 2026 albedine ita quod extensionem vniformis raritatis non
967 2020 1591 2070 posset simul recipere naturaliter tamen recipit eque
