1789 2500
205 216 802 271 oportet quod ille in quo est illa priuatio dicatur ali¬
201 267 799 302 quando actualiter peccans sed verius dicitur quod
200 294 800 325 est in peccato et quod numquam peccauit quia nullum actu
206 321 803 357 peccati habuit. Et ideo dum sor. tenebatur inci¬
200 353 796 387 pere vnam volitionem in a. et non incepit non ideo tunc
200 380 802 413 omisit sed incepit omittere et esse in peccato et ta
201 408 803 441 men numquam peccauit ymo si deus creasset in ipso gra¬
206 437 803 467 tiam fine medio post a. tunc ipsenuquam fuisset in pec
207 462 795 494 cato sed deus preuenisset culpam hec ille in summa
200 492 801 526 ⁋ Et potest dari casus in quo solutio sua esset ve
198 519 796 553 ra scilicet quod in a. non omittit sed incipit obiectiue puta
201 549 799 583 si dato precepto de eligendo actum volendi respe¬
201 575 797 613 ctu alicuius obiectiet immediate post hoc quan¬
201 606 803 637 tum in se est coageret voluntati ipsa autem non face
198 636 796 668 ret quod deberet si tamen deus preciperet alicui
196 663 794 699 quod in a. instanti inciperet moueri vel aliquid aliud
199 691 799 725 facere quod moram requirerem nisi in a. haberet ef
196 722 796 760 ficax imperium faciendi vel mouendi talis peccarem
198 749 791 778 in a. peccato commissionis primo quia sine tali vo
195 774 801 813 litione efficaci in a. non exequeretur fine medio post
197 805 795 841 a et sicut tenetur ad executionem exteriorem ita eti¬
196 832 800 869 am ad interiorem sine qua non potest sicut tenetur
199 862 801 892 in exteriorem et etiam irrationabiliter dicitur in a¬
194 890 800 921 lio scilicet quod nullus actualiter peccat precise omitten
192 921 796 955 do quod debet quia peccatum diuiditur in actua
198 947 797 980 le et originale et actuale vltra in peccatum com¬
201 975 799 1010 missionis et omissionis sed oe vocabulis contra
196 1007 793 1039 eum non intendo. ⁋ Ad primum argumentum prin
195 1031 801 1080 cipale dicendum quod tantum probat secundam con¬
196 1060 544 1101 clusionem primi articuli. etc.
344 1088 790 1151 Trum creatura clare di¬
342 1143 799 1177 dens deum necessario diligat ipsum
339 1175 797 1207 Uidetur quod sic quia intelligentia mo
343 1204 798 1233 uens aliquem orbem necessario mouet
195 1229 800 1271 ipsum secundum philosophum et non mouet nisi quia dili
195 1261 796 1300 git primum quod mouet sicut amatum et deside¬
196 1287 793 1326 ratum igitur ex hoc nec essario mouet quod videns de
195 1315 799 1352 um diligit eum igitur ⁋ Probatur delectabile fini
199 1348 795 1381 tum difficultat voluntatem ad non volendum ipsum
195 1376 793 1411 igitur in duplo magis delectabile in duplo magis
202 1402 791 1436 difficultat ad non volendum et sic consequenter igitur in infinitu de
193 1430 798 1463 lectabile in infinitum difficultabit ad non nolendum
199 1461 786 1493 et ita necessitabit ad volendum: consequentia patet per
197 1486 795 1523 modum arguendi philosophi octauo phisicorum vbi probat
198 1519 792 1550 quod virtus infinita non esse in magnitudine finita. quia
197 1548 801 1577 tunc moueret in non tempore: si enim aliqua vir¬
197 1577 793 1605 tus mouet in aliquo tempore dupla mouebit in
195 1603 789 1636 subduplo tempore et infinita moueret in non tempo
195 1626 799 1663 re etiam si consequentia non esset bona numquam aliquod
199 1661 791 1692 agens naturale posset producere effectum propor
190 1684 793 1722 tionatum sue virtuti actiue quia si cetera sint paria
193 1717 791 1746 ita proportionatur duplus effectus duple virtu¬
196 1742 788 1776 ti actiue sicut subduplus subduple ⁋ Item primo
197 1769 792 1805 de trini. capitulo septimo impiis non manifestabitur
201 1800 795 1834 filius in forma dei in finali iudicio quia sic non potest
199 1827 793 1862 videri nisi ad gaudium. ⁋ Item 13. de tri. nullus
192 1856 792 1894 potest velle miseriam. 10. capi. oe paruis et etiam
197 1888 793 1919 aliis canis igitur nec nolle beatitudinem. ⁋ Item
196 1912 791 1947 voluntas non potest velle summum malum sibi ostensum quia
196 1946 789 1977 omnis natura cogitariua vitat incommodum vt pa
197 1970 789 1999 tet de casu dyaboli. capi. 32 et. 32 dicitur quod si ange¬
197 1999 789 2032 lus malus praesciuisset penam sibi imminen non potuisset
202 2027 782 2060 velle peccare igitur nec nolle summum bonum.
193 2057 787 2091 ⁋ Item cait.o 13. ibidem vult ansel quod voluntas non po
190 2082 789 2132 test non velle beatitudinem sibi ostensam igitur mul¬
837 226 1425 276 to fortius nec deum clare visum a se vne quasi in fi¬
829 271 1416 302 ne capituli loquendo de bono commodi et malo in
836 297 1425 334 commodi dicit hoc modo omnes sibi esse bene vo¬
830 322 1423 363 lunt et male sibi esse nolunt. ⁋ Item anselmus mo
838 353 1428 386 nologion cat.l septimo quod quecumque anima rationatur
834 380 1421 414 summa beatitudine frui poterit eterne beata erit
833 409 1429 447 quia creatura eius indigentiam experta illam non
837 441 1411 472 poterit non amare nec illa deseret amantem se.
831 468 1418 504 ⁋ Item si clare ostenso sibi deo voluntas non neces¬
837 497 1422 526 tario amet ipsum igitur nec ostensum quocumque a¬
839 522 1432 554 lio quantuncumque tristabile non necessario illud odi¬
833 555 1429 590 ret consequentia patet quia nihil est magis odibile
831 578 1432 615 quam deus sit diligibilis et per consequens non necessa
832 612 1426 647 rio dolet dyabolus ex maxima pena quam potest sustine¬
825 636 1429 675 re qui nihil est pena alicui nisi quod est contra vo¬
833 664 1423 698 luntatem secundum anselmum ve conceptu virgi
827 696 1432 732 nali capitulo quarto vbi dicitur sicut quicquid
824 721 1430 759 faciunt menbra et sensus totum imputandum est volun
829 749 1429 786 tati ita non punitur nisi voluntas nam nihil est pena a
828 777 1419 816 licui. etc. ⁋ Ut prius sicut enim voluntas in menbris
831 806 1418 843 et sensibus operatur ita et in illis ipsa torquetur
825 841 1428 875 aut delectatur quod si quis non accipiat sciat in menbris
833 865 1424 901 et sensibus non nisi animam in qua est voluntas senti¬
829 892 1431 930 re et operari et ideo in illis torqueri aut delecta
829 923 1428 956 ri habet tamen vsus vt actiones quas facit iniusta
830 950 1427 986 voluntas vocemus peccata quia in voluntate qua
835 974 1425 1013 fiunt est peccatum etc. nota bene illum passum. ⁋ Item
831 1002 1428 1038 si voluntas clare videns deum potest ipsum dilige
823 1036 1428 1068 re vel hoc esset omnem actum suspendendo vel ad
823 1063 1430 1103 alium intellectum diuertendo non primum quia tunc
826 1090 1430 1123 si intellectus vnum bonum videret potest volun¬
828 1121 1427 1152 tas non velle illud stante tali dispositione quod ne
831 1148 1424 1186 gat ansel. de casu dyaboli capi. 13. diffuse et non esset
826 1178 1425 1206 ad propositum quia inquiritur an stante visione
826 1204 1428 1242 dei. ⁋ Etiam anselmus in pluribus locis dicit quod in
828 1231 1426 1266 tellectus ibi vnico intuitu videbit omnia igitur vi¬
831 1258 1423 1295 debit illud ad quod diuertetur. ⁋ Item si non tunc
822 1291 1426 1325 in aliquo potest stare cum clara dei visione odium
826 1319 1424 1355 dei et per consequens maximus dolor. ⁋ Item con¬
830 1347 1430 1377 mentor 12 metaphisice. commento 30 dicit quod dele¬
824 1374 1422 1415 ctatio sequitur appensionem sicut vmbra corpus sed
824 1401 1426 1433 delectatio voluntatis requirit dilectionem sicut do
830 1430 1418 1464 lor odium igitur etc. ⁋ Item aliter nullus beatus
832 1459 1418 1494 videretur esse confirmatus in beatitudine sua quia
829 1486 1421 1519 si libere posset cessare ab omni actu fruendi qui
821 1515 1421 1552 est dilectio etiam stante visione non videtur ibi esse
825 1546 1426 1581 maior confirmatio vel certior quam in via vel quam in an
824 1576 1423 1609 gelo ante lapsum qualiter enim conformaretur.
835 1601 1419 1636 ⁋ In contrarium deus clare visus potest odiri a sic
824 1631 1422 1666 vidente igitur et non diligi Probatur antecedens
828 1659 1423 1692 quia aliquis iudeus odiuit deum sed potuit fuisse
822 1687 1420 1717 quod simul clare vidisset diuinitatem. ⁋ Item tunc quili¬
827 1716 1417 1749 bet videns deum esset conformatus quia non potest
831 1745 1411 1776 non frui deo falsitas patet de angelis malis ante
826 1771 1417 1808 lapsum etiam tunc paulus fuisset certus de eter¬
827 1802 1416 1833 nitate sue beatitudinis et moyses similiter quorum
824 1830 1416 1862 vterque clare vidit deum det moyse patet per augustinum
824 1859 1423 1891 12 super geni. ca. 33 14 55 be paulo expresse dicit
829 1888 1415 1920 in questionibus orosui questione 36 quod in raptu vi
822 1916 1417 1948 derit deum sicut scti post hanc vitam ⁋ Hoc etiam di¬
824 1943 1422 1980 cit in libro de videndo deum de moyse probat per
831 1971 1418 2003 llud numeri 12 quo deus arguens mariam soro
828 2000 1423 2030 rem moysi dixit de moyse ore ad os loquor ei et pa
822 2028 1417 2059 lam non per enigmata et per figuras dominum vi¬
826 2056 1424 2089 det. ⁋ Propterea nonminus libere et contingen¬
822 2086 1421 2134 ter fruitur quis deo clare viso quam vult beatitudi¬
