1771 2500
184 217 791 272 ethicorum et. 3 de li. ar. ca. 25. dicit augustinus expresse
184 264 784 294 quod pati iniustum non est peccatum. ⁋ Item augu. primo de
186 291 786 324 li. aur. cap Ai in fine. quasiliue. dicit quidd aut sit sectam
184 321 782 352 dum et amplectendu si quis eligat in voluntate po
190 345 778 379 situm esse constat et nisi inquit fallor illud facimus ex li¬
189 373 777 413 bero voluntatis ar. sed hoc non esset verum nisi volun
186 403 780 442 tas libere efficeret suam electionem. ⁋ Item ad hoc
184 433 779 465 est anselmus ve concor. ca. quinto. d. opus volunta
189 460 773 498 tis alicui datum est vt illud quod vult sit et illud quia
186 486 781 525 non vult non sit voluntarium siue spontaneum est quando
189 516 775 549 quod spontanea voluntate fit biffaria est necessarium
182 548 778 578 quia voluntate cogitur fieri et quod fit non potest non fieri
181 573 772 611 sed has necessitates facit voluntatis libertas quae prius
188 603 777 639 quod fuit eas cauere potest hec non essent nisi voluntas
178 626 773 669 libere cauare posset suam volitionem quia alia non
175 654 774 694 sunt immediate in eius ptante sed mediante actu vo
181 685 777 721 lendi vel nolendi igitur. ⁋ Contra conclusionem tunc
185 715 773 753 voluntas posset ex sua naturali libertate diligere
184 740 778 779 deum super omnia et per consequens posset velle implere omnia
182 770 778 809 dei praecepta et totam dei voluntatem igitur natura
178 795 776 834 liter potest habita sufficienti cognitione vitare omnia
175 829 782 867 peccata quia non stant simul quod aliquis velit imple
177 860 779 890 re totam voluntatem dei et quod tamen peccet si habe
178 882 782 922 at cognitionem sufficientem quia eo ipso nihil potest
184 913 777 951 omittere ad quod tenetur scitum esse tale nec con¬
185 941 772 982 mittere quod prohibetur et pari ratione qua semel
175 973 775 1006 occurrente materia peccati potest sic dispositus ex na
185 997 776 1036 turalibus vitare omnia peccata pari ratione pro per
179 1026 778 1063 petuo habita tali dilectione nouiter vel prius libe
178 1058 782 1094 re producta continuata sed consequens videtur esse error
181 1084 774 1118 pelagum igitur etc. ⁋ Confirmatur quia tantum potest dilige¬
180 1114 780 1149 re vnus homo alium quod nec omittit nec committit con
181 1139 775 1178 tra eius voluntatem aliquid faciendo contra ipsum
184 1166 777 1205 igitur si potest ex naturalibus plus diligere deum
180 1193 781 1236 tunc etiam potest ex naturalibus implere precepta et
187 1224 771 1262 vitare omnia peccata in deum. ⁋ Confirmatur quia stt
182 1253 774 1288 te semper tali continuata dilectione dei super omnia
172 1286 773 1316 nec peccabit vtendo deo nec fruendo vti enim deo
182 1309 774 1343 creaturam repugnat dilectioni dei super omnia. ⁋ Pro¬
179 1333 782 1378 batur sancti ponunt quod naturalia nna non sufficiunt
179 1367 775 1405 ymo indigemus gratia infusa ad implendum pre¬
184 1394 782 1427 cepta ad vitandum peccata oppositum enim erat
178 1421 781 1463 error pelagum sed non minus indigemus gratia ad
176 1446 778 1490 diligendum deum super omnia propter se vt tene¬
184 1479 776 1517 mur quam respectu aliorum igitur ad causandum di¬
185 1502 783 1545 lectionem dei propter se que cadit sub praecepto non
178 1532 776 1573 sufficit voluntas ex libertate et naturali conditio
184 1561 775 1603 ne. ⁋ Item confirmat doctor ille rationem priorem
185 1591 770 1629 quia si argumentum pro conclusione valeret eque
179 1619 780 1657 probaretur quod homo ex puris naturalibus posset
180 1651 777 1688 mereri quia intellectus posset ex puris naturali¬
181 1672 777 1715 bus dictare merendum esse igitur voluntas po¬
181 1704 781 1739 test ex puris naturalibus mereri. ⁋ Confirmatur
179 1729 779 1770 ratio quia quero a te cum anima indigeat chari¬
181 1758 769 1799 tate ad merendum aut indigeat ea solum vt infor
180 1785 770 1825 met animam sicut quoddam ornamentum ad puli
182 1815 770 1853 chrandum voluntatem et quia deus vult talen
181 1843 771 1886 gratiam a quolibet haberi aut quia sic est necessa
185 1875 778 1915 ria et seruit ad actum eliciendum quod non possit si¬
181 1902 773 1941 ne ea principiare actum huiusmodi non primum
177 1933 772 1970 quia sancti ponunt esse necessariam ad meritum.
178 1955 773 1999 Si secundum aut igitur requiritur circunstantia
180 1983 772 2027 actus meritorii solum aut tanquam causa actus meri
179 2012 767 2052 torii. Non primum quia non ponis inquit iste con
178 2043 772 2082 tra okam circunstantias esse necessarias nisi vt sini
177 2068 784 2122 obiecta actuum volitiuorum et electiuorum et per
817 217 1403 272 consequens secundum hoc gratia non requiritur
819 267 1414 303 ad meritum vt sit in mente realiter sufficit enim
817 295 1404 330 quod diligatur. Si secundum igitur alius est actus
817 326 1404 358 qui causatur in charitate quod qui causaretur sine
813 355 1406 387 ea quia causa particularis alterius rationis potest in
813 379 1406 412 aliquem effectum alterius rationis et per conse¬
819 408 1413 444 quens haberes ponere quod in talem actum non pos
812 433 1403 474 set naturaliter. ⁋ Item si sic potest voluntas prin¬
811 464 1407 502 cipiare dilectionem dei super omnia igitur aut li
813 491 1412 530 bere aut necessario. si libere igitur libere virtu¬
813 520 1407 558 tute illius amoris posset vitare hoc peccatum si¬
811 553 1408 585 cut arguit pelagius et eadem ratione secundum
808 575 1404 612 et tertium et sic de omnibus ita potest naturaliter
810 610 1404 643 omnia peccata vitare quia si aliquod vitare non
811 635 1408 666 potest illud non erit in nostra potestate nec nobis
812 666 1403 699 imputabile et ita non esset peccatum si necessario
808 692 1400 724 non imputaretur nobis ad meritum. ⁋ Octauo
807 721 1405 751 phisicorum patet quia nullum agens potest age¬
807 752 1402 783 re nouiter aliquam actionem nisi propter nouam
811 777 1397 807 dispositionem in ipso factam. et ex hoc probatur
805 804 1407 840 ibidem quod motus fuit ab eterno. ⁋ Item tertio si
806 835 1405 867 voluntas esset actiua respectu volitionis tunc po
808 859 1411 895 test velle incommodum falsitas patet quia non po¬
804 891 1407 922 test velle aliud nisi in aliquo modo appareat com
806 921 1403 951 modum vt patet per Anselmum in casu dyaboli
809 949 1403 983 capitulo duodecimo et augustinus secundo de li.
808 977 1408 1013 arbi. capitulo decimoquinto et tertio ethicorum
810 1003 1407 1042 igitur voluntas non potest nolle commodum quia
811 1033 1401 1066 non magis necessitatur ad nolendum incommo¬
802 1063 1398 1094 dum quam ad volendum commodum et si voluntas
807 1091 1402 1121 vult necessario quod sibi appareat commodum igi¬
804 1118 1399 1153 tur respectu talis obiecti non ipsa sed obiectum
814 1148 1409 1173 vel cognitio obiecti est causa volitionis. ⁋ Pro¬
807 1167 1403 1208 batur nono methaphisice commento decimo dicit
805 1198 1405 1235 commentator quod quando voluntas agit contraria
808 1230 1399 1264 successiue tunc ipsa non primo immediate agit ista
815 1258 1409 1290 quia tunc potest illa agere simul igitur dicit com
812 1289 1405 1323 mentator quod est alia causa que necessario est causa
809 1315 1406 1346 immediata vnius contrariorum et non alterius
815 1346 1407 1381 quia aliter ageret ista contraria in simul cum igi
813 1371 1402 1409 tur respectu volitionis non ponatur alia causa in¬
808 1402 1400 1429 mediata quam voluntas sequitur quod ipsa potest face¬
808 1429 1401 1460 re volitionem et nolitionem in simul quod patet
806 1456 1399 1494 falsum. ⁋ Probatur agens est prestantius passo
814 1485 1399 1518 per augustinum duodecimo super genesset capitu
807 1514 1403 1545 lo quinto et tertio de anima sed nihil est prestan¬
806 1543 1408 1580 tius seipso igitur. ⁋ Item octauo phisicorum capi¬
806 1571 1400 1602 tulo octauo dicitur quod aristoteles intendit quod com
801 1597 1405 1634 mune est omnibus potentiis rationabilibus et ir
807 1627 1401 1665 rationabilibus quod si quando non mouet et postea
800 1654 1398 1692 mouet hoc est propter appetitum oe nouo causa¬
804 1683 1408 1723 mum per aliquam transmuntationem factam ab ex
800 1712 1413 1738 trinseco igitur. ⁋ Item ibidem commentator con¬
802 1736 1407 1777 mento 15 et eadem est sententia in textu dicit quod
809 1768 1405 1801 vnus motor non mouet essentialiter nisi vno motu
808 1796 1404 1827 et ideo in animalibus apud nos primus motor non est in il¬
808 1822 1402 1858 lis sed est extra quia aliter non mouerentur nisi
808 1854 1405 1892 vno motu tantum et ideo motor in istis anim ali¬
806 1880 1409 1915 bus non mouet nisi quia prius mouetur ab extrin
802 1909 1409 1943 seco. ⁋ Ad primum istorum mihi concedendum vi
800 1940 1401 1971 detur quod etiam sine infusione boni super naturalis
813 1970 1405 2005 posset voluntas viatoris mediante dictumine pos¬
809 1998 1407 2034 sibili haberi de deo in via libere in se causare dile
812 2027 1407 2064 ctionem dei super omnia vt. deducit ratio prima
818 2052 1410 2089 pro conclusione facta. ⁋ Utrum autem talem qualis no
806 2082 1407 2132 bis praecipitur et qualis potest elici mediante charitate
