1797 2500
374 198 975 256 infusa: dubitatio bona vlterior esset: et dico pro
376 246 966 287 nunc quod sic tale in specie quia idem actus secudum speci
377 273 967 315 em elici potest a potentia fine habitu qualis cum habi
379 305 970 341 tu licet non ita perfecte ceteris paribus. ⁋ Probatur
375 334 971 370 dato quod actus elicitus mediante charitate infusa es¬
377 360 971 398 set alterius speciei tamen ex frequentia actuum cum
375 396 973 430 charitate sic posset habituari potentia quod substra¬
376 419 972 452 cta charitate infusa adhuc per habitum generatum pos
375 449 973 482 set facere talem actum qualem prius fecit cum charita
371 475 970 509 te. ⁋ Probatur dato quod dilectio dei super omnia facta si
375 507 971 540 ne charitate sit alterius speciei quam facta cum chari
377 533 972 566 tate tamen charitas non impossibilitat potentiam quin
373 564 979 596 ipsa habens charitatem possit actum dilectionis
376 594 980 625 talem et in illa specie in qua eliceret sine charita¬
379 621 972 653 te talis autem actus si eliceretur habita charitate
376 650 977 680 meritorius esset: igitur talis actus in specie qua
377 677 973 710 lem voluntas sine charitate infusa elicere posset po¬
373 702 978 737 test esse meritum et posset esse talis qualis caderet sub
377 730 974 768 precepto. ⁋ Probatur praecepta non videntur rationabilia
373 762 981 796 si ponerentur impossibilia deus autem etiam si charita
379 792 975 824 tem infundere nolet rationabiliter potest precipere
383 815 975 853 amorem sui super omnia ymo adhuc teneremur instin¬
379 842 981 880 ctu nature igitur talem actum ex naturalibus elice
379 878 981 909 repossumus qualis caderet vel cadere posset sub
373 902 977 943 precepto. ⁋ Nec sequitur quod tunc possemus ex puris
382 936 977 966 naturalibus implere praeceptum et vitare omnia pec¬
382 959 982 993 cata tamen quia non est in ptante nostra aliquid facere ex
377 988 973 1023 huiusmodi praecepto quia non est in ptante nfa quod sit praeceptum
375 1020 977 1051 tum quia nec cum charitate nec sine charitate possu¬
381 1047 977 1080 mus ex communi statu vitare omnia peccata iuxta illud in Cano.
374 1077 981 1108 io. si dixerimus quod peccatum non habemus etc. sal¬
379 1102 978 1133 tem non omnia venialia possumus ex naturalibus vita¬
378 1136 985 1167 re nec etiam omnia mortalia tum quia originale tum
379 1159 975 1193 quia non est in ptante nostra naturali vt post baptismum
381 1186 984 1221 habeamus originalem iusticiam collatam in deo in se
374 1215 982 1249 vel in alio dono equiualenti maxime post lapsum
377 1243 975 1277 in peccatum actuale et tamen carentia vtriusque si¬
378 1273 979 1304 mul imputatur ad mortale concedo tamen quod multa pec
381 1296 983 1335 cata mortalia et etiam venialia vitare potest homo si¬
380 1329 985 1363 ne charitate infusa nec propter hoc errauit pela¬
380 1361 985 1393 gius sed quia dixit quod omnia et etiam quod mereri possumus ex
378 1387 982 1418 puris naturalibus vt estimo et hoc est falsum. quia
375 1414 981 1450 licet sit in ptante nostra elicere multos actus bonos
378 1444 972 1478 ex genere tamen non est in ptante nostra quod deus il
378 1470 985 1507 los acceptet ad vitam eternam. ⁋ Per idem ad pri
378 1500 983 1533 mam confitmationem dicendum quod licet sit in pote
381 1531 985 1562 state hominis tantum diligere alium quod velit mihi omittere
384 1559 981 1591 vel committere contra eius voluntatem tamen non est
379 1586 986 1619 in eius ptante nec committere nec omittere contra
378 1612 979 1653 ipsum quia semper stat in potestate alterius quod pla¬
381 1643 990 1676 ceant vel displiceant facta proximi. ⁋ Ad illud di
378 1672 980 1707 cendum quod non contingeret dormire et cessare ali¬
384 1699 986 1736 quotiens a cognito vel credito quod homo potest huiusmodi
381 1727 988 1762 dilectionem dei super omnia continuare et non sequitur
383 1758 978 1792 nec peccabit vtendo quia cum isto staret vsus aliquis
382 1786 985 1820 dei et fruitio creature iuxta illudps. Inclinaui cor
382 1813 977 1846 meum etc. propter retributionem nec hoc est malum
383 1845 978 1876 nec abuti deo sed precise vti deo. ⁋ Et ita cum au¬
385 1871 982 1903 gu. dicit quod vti deo et frui creature est peruersitas
385 1901 984 1935 maxima intelligendum est quando tale vti et frui
382 1928 987 1956 repugnat amori dei super omna nec est in ptante no
379 1955 976 1992 stra quod omnis fruitio creature vel omissio multor
379 1985 980 2017 aliorum que starent cum dilectione et que omnia
382 2014 980 2045 vitare non possumus ex puris naturalibus nec etiam
379 2043 989 2077 ex charitate dei quin displiceant deo mortaliter et
1000 200 1610 257 preter hoc multa alia tacta sunt in prima responsiae
1008 250 1611 280 ne quare non sit in ptante nostra omnia peccata vitare
1013 280 1606 311 ex puris naturalibus dato etiam quod naturaliter pos
1003 307 1608 340 semus vitare nec vteremur deo vel frueremur crea
1006 335 1611 366 tura. ⁋ Ad secundum concedendum est quod tenemur diligere
1009 364 1610 394 deum ex gratia et quod hoc non est in ptante nra naturali ni
1009 391 1610 422 si dispositiue sed ex hoc non sequitur quin similem actum
1012 422 1610 455 dilectionis ex naturalibus possemus elicere et simi
1014 449 1609 481 lem illi qui de facto cadit sub praecepto quando sub prece¬
1006 479 1615 511 pto cadit habitio charitatis et causatio dilectio¬
1008 507 1620 540 nis eamdem tamen dilectionem numero quae causatur me¬
1004 533 1619 568 diante charitate infusa si ipsa actiue principiet non
1013 564 1616 597 potest voluntas sine illa principiare quia nec aliquis
1009 589 1611 623 effectus actiue causeri posset ab alia creatura nisi ab
1013 618 1607 651 illa vel illum a qua vel a quibus causatur per se loquendo
1012 647 1611 682 quod addo quia ista cantio communicari potest alteri. ⁋ Ad
1014 679 1613 707 quartum dicendum quod non est simile quia mereri non
1009 706 1612 737 est in nostra naturali potestate nisi dispositiue simi
1007 732 1603 774 le tamen esset de velle mereri. ⁋ Ad quintum si dare
1006 760 1605 796 tur primum membrum adhuc charitas esset necessa¬
1013 791 1605 822 ria tanquam signum acceptationis per se operantis iuxta
1006 820 1604 857 illud quomodo huc intrasti non habens vestem nuptiali
1009 847 1610 882 nec ex scripturis habemus siue plus sit de facto siue
1012 880 1617 911 non si etiam detur quod sit solum circunstantia addita non sequi¬
1010 904 1607 935 tur quod solum obiectiue se habeat sed adhuc erit in anima
1007 933 1611 964 ita quod actus sine ea non erit meritorius et etiam ea posi¬
1009 960 1616 998 ta ceteris paribus deus magis efficacitur cooperaretur
1007 991 1608 1024 nobis quam sine ea. ⁋ Si vero dicitur quod vere effectiue con¬
1010 1015 1611 1052 currat quod et visibilius est patet ex prima responsione quod alium
1007 1048 1614 1082 actum secundum spem non comprincipiat. cum dicit quod causa al¬
1019 1079 1615 1112 terius rationis potest aliquem effectum alterius rationis cau¬
1006 1105 1610 1136 sare verum et intellectionem alterius rei in potentia co¬
1013 1130 1620 1170 gnitiua sed non sequitur igitur illam aliam dilectionem secundum
1008 1162 1612 1194 speciem respectu prioris obiecti quia fallatia consequentis est
1016 1189 1609 1222 ⁋ Probatur si ratio valeret concluderet quod habitus
1007 1219 1615 1255 naturaliter acquisitus cum potentia posset in actum al
1013 1249 1608 1279 terius rationis ab actu in quem posset potentia an¬
1010 1276 1609 1311 tequam habituetur falsitas patet 2 et hicor. ⁋ Ad se
1012 1305 1610 1337 xtum dicitur quod libere et etiam quod ex tali amore potest homo
1010 1334 1615 1363 vitare hoc peccatum actuale per se et illud per se
1012 1362 1606 1392 et sic de quolibet forte diuisim sed non omnia simi
1011 1388 1606 1422 illa tamen in potentia non excusat nisi de dei mina
1010 1418 1609 1453 speciali que voluit nos ad illam obligari: et ideo
1005 1452 1616 1487 actualia mortalia que de facto sunt quo ad ope¬
1008 1475 1623 1507 rationes et omissiones actuales vitare possumus
1015 1503 1623 1539 forte sine habita gratia de generali dei iudicior
1008 1537 1614 1570 non tamen omnia peccata mortalia nec originale
1012 1560 1622 1597 licet autem hoc possumus non tamen faceremus
1015 1591 1616 1627 nec aliquis vnquam fecit fine speciali dei adiutorio
1018 1620 1611 1654 quod non cooperatur voluntati electorum ad malum
1013 1645 1614 1679 ymo sepe immittit eis vt estimor volitiones bonas
1017 1677 1613 1709 sine actione voluntatis sed voluntas libere tenet
1016 1702 1614 1739 se posita in cursu boni. ⁋ Ad septimum quod non opor
1009 1735 1613 1764 tet semper precedere mutationem in agente quan¬
1014 1765 1611 1796 do facit aliquem effectum oe nouo vt patet de deo
1018 1789 1608 1822 et oe voluntate nostra quo ad actus elicitos licet
1019 1821 1613 1855 oppositum voluerit aristo. nec valet argumentum
1014 1841 1608 1881 suum quia nitebatur ad conclusionem que non est
1019 1875 1615 1910 sustinenda in fide oe voluntate tamen nostra pla¬
1015 1907 1609 1937 num est quod non ducitur oe potentia ad actum nisi a
1020 1932 1619 1965 motore primo. ⁋ Ad octaumm dicitur conceden¬
1019 1958 1615 1993 do quod voluntas non potest simul aliquid velle pro
1016 1990 1609 2024 pter se et per se et quod illud appareat sibi incommodum sim¬
1019 2015 1609 2050 plicitur et hoc volunt auctores et non aliud sed quin volun¬
1017 2046 1616 2091 tas possit velle incommodum scitum esse incommodum propter
