1773 2500
169 248 785 308 supernaturaliter esse. ⁋ Ad primum quando dicitur quod anima
169 300 772 336 posset se beatificare negatur consequentia quia cum
185 327 770 363 conclusione staret quod non potest anima causare visionem
186 352 775 395 dei in se quae tamen est pars essentialis licet non principa¬
182 378 775 420 lis beatitudinis et etiam propter aliud potest vitari con¬
184 408 773 447 sequentia quia licet ista fruitio potest dici aliqualis beati
186 436 769 478 tudo non tamen principalis quia diceretur forte sicut ipse¬
178 466 766 501 met dicit quod actus essentialis beatitudinis est fruitio
182 493 768 528 ita nobilis quod solius deus istam causare potest acti¬
175 521 766 561 ue cum qua tamen bene stat alia fruitio causabilis ab
172 555 767 588 anima et visione sicut cum visione creature in proprio ge
174 578 774 615 nere que sola causabilis est ab intellectu nio bene
176 605 769 648 stat secundum doctores visio eiusdem rei in verbo multo
175 634 768 671 perfectior quam nulla creatura potest causare. ⁋ Et
175 667 770 702 ratio est quia dona supernaturalia non destruunt naturam
177 689 769 728 secum sanctos sed perficiunt. ⁋ Si igitur fruitio talis
173 724 771 756 causabilis a volutate dicitur beatitudo quedam talis
177 746 764 782 qualis concedo quod voluntas potest seipsam beatifi¬
166 780 765 816 care partialiter tali fruitione positis aliis requisi¬
169 802 761 847 tis et non sequitur quod ideo voluntas seu anima pos¬
173 830 762 869 sit causare visionem que imperfectior est quia agens na¬
173 860 767 896 turale potest producere formam substantialem et non
175 889 766 925 materiam que tamen imperfector est nec etiam gra
166 917 767 952 tiam in anima que est imperfectior entitas quam sit for
165 946 768 987 ma substantialis et per idem de habitu glorie vel
166 972 765 1013 fidei vel charitatis quae sunt a deo causabiles. ⁋ Ra
172 1001 762 1043 tio realis huius est quia voluntas cum cognitio¬
175 1028 760 1070 ne sunt causa efficiens respectu amoris producen
168 1057 767 1097 di supposita generali concausatione dei sed respe
168 1083 769 1125 ctu visionis oportet obiectum esse presens et natu
173 1113 758 1154 raliter actiuum respectu sue visionis vbi anima
170 1141 761 1182 naturaliter causabit visionem respectu illius sed
167 1167 769 1212 deus de generali influentia non est obiectum pre¬
170 1194 762 1239 sens sic actiuum cum anima ad sui visionem igitur.
177 1222 758 1265 ⁋ Ad secundum hoc est multiplex confirmatio bea¬
168 1252 760 1288 torum licet possit voluntas beati elicere actum frui
173 1283 757 1321 tionis posita visione de re vna quod voluntas nec es¬
169 1307 759 1349 sario causat fruitionem isto casu posito sicut tenet
172 1337 757 1379 pe. aureolus et multi alii magister de viila et tu
163 1371 755 1407 ipse. ⁋ Sed quomodo postea dicetur. ⁋ Secunda
163 1396 759 1436 via est quod fruitio semel elicita a voluntate ex tunc
168 1422 759 1463 perpetuo confitmatur a deo sicut ponit sco et hec
163 1456 763 1493 erat mihi quandoque inter alias omnibus pensatis
158 1477 760 1520 probabilior non quod ex tunc solus deus conseruet actum
165 1511 758 1542 talem sed vel solus vel cum voluntate vel aliquam
163 1536 757 1578 do sic forte aliquando aliter. ⁋ Tertia via est quod prae
168 1563 761 1604 ter fruitionem a voluntate causabilem esset alia
162 1590 750 1632 fruitio a solo deo causabilis et talis a nullo dese
169 1623 753 1662 rui posset et tunc possum ymaginari vltra quod volun
169 1649 764 1691 tas posset libere cessare ab actua se causabili sed
168 1678 762 1715 non ab actu a solo deo causabili. ⁋ Sed ex ista via
163 1705 758 1742 sequitur quod deus non contulisset nec conferre potest
167 1732 748 1769 anime Christi summam fruitionem sibi possibilem ci
169 1758 758 1800 ius contrarium sepe dicit magister in li. 3 et sancti
169 1790 753 1830 alii consequentia patet quia si eadem potentia appetitiua
171 1819 754 1859 respectu eiusdem precise omnibus aliis concurren
167 1844 749 1888 tibus vniformiter plures actus possit habere pu
167 1873 753 1913 ta duos alterius rationis vnum naturaliter et ali
162 1902 755 1942 um supernaturaliter supposita eadem visione cor
161 1927 755 1971 respondente vtrisque non video quin possit superna¬
163 1956 753 2001 turaliter 34 et sic in infinitum quoru semper poste¬
161 1986 752 2028 rior sit speciei perfectioris quam prior. ⁋ Respondetur
162 2015 749 2054 quod hoc illatum no est inconueniens apud me vt patuit
154 2039 753 2084 supra. ⁋ Et ad auctoritates dicitur quod anime Christi deus contu
163 2067 748 2117 lit quantum dare potuit illius speciei beatitudinis quan
160 2098 753 2155 contulit eo quod amplioris in illa specie non fuit capax na
806 259 1400 317 turaliter fine miraculo speciali. ⁋ Ad tertium patet secundum
810 304 1407 349 tertiam viam pretactam quid sit dicendum quia procedit
804 332 1397 378 de actu beatifico audabili a solo deo. ⁋ Ad quar
809 360 1402 405 tum iuxta secundam viam teneri debet quod illa fruitio
810 391 1398 435 est beatifica simpliciter sed iuxta tertiam quod est bea
806 418 1401 461 tifica secundum quid et longe inferior illa que est sim¬
809 446 1402 481 pliciter et prorincipaliter beatifica. ⁋ Et concedi po¬
805 476 1398 517 test quod due fruitiones compatiuntur se sicut et due vi
798 504 1403 545 siones eiusdem rei vna in verbo et alia in genere
805 532 1398 570 proprio. ⁋ Ad quintum quod bonum est et difficile re
800 561 1394 594 sponderi potest multipliciter vno modo quod non te¬
800 590 1392 625 net consequentia quia visio dei causatur non natura¬
804 613 1390 653 liter nec a creatura sed a solo deo qui non dat vi¬
800 643 1397 684 sionem secundum bonitatem nature beatificabi¬
795 668 1389 713 lis sed secundum exigentiam meritorum et gratie
798 698 1390 736 in via collate et ideo quia fruitio naturaliter cau
800 726 1388 768 satura voluntate vel cognitione visiua simul secun
803 752 1389 795 dum quod visio fuerit perfectior vel minus perfecta
805 785 1384 825 clarior vel minus clara secundum hoc etiam erui
794 812 1383 846 proportionaliter de fruitione et ita non secundum
795 845 1389 883 exigentiam naturalium et hec via est mihi multum
795 866 1394 912 probabilis. ⁋ Aliter diceretur quod visio beatifica cau
791 900 1395 941 saretur partialiter ab anima tamen deus concurren
799 923 1395 960 do per modum obiecti specialiter agit libere effi
795 956 1384 996 catius vel minus efficaciter secundum exigentiam
794 984 1390 1024 meritorum vie et tunc voluntas consequenter ope
799 1012 1390 1051 ratur ad fruitionem proportionalem visioni iam
796 1037 1388 1078 habite et hec via similiter est multum probabilis
807 1064 1384 1110 ⁋ Tertia via pretacta est scilicet quod deus causaret aliam
799 1094 1388 1134 fruitionem et meliorem illa quam voluntas cau¬
794 1121 1391 1164 sare posset sed tunc videtur sequi quod visiones bea¬
799 1150 1390 1193 tifice diuersorum beatorum sunt alterius speciei et
795 1177 1385 1220 fruitiones similiter et ita non solum differunt se¬
797 1206 1390 1243 cundum perfectius et minus perfectum intra ean¬
792 1237 1387 1275 dem speciem. ⁋ Etiam sicut sancti dicunt differen¬
794 1264 1391 1305 tia inter visionem lini et petri et aliorum secundum
792 1295 1385 1329 exigentiam meritorum similiter est de fruitioni¬
793 1320 1385 1356 bus. ⁋ Ideo frustra ponitur duplex fruitio igitur
793 1350 1378 1387 etc. ⁋ Probatur adhuc est alia via quia charitas con
797 1374 1375 1419 summata bonorum reddit actum intensiorem quam so
796 1404 1378 1446 la voluntas potest et etiam ex hoc patet quomodo
793 1433 1380 1477 non potest beatificare se ex puris naturalibus ⁋ Ad se
789 1463 1385 1496 xtum antecedens est mihi probabile dubium tamen pro eo
795 1491 1385 1527 quod non est de deo sicut de alus obiectis quodlibet enim
791 1521 1381 1554 aliud obiectum sta naturaliter mouet potentiam co
791 1545 1383 1587 gnitiuam sibi proportionaliter praesentem et dispositam si
788 1579 1381 1616 alia requisita concurrant sicut ignis coburit stuppan
787 1601 1385 1640 deus autem est obiectum voluntarie solum mouetus ad no
791 1631 1384 1667 ticiam etiam quibuscumque aliis requisitis concurrentibus quia
791 1657 1381 1699 secum augustinus. oe videndo deo si vult videtur si non vult
795 1690 1385 1729 non videtur etiam deus quicquid agit ad extra contingenter
785 1718 1383 1756 agit et libere igitur ad dei visionem non sufficit genera
791 1741 1382 1784 lis infiuentia cum aliis natura iter requisitis. ⁋ Huic tamen
784 1774 1384 1814 non obstat quin deo specialiter agente mouente illam vi
792 1798 1377 1840 sionem et mouentem intellectum per impressionem visionis ipse
788 1827 1375 1870 intellectus possit sibi cooperari partialiter si deus per
783 1856 1386 1895 mittat nec video aliquid obstare nisi quod tunc beatifi
784 1891 1377 1926 caret se partialiter et certe secundum multos hoc
785 1912 1380 1955 est ad magnam gloriam negatur quod premietur in eo quod
785 1939 1385 1983 actiua tam in eo quam passiua diceres quod tunc pares
783 1968 1375 2009 in naturalibus essent eo ipso pares in beatitudi¬
783 1998 1388 2038 nibus quod est contra articulum. ⁋ Respondetur
782 2028 1388 2057 negando consequentiam quia licet intellectus coope¬
783 2056 1387 2102 retur semper secudum vltimum sue potentiem tamen deus agit
783 2082 1388 2122 efficatius et minus efficaciter secudum proportionem me
787 2112 1373 2163 ritor quia tamen illud probare nescio totum reliquo
