1813 2500
362 213 956 268 re vel peccare et concant in eo omnem actum ad quem
361 261 961 297 obligatur cum quo stat quod multa libere agat et con
363 294 961 328 tingenter sicut declarabo in tertio libro soluen¬
365 323 951 354 do impeccabilitatem beate virginis in via. ⁋ Seo
366 348 958 388 primus modus videtur realior et conformis dicto
363 374 951 410 anselmi allegato quia illi qui habent optimum quod vel
371 403 950 442 le possunt non possunt videre aliquid eo amabilius
368 431 957 469 et ideo isto actu vel confirmatur a deo vel necessa¬
367 459 962 501 rio ipsum principiant circa deum visum iste autem a¬
366 491 961 522 ctus est ita sufficiens et efficax amor dei quod ipse po
366 521 959 552 situs in voluntate cum amore electio concordi conse¬
370 543 961 580 quenter necessitat eam ad volendum facere vel omit¬
371 572 959 606 tere quicquid deum nouit simpliciter velle ab ea
372 600 962 638 fieri vel omitti et deus ratione status beatifici non
366 630 956 671 permittit beato deesse noticiam eorum qui simplic
370 659 956 696 ter vult ab eo fieri vel omitti hoc est quod nullus bea
370 689 961 722 tus peccare potest stante et obseruato suo actu be
368 716 958 748 atifico fruibundo et libero igitur non potest secundum
371 741 962 778 legem dei non stare. ⁋ Ex his patet responsio ad octa¬
376 767 965 808 uum principale. ⁋ Ad primum contra ans. patet simili¬
372 799 963 835 ter quia preceptum adueniens actui fruitio et amo
370 826 960 863 re electiuo concordi quo reguntur opera bonorum
374 855 958 895 integrant necessitatem ad vnam partem. ⁋ Ad secun
371 888 963 921 dum conceditur prima pars negatur et negatur quod
376 917 964 952 cum hoc staret eos posse peccare etc. vt patet ex di¬
374 938 967 975 ctis. ⁋ Ad tertium dicitur quod amant quicquid velle
366 971 969 1009 possunt ad essentialem beatitudinem pertinens id est sum
374 997 964 1035 mumn et optimum quod velle possunt id est nullum est unum
382 1029 962 1062 volibile aliud ab illo pro quo possent sibi relicte
377 1053 970 1090 anime rationaliter velle illud preeligere vt ly quic
371 1082 969 1120 quid intelligatur distribuere pro gradibus boni¬
377 1113 969 1147 tatis realiter vel per equalentiam vel per eminen
371 1142 973 1178 tiam natis alicui vnico diligibili conuenire vel pro
375 1173 971 1200 quolibet beatifice diligibili et tunc illud quod i¬
383 1198 970 1232 statur oe corpore non est ad propositum. ⁋ De quo ta
382 1219 972 1258 men dico quod non possent stante amore beatifico dei
387 1247 966 1284 vel le reuniri corporibus si haberent preceptum de
387 1283 970 1313 opposito et hoc est verum de velle electiuo licet
386 1307 977 1339 appetitu naturali qui non est actus elicitus non pos¬
377 1339 978 1373 sint dum si separantur hoc nolle. ⁋ Ad quartum sa¬
387 1365 971 1399 tis patet ex dictis diceres ex solutione secundi es
383 1397 981 1426 et tertui sequitur quod securitas non esset optiam pars
384 1421 977 1453 beatitudinis falsitas patet per augustinum. 13. de
386 1448 970 1483 tri. ca. 7 ⁋ Respondetur quod est optiam pars beatitu¬
384 1468 982 1509 dinis essential vt alias dixi non autem est aliqua pars
383 1505 977 1543 beatitudinis. ⁋ Tertium dubium est vtrum anima vel an
382 1534 978 1572 gelus relictus naturaliter nature sue necessitetur
387 1561 985 1595 odire miseriam expertam vel diligere delectationem
386 1590 981 1622 beatificam expertam videtur quod sic per ansel. de ca¬
386 1620 982 1654 sudyaboli ca. 2 si angeli mali presciuissent mise¬
382 1642 978 1683 riam quam incurrerunt pro peccato non potuissent pec
383 1676 987 1714 casse quia non potuissent miseriam illam velle idem potest
386 1704 984 1737 argui de beatitudine quod omnes volunt esse beati et
386 1729 974 1763 bene esse probatur si dyabolus posset suam mise¬
384 1755 980 1793 riam non odire tunc in eius potestate esset quod illa stanm
390 1792 976 1825 te non doleret quia per ansel. ve conceptu virgina
386 1815 986 1852 li nihil est alicui pena nisi quod est contra eius voluntatem
390 1839 976 1878 ⁋ Contra talis creatura potest iudicare quod talis pe
387 1870 980 1904 na esset pro amore dei sustinenda et pro maiori pre
388 1900 979 1938 mio quam talis pena sit grauis igitur voluntas potest
395 1932 982 1967 conformiter velle tali iudicio practico et per consequens
391 1956 985 1990 eligere talem penam sustinere et pari ratione velle
392 1987 990 2022 pro maiori et diuturniori bono priuari ad horam
396 2014 983 2049 delectatione aperta circa deum clare visum. ⁋ Di¬
392 2038 985 2076 cendum mihi videtur quod posito casu iuxta ymagina¬
384 2074 984 2122 tionem dicti argumenti voluntas posset sustinere velle
988 211 1585 267 per tempus talem penam. etc. ⁋ Ad primum in op¬
993 256 1581 296 positum concedendum est quod non est in potestate volunta
993 290 1583 323 tis anime vel angeli experientis obiectum disconve¬
992 316 1578 348 niens penam non infligi vel non dolere de ipsa vel habentis
996 345 1560 378 probiecto tale quid ipsum naturaliter non odire.
994 374 1582 406 ⁋ Et dico naturaliter quia bene staret quod ex bona
992 400 1580 433 causa in qua iudicium rationis concordaret posseta
992 427 1588 461 le quid velle verum est aut quod angelus non potuisset in
995 456 1590 489 uenisse aliquod cur ita placibile ad causandum
993 482 1578 519 actum quo peccauit sicut miseria qua patitur exper
994 510 1591 546 ta vel scita perpetue debere durare sibi fuisset di¬
996 538 1594 575 sciplicibilis et per consequens non potuisset secun
999 573 1595 603 dum instinctum naturalem praeligisse placibilita¬
999 596 1584 632 tem peccati ⁋ Ad secundum per idem non est in pote
996 625 1593 662 state dyaboli non dolere de penis quas experitur et
998 654 1590 689 forte est de culpa et de carentia beatitudis pro cul
1000 684 1588 720 pa hoc enim est vermis eorum qui non moritur sed ta
995 713 1587 744 men hoc non est ex sola experientia obiecti penalis
996 737 1594 772 exterioris quam etiam habent exesente anim purgatorio qui¬
1000 766 1586 799 licet non possit non dolere de pena tamen eam libenter
999 791 1599 827 sustinent ad bene placitum dei. ⁋ Sed contra sicut omne
1000 821 1595 857 bonum vel apparens bonum est ante compositionem vel
994 855 1590 887 diuisionem naturaliter placibile ita omne malum vel ap
1000 885 1592 917 parens malum est naturaliter displicibile ante con¬
999 907 1599 946 positionem et diuisionem igitur si afflictio purgato
998 935 1602 971 rum concipiatur conceptu simplici ante compositionem
1000 963 1598 1001 et diuisionem infert odium sui et penam et per consequans
998 991 1602 1032 pari ratione illa aliam et sic fine statu Probatur odium
997 1021 1592 1055 auget penam et pena canst vel auget odium et magis
1000 1050 1600 1084 aucta maius odium igitur nullus esset status in pena
1011 1075 1602 1114 ⁋ Ad primum dicitur quod nallus actus reflexus ha
1010 1109 1599 1141 betur fine imperio voluntatis vel solus prius vel pau
1005 1127 1595 1171 ci voluntas aut nihil imperat ante compositionem
1008 1165 1597 1199 et diuisionem igitur tales reflexiones non procedunt
1005 1192 1600 1224 ante compositionem et diuisionem vel non multum quia
1012 1220 1600 1254 quanto tales reflexiones posteriores sunt tanto re
1003 1244 1599 1279 missiores et deficiunt ab efficientia agendi cogni¬
1014 1274 1597 1310 tionem suam experimentalem fine imperio voluntati
1007 1305 1604 1338 vel saltem ad imperium voluntatis intellectus potest
1006 1333 1596 1366 non attendere et non percipere tales actus nisi sint
1005 1353 1594 1395 multum excessiui et ita non sequitur processus in infi
1013 1385 1602 1419 nitum maxime quia primum penale vel primum cum
1006 1417 1604 1454 secuo pro statu isto saltem vix permittunt attendere
1012 1442 1599 1477 ad aliud quam ad ipsum. ⁋ Ad secundum dicitur quod exum
1017 1468 1603 1504 tes in purgatorio electiue volunt penam sustinere et
1016 1496 1606 1535 ideo in illis non oportet augeri penam ex odiis refle
1016 1531 1607 1562 xis sicut nec in martiribus damnati autem non posneunt seipsos
1012 1555 1609 1595 plus affligere quam affliguntur ex impatientia tormen
1015 1585 1601 1618 torum. ⁋ Uerum tamen non est ymaginandum quod odium reflexum
1016 1613 1610 1645 augeat penam quae est actus primus rectus sic quod di¬
1020 1639 1606 1678 sponat potentiam ad intensionem penam recipien
1013 1668 1608 1701 dam a primo obiecto afflictio prout aliqui dicunt quia
1016 1695 1610 1735 licet potentia possit sic disponi per ablationem actu
1016 1721 1592 1763 um repugnantium tamen per positionem quoruncumque a
1016 1751 1603 1791 ctuum non magis disponitur potentia ad recipiendum
1010 1783 1609 1823 penam a primo obiecto afflictio quia de se summe dispo
1016 1813 1608 1845 nitur si nihil obstet impediens aliud auget igitur
1016 1837 1613 1877 penam suam aliomodo quia scilicet ipsamet impatientia
1022 1865 1608 1899 vel odium seu displicentia oe pena prima est passio vel
1018 1893 1604 1929 actus penialis disconveniens naturaliter et sic quan
1013 1926 1617 1957 to plus volunt procedere dum poterunt distincte per¬
1015 1948 1609 1986 cipere tanto plus affliguntur per aggregationem
1023 1984 1611 2014 variarum penarum in tali potentia quia cu actus po¬
1019 2005 1608 2041 steri ores vadunt ad minus et ad minus ideo tandem
1014 2036 1619 2069 deficerent totaliter et ad imperceptibiles disticte
1015 2066 1611 2112 deueniretur et ex opposito iste qui gauderet de primo
