1799 2500
350 244 954 292 filium suum dicere solet ipse est totum gaudium meum.
356 285 954 324 ⁋ Ad confirmationem respondet quidam concedendo quod
349 308 955 354 vnusquisque ibi tantum gaudebit de bono alterius qui
356 334 959 376 est sibupar in praemio sicut de suo bono et plus gaude¬
348 364 953 406 bit de bono meliori se quam de suo quia iste propositiones
357 397 953 434 significant quod vnus quisque ibi tantu gaudebit de hoc
354 423 956 465 quod videt amicum suum ita bonum sicut ipe est equalitur bea
358 450 949 489 tum cum ipso sicut gaudet de hoc quod percipit meliorem
352 479 948 517 se plus se beatatum et de hoc quod ipsemet habet suam beat
356 504 954 547 tudinem minonem nec ex primo sequitur quod vnusqusque tantum
365 539 951 577 gaudeat de bono amici sui quantum gauderet si illuo
363 564 958 601 esset in se sicut etiam nec duplatur suum gaudium in se
369 595 959 633 ipsopropter hoc quod scit se ee beatum in aliquo gra¬
354 615 959 660 du quia ex hoc solo non habetur nisi gaudium acciden¬
364 648 958 685 tale. ⁋ Ista responsio non deuiat a vero quantum mihi vi
360 679 960 719 detur nisi in hoc quod ponit quod gaudium proueniens ex hoc
368 701 957 745 quod beatus videt vnum pare esse sibi equalitur beatum
365 730 959 772 secum est equale illigaudio quo percipit se esse in tan¬
358 759 957 801 to gradu beatum quia vnusqusque post deum summe diligit
367 786 958 826 se et ex hoc exigit ordo charitatis non dico ad plus
366 818 956 855 sed intimius et singularius et hec ego concedo. Set contra
364 844 958 886 sunt verba anselmisi alius haberet eandem beatitu
365 875 964 910 dinem duplicaretur gaudium tuum etc. Forte dicitur quod
368 894 962 939 bono gaudio gaudet respectu sui et omnim aliorum.
371 927 965 971 ⁋ Sed contra hoc sunt praeallegata verba anselmi. For
361 957 963 1000 te dicitur quod ipse vocat gaudium sicut dictum est ad argu
366 989 962 1024 mentum praecedens ipsum obiectum de quo gaudetur
366 1013 964 1051 et ita duplicatur gaudium in me et alio mihi pari quia
365 1041 963 1081 duo per omnia pares duplo plus valent quam alter eorum.
370 1069 964 1109 Contra anselmus exprimit se loqui de gaudio quod est
365 1093 967 1136 affectio gaudentis igitur. Aliter forte dicitur compo¬
367 1130 965 1164 nendo vnam ymaginationem ex duabus praedictis quod scilice
370 1154 976 1194 duplatur vocando gaudium ipsa obiecta de quibus
368 1181 968 1223 gaudetur cum vnitate gaudim cuiusdam quo de omnibus
366 1215 964 1249 talibus gaudetur equalitur. Set nec hoc est ad men¬
375 1238 966 1277 tem anselmi quia loquitur oe duplatione gaudim in anima
375 1273 969 1306 receptibilis quia dicit si cor hominis de tanto bono vix
374 1296 970 1333 capiat gaudium suum quomodo capax erit tot et tanto
374 1326 966 1362 rum gaudiorum. Aliter forte respondetur sicut respon
376 1357 967 1391 dent diuersi 3e quod verba ista anselmi non sunt vera
373 1379 975 1419 ad vim vocis sed excessiua et deuotionis excitatiua
371 1407 973 1443 et per duplationem non intendit nisi grandem additio
377 1443 974 1474 nem et quando dicit tantum etc. intelligitur taliter dilige
375 1460 972 1503 re alium sicut se. Contra anselmus dicit vbi nullus mi¬
376 1497 972 1530 nus amabit alium quam se. ⁋ Item tunc saltem beatus de
376 1524 974 1563 gaudio alterius aliquo certo gradu gaudii gaudet
378 1557 981 1589 et iterum de gaudio alterius parum illi tato gradum sic
377 1580 973 1618 de tertio et quarto etc. igitur non est finis multitudi¬
376 1606 976 1645 nis equaliu gaudiorum in eodem quod non est verum.
405 1637 979 1675 Item tunc cum alios in certo numero plus diligat
379 1663 972 1704 quam vnum eorum plus de ipsis gaudebit igitur tandem ali¬
376 1697 979 1732 quos in certo numero magis vel equaliter dilige
378 1720 984 1756 ret sicut se sed hoc non videtur quia semper plus odiret to¬
382 1754 974 1785 lus annichilari quam omes damnandos si alterum opor¬
385 1778 972 1815 teret et si dicis quod beatus infinite plus diligit se quam alium
382 1810 972 1841 Contra secundum anselmum incomparabiliter plus gaudeti
381 1834 984 1869 de gaudio dei quam oe proprio igitur de proprio no potest
384 1868 983 1901 gaudere nisi finite ideo aliter dicit alius 3 conce¬
379 1888 982 1924 dendo cum priori responsione quod sermo ansel. est exci¬
380 1921 975 1956 tatio deuotionis vel non est intelligendum oe vi vocis
387 1948 971 1982 vel si potest glosari in illa charitate perfecta etc. nullus
380 1971 979 2011 minus diliget alium etc. hoc est non minus perfecte implebit
383 2005 975 2042 praeceptum ibi illud diligas proximum etc. quia ibi ma¬
386 2026 984 2070 gis diligunt inuicem quam si vnus in via diligeret alium
384 2061 985 2094 omnino sicut se ipsum et propter tantam perfectionem di¬
382 2088 1001 2136 lectionis dici potest quod nullus minus etc. nec sequitur
985 227 1594 286 secundum sic exponentem quod beatus equaliter diliget
984 276 1595 312 quemcumque minus beatum et magis beatum sed magis
987 307 1589 337 quemcunque beatum diligit quam quisque se ipsum. Et ita per
985 336 1596 366 fecte gaudet quilibet ibi de alio quod ad ostendendum
988 359 1595 398 perfectionem dilectionis dici potest non aliter gaude
986 387 1595 422 bit quisque etc. Hec ille. Pro certo hec est pulchia glo¬
985 420 1591 452 sa quia nihil omittit de contingentibus in isto processu
989 448 1596 482 anselmi quin ad hanc expositionem poterit cocorda
985 476 1591 508 ri quia anselmus exemplificat de statu isto dicens si quis
988 502 1586 534 hic aliquem alium omnino sicut se ipsum diligeret etc. vo
994 530 1595 564 lens per hoc nos manuducere ad ymaginationem ma
989 555 1596 594 gnitudinis gaudum in beatis et secundum hoc valet ista con
996 584 1594 618 sequentia si ibi quilibet tantum diliget alium sicut hic se ip
992 616 1600 647 sum et tantum gaudet de bono alterius sicut hic faceret
991 641 1604 678 de bono proprio tunc ibi per gaudium de bono vnius alte
997 673 1604 704 rius duplicabitur gaudium quantum habet quis vel habere
988 702 1596 736 potest secundum statum vie de bono proprio et pro triplo
997 731 1606 762 triplicatur gaudium hic habitum de bono proprio et sic
997 760 1595 790 deinceps hec glosa mihi placet siue sit ad mentem
991 783 1599 816 anselmi siue non quia consequenter exponit eum. Respon
998 810 1599 844 sio sua propria tenet quod beatus quemlibet habebit tan¬
994 834 1605 873 tum de gaudio quantum sua naturalia capere potest et si
994 869 1594 901 sufficeret sua naturalia plus capiendum plus haberet
1000 895 1596 928 fine miraculo quantum est ex parte dantis et eorum quae sunt
998 926 1597 960 ibi occasio gaudum bene propter seruitutem potentie
992 953 1606 986 non oportet quod respectu cuiuslibet equaliter beati
994 976 1598 1015 cum alia atestat equalis gradus gaudim sed sufficit quod
1001 1007 1601 1043 in Petro termini pauli atestat aliquis gradus et ite¬
993 1035 1596 1073 rum respectu alterius et sit deinceps remissius cauam
993 1070 1597 1099 et remissius et ex omnibus gradibus posterioribus au
1002 1098 1594 1131 getur gaudium. Ita quod ex eis surget vnu gaudium quod con
1000 1123 1599 1160 tinue intenditur vsque ad die iudicii et tunc tota capa
1000 1152 1608 1187 citas actiua propinqua repleta erit gaudio acci¬
1000 1179 1601 1214 dentali sicut nunc repleta est essentiali. Mihi ta¬
1004 1208 1609 1238 men apparet nec discordo a praedicta responsione quod an
1002 1232 1608 1267 selmus non vult dicere quod de facto ita erit sed quod in il¬
1004 1267 1598 1299 la perfecta charitate tanta erit materia et occasio
1002 1295 1607 1329 gaudiorum vel principia nata actiue principiare
999 1326 1601 1355 equalia gaudia quod tantum gaudebit quantum pote¬
1005 1351 1607 1384 rit capere de gaudiis talibus: etiam praeter illud in¬
1004 1372 1607 1411 effabile gaudium dei de quo beatus paulus fine esti
1005 1407 1601 1437 matione gaudebit quam de se etomibus aliis secun. De
1007 1433 1607 1471 hoc vide textum anselmi. Unde absque hesitatione
1008 1459 1601 1495 apud me quilibet replebitur etiam infans nouitur
1010 1488 1604 1525 baptizatus tanto gaudio respectu dei in aliqua spe¬
1004 1521 1607 1552 cie quanti in illa specie est naturaliter capax fine mira
1006 1547 1602 1580 culo simul sua anima et si sufficerent sua naturalia ad
1010 1573 1611 1613 plus capiendum fine miraculo plus haberet et ita
1009 1601 1611 1639 etiam erit de aliis speciebus gaudiorum quod licet ibi
1008 1628 1606 1665 mansiones multe sint quaesi differentia specifica premio
1010 1662 1606 1696 rum tamen quilibet in specie qua premiabitur: sine
1004 1689 1605 1721 mensura ex parte dantis ideo optime dicit ansel¬
1011 1714 1607 1753 mus vt non sufficiat ibi tota mens totum cor etc. Di¬
1011 1741 1607 1782 ces mereatur aliquis repleri gaudio alicuius speciei et
1012 1770 1611 1806 cum hoc aliquam proportionem speciei suprioris et moriatur
1008 1797 1613 1833 tunc replebitur sua capacitas naturalis illius speciei
1012 1826 1604 1862 superioris cuius solum meruit proportionem. ⁋ Item tunc
1010 1859 1612 1897 hns meliora naturalia habebit plus de gaudio et per
1015 1882 1608 1920 onsequens non erit praecise retributio secundum merita. ⁋ Ad pri¬
1014 1916 1605 1949 mum dicitur quod in illo casuquantum valeret illa pro
1008 1941 1614 1980 portio cum gaudio repletiuo speciei inferioris
1010 1971 1605 2007 tantum deus retribueret vt estimo in specie vna
1008 1999 1600 2036 precise equiualenter duobus sed non videtur opor
1013 2024 1614 2062 tere quia in illo casu capacitas naturalis propin
1009 2052 1604 2087 qua illius totaliter repleretur illa portione quantum ad
990 2082 1608 2130 illam spem eo quod talis capacitas propinqua est magna
