1802 2500
367 235 959 299 denotat proportionem et non equalitatem et tunc
371 285 958 324 non sequitur quod beata virgo licite potest tantum dili
370 311 956 357 gi etc. licet tamen conclusio non sit impossibilis quia stat
368 342 958 381 quod beatus petrus aliquo actu diligit dominum et quod licite
369 368 962 411 actu intensiori potest diligere beatam virginem eo¬
368 395 953 436 dem tamen actu preponderat deum. ⁋ Tertius ar
367 426 957 463 ticulus vtrum aliud a deo sit licite fruibile pro¬
366 451 960 497 prie loquendo de fruitione vltimata videtur quod fic
369 480 964 525 per argumentum principale de ente resultante ex
375 507 959 550 verbo et humanitate assumpta. Item omnem finitum po
372 535 960 577 test quietari per finitum cum non habeat appeti¬
372 564 959 605 tum infinitum igitur etc. ⁋ Confirmatur quia appeti
375 592 953 633 tus bruti animalis potest quietari et satiari per fini
372 620 957 659 tum sed appetitus hominis non in infinitum excedit
368 648 957 689 ipsum igitur. Item beatus petrus finite diligit deum igit
372 680 960 716 tur solum finite plus diligit deum quam se. Sit igitur
369 707 957 745 in quadruplo et reueletur petro quod ipse in quadru
374 732 954 776 plo plus sit dilectus a deo quam linus igitur petrus te
372 758 961 800 netur se in quadruplo plus diligere quam linum quia te¬
371 785 963 825 netur diligere et velle sicut scit deum diligere et vel¬
377 815 965 859 le et per consequens tantum tenetur se ipsum diligere sicut de fa
372 843 966 885 cto diligit deum sed deo fruitur dilectione qua dili
378 876 959 916 git deum igitur et se ipso tenetur frui. Item felicitas
373 900 963 939 est creatura cum sit operatio hominis ex primo et
375 924 964 971 so ethicor et illa est diligenda vltimate propter se
380 959 960 995 ex primo ethicorum igitur creatura est fruendum
376 988 962 1024 ⁋ Prima charitate est fruendum quia scilicet de trinitate
376 1014 958 1050 ca. 13. de magnis probat augustinus istinus quod dilectio pro
376 1045 965 1084 ximi est magis diligenda quam proximus igitur ea est fruen
377 1069 958 1108 dum et eadem dilectio est aliud a deo cum sit mot
373 1092 969 1132 et affectio mentis ab amante distincte perceptibilis
382 1127 965 1166 hic in via. Unde ibidem dicit augustinus in principio
380 1153 965 1191 capituli. Nemo dicat non noui quid diligam dili¬
381 1180 970 1223 gat fratrem et diligat eandem dilectionem magis enim
380 1209 975 1244 nouit dilectionem qua diligit quam fratrem quem di
380 1239 967 1274 ligit sed deum nemo nouit in via magis quam fratrem
380 1267 975 1306 igitur ista dilectio non est deus. Ad hoc autem eti
380 1298 971 1334 am decretalis ponens charitatem animam informa¬
384 1323 971 1360 re. Ad istud potest argui per multa argumenta so
385 1348 979 1383 luta in precedenti articulo. Respondetur quod non est
385 1382 975 1414 fruendum nisi benedicta trinitate vt patet per augu
383 1407 973 1443 stinum vbi supra. ⁋ Ad primum istorum non est hic sed
380 1438 971 1472 tertio discutiendum vtrum aliquid vere vnum quod disti
380 1462 979 1501 gatur a deo resultet ex verbo et humanitate simul
385 1494 968 1528 sumptis vel non supposito tamen ad ponens quod sic vt detur
384 1519 970 1556 argumento quantum supponit dicendum quod ista enti¬
384 1548 982 1582 tas composita non est per se loquendo fruibilis frui
384 1579 980 1612 tione debita deitati nec vtibilis amore debito per
380 1610 983 1640 se humanitati per se inquam quia per accidens non ne¬
384 1632 977 1670 go hoc quia forsitan per se vtendo Christi humanita¬
385 1664 972 1694 te per accidens vtor filio dei eo modo quo videns
384 1693 978 1727 per se accidentia diarii filum per accidens video dia
382 1722 978 1752 rui filium sed per se loquendo non est illa entitas
384 1748 976 1780 quasi composita fruibilis ex hoc quod est ex talibus quasi
386 1777 975 1810 partibus quia nec illud totum est melius fruibili bo¬
382 1802 983 1834 nitate quam sola diuinitas nec etiam illud totum est
382 1829 978 1865 bonitas dei vel deitas ideo non est per se loquendo frui
385 1858 977 1891 bilis sed ex hoc quod talis entitas preter amores debu
390 1891 981 1919 tos partibus quor alter est fruitio et alter actus vten
384 1917 980 1953 di. Etiam est amabilis quodam amore concupiscentie
381 1942 983 1981 relatiuo referente ipsam secundum humanitatem amatam
387 1972 981 2004 amore amicitie tanquam sibi vtilem et ipsam sublimantem
384 1998 977 2034 et nobilitantem in deum tanquam in summum bonum per quod sim
384 2031 978 2061 pliciter assurgimur in amonem suum. Per hoc ad at
388 2059 985 2092 gumentum dicitur negando primam consequentiam eo quod supponit
381 2087 985 2128 quandam sprem amoris vel fruitionem quae debetur praecise
983 233 1596 291 illi entitati composite quod negatur exemplum licet com
986 281 1586 319 positum in anima amici mei et virtutibus sicmelius ista
991 313 1587 341 anima tamen non sequitur si diligam animam illam amo¬
989 333 1592 371 re amicitie quod propter hoc diligam illud compositum
986 363 1588 400 amore amicitie quia non curarem de ista compositione ni
994 390 1594 429 si propter animam istam et ideo nec compositum sine con
986 420 1590 460 positione quia nec tale compositum diligo nisi amore
991 453 1593 483 concupiscentie ad bonum istius anime et tamen dico quod il¬
997 476 1585 510 lud compositum et partes suas plus diligo quam animam illam
993 505 1588 537 secundum quod plus notat comparationem non secundum
991 534 1592 564 intensionem actus amoris sed secundum pluralitatem
995 559 1591 592 amorum et ita proportionaliter est in proposito istud
992 588 1589 622 constitutum et partes eius plus diligo quam deitatem non
995 619 1593 652 maioritate alicuius amoris sed aggregatione plu
996 647 1593 678 rium amorum sicut et ibi est aggregatio plurium
995 677 1592 704 amabilium. Si dicas ibi est vna vera entitas inclu¬
995 698 1591 733 dens deitatem et humanitatem et vtriusque totam boni
993 732 1598 764 tatem igitur sicut vnica est ibi completa entitas ita
994 759 1589 791 vnico completo amore est amabilis. negatur consequentia quia
999 789 1589 818 oe partibus amoris non resultat vnus amor. Ad antecedens
999 810 1600 846 etiam dicitur quod illud aggregatum seu illud quasi con¬
994 844 1593 877 positum est bonum pluribus bonitatibus quam sola dei¬
1001 866 1595 903 tas sed non aliqua bonitate intensiori vel perfectiori
998 896 1588 932 simpliciter licet bonitate perfectiori secundum quid
998 928 1588 963 propter infinitam bonitatem alterius scilicet diuinitat
1001 948 1595 990 et cum hoc propter bonitatem humanitatis illi ad¬
1000 980 1595 1018 ditam et sic dicit aristoteles primo et hicor ca. 8 quod
1000 1006 1599 1047 perfectum simpliciter est quod secudum se est eligibile
1001 1041 1593 1073 et nunquam propter aliud et tale est felicitas de paucis
997 1068 1595 1099 interpositis dicit estimamus autem felicitatem omni¬
997 1095 1601 1133 um maxime eligibilem non connumeratam comnumerata
996 1129 1599 1159 autem manifestum quod eligibilior. ⁋ Et si arguatur tale
1003 1149 1593 1183 aggregatum non est eternum nec simplex nec incor¬
1003 1181 1601 1213 ruptibile igitur non est eque bonum cum summo bo¬
1005 1206 1600 1242 no et propter hoc etiam mallemus illud aggregatum
1005 1236 1593 1269 non esse quam deitatem non esse. ⁋ Respondetur negando
1001 1261 1602 1304 consequentiam quia sufficit quod includit in se deitatem que est
1006 1291 1601 1325 eterna sic etiam si mallemus licite a non esse secundum
1005 1321 1597 1353 se et quodlibet sui quam deitatem non esse etiam a non
1007 1351 1601 1384 esset eque bonum cum deitate sed sic non est in propo¬
1004 1378 1601 1413 sito vnde tale aggregatum non est fruibile subra
1011 1403 1607 1438 tione qua aggregatu vel quasi compositum nec vt sic
1011 1429 1605 1466 est simpliciter bonum summum. sed includens summum
1004 1460 1600 1494 bonum quod libere perficit vel conseruat vel vnit
1009 1491 1609 1524 sibi bonum a se factum. Et ideo vt sic est vtibile quia
1010 1523 1605 1550 talem aggregationem vel quasi compositionem di¬
1009 1543 1605 1580 ligimus propter summum bonum et tale quasi compositum
1008 1576 1601 1608 vt sic est equa vel tantum bonum intem siue sicut summum bonum eo
1013 1603 1598 1636 quod bonitate summa est bonum non tamen est similiter vel taliter
1010 1629 1608 1667 bonum sicut summum per se simplicitur acceptum eo quod est depen
1008 1657 1611 1694 denter temponaliter et dissolubilitur tale et etiam bonu. Etiam est
1009 1687 1608 1721 extemsiue maius bonum quam summum bonum per se sumptum quia est
1006 1716 1598 1752 bonum pluribus bonitatibus quas includit sibi creata
1006 1740 1611 1781 et increata quarum tamen vna scilicet increata eminenter con
1006 1773 1611 1805 tinet aliam et igitur ex illis duabus non surgit vna quae sit
1010 1799 1609 1833 intensior bonitate increata et quasi hoc compositum
1013 1826 1609 1863 vt sic est finite diligibile quia si deus dissolueret illam
1019 1856 1611 1891 vnionem anichilando partem creatam posset per illam vnio¬
1014 1881 1611 1916 nem vel creationem supplere totum bonum quod facit
1018 1908 1609 1946 illa vnio vel compositio vt sit ad dei laudem et vtilita
1011 1941 1611 1975 tem quae ex ea preuenit in vniuerso etiam si dicatur quod vt sic sit
1017 1969 1613 2005 infinite diligibile adhuc tamen deus infinities plus est dili¬
1014 1995 1604 2036 gibilis et sicut est dictum ipso vti debemus et ipse amare
1014 2026 1609 2060 propter deum cuius laus et bonitas in ipso nobis osinditur.
1016 2049 1606 2089 ⁋ Ad secundum negatur consequentia quae inuitur quod multi sunt qui essent sa
1012 2080 1612 2124 ciati et contenti de hoc quod possent manere in vita delitus
