<?xml version="1.0" encoding="UTF-8" standalone="yes"?>
<PcGts xmlns="http://schema.primaresearch.org/PAGE/gts/pagecontent/2013-07-15" xmlns:xsi="http://www.w3.org/2001/XMLSchema-instance" xsi:schemaLocation="http://schema.primaresearch.org/PAGE/gts/pagecontent/2013-07-15 http://schema.primaresearch.org/PAGE/gts/pagecontent/2013-07-15/pagecontent.xsd">
    <Metadata>
        <Creator>prov=University of Rostock/Institute of Mathematics/CITlab|PLANET AI GmbH/Gundram Leifert/gundram.leifert@planet-ai.de:name=paris1512-m2(htr_id=28868)::::v=2.6.7
prov=University of Rostock/Institute of Mathematics/CITlab|PLANET AI GmbH/Tobias Gruening/tobias.gruening@planet-ai.de:name=de.uros.citlab.module.baseline2polygon.B2PSeamMultiOriented:v=2.6.7
prov=University of Rostock/Institute of Mathematics/CITlab|PLANET AI GmbH/Tobias Gruening/tobias.gruening@planet-ai.de:name=/net_tf/LA73_249_0mod360.pb:de.uros.citlab.segmentation.CITlab_LA_ML:v=2.6.6
Transkribus</Creator>
        <Created>2020-05-20T16:31:03.717-04:00</Created>
        <LastChange>2021-02-10T19:28:23.844+01:00</LastChange>
        <TranskribusMetadata docId="390168" pageId="15128030" pageNr="35" tsid="52375274" status="IN_PROGRESS" userId="26396" imgUrl="https://files.transkribus.eu/Get?id=CMZRCUXJYFMNVPWRYOAIQOMW&amp;fileType=view" xmlUrl="https://files.transkribus.eu/Get?id=AHVUEIFHTZFOIIAQWAPQMVTQ" imageId="10993534"/>
    </Metadata>
    <Page imageFilename="34.jpg" imageWidth="1778" imageHeight="2500">
        <ReadingOrder>
            <OrderedGroup id="ro_1613567952983" caption="Regions reading order">
                <RegionRefIndexed index="0" regionRef="TextRegion_1609262014682_248"/>
                <RegionRefIndexed index="1" regionRef="TextRegion_1609262014682_247"/>
            </OrderedGroup>
        </ReadingOrder>
        <TextRegion orientation="0.0" id="TextRegion_1609262014682_248" custom="readingOrder {index:0;}">
            <Coords points="323,186 948,186 948,2075 323,2075"/>
            <TextLine id="r1l2" custom="readingOrder {index:0;}">
                <Coords points="338,279 936,279 936,248 865,229 780,228 719,251 479,248 451,232 412,253 338,248"/>
                <Baseline points="343,277 372,277 401,277 431,277 460,276 490,276 519,275 548,275 578,274 607,274 637,273 666,273 695,273 725,272 754,272 784,272 813,272 842,273 872,273 901,274 931,275"/>
                <TextEquiv>
                    <Unicode>non repugnat lacti recipere cuiuscumque intensionis vel</Unicode>
                </TextEquiv>
            </TextLine>
            <TextLine id="r1l4" custom="readingOrder {index:1;}">
                <Coords points="348,316 904,313 939,310 939,280 348,283"/>
                <Baseline points="353,307 382,306 411,305 440,305 469,304 498,303 527,303 556,302 585,302 614,302 643,302 672,301 701,302 730,302 759,302 788,302 817,302 846,303 875,303 904,304 934,304"/>
                <TextEquiv>
                    <Unicode>perfectionis albedinem etc. Capacitas representatiua</Unicode>
                </TextEquiv>
            </TextLine>
            <TextLine id="r1l6" custom="readingOrder {index:2;}">
                <Coords points="350,342 935,339 935,309 350,317"/>
                <Baseline points="355,335 383,334 412,333 441,333 470,332 498,331 527,331 556,330 585,330 613,330 642,329 671,329 700,329 728,329 757,329 786,329 815,329 843,330 872,330 901,331 930,332"/>
                <TextEquiv>
                    <Unicode>est in deo infinita et videtur quod non possit esse in creatura</Unicode>
                </TextEquiv>
            </TextLine>
            <TextLine id="r1l8" custom="readingOrder {index:3;}">
                <Coords points="348,366 930,368 930,339 893,334 348,340"/>
                <Baseline points="353,361 381,362 410,361 438,361 467,361 496,361 524,360 553,360 581,360 610,359 639,359 667,359 696,359 724,358 753,358 782,358 810,359 839,359 867,359 896,360 925,361"/>
                <TextEquiv>
                    <Unicode>nifi limitate propter rationem tantam de perfectione</Unicode>
                </TextEquiv>
            </TextLine>
            <TextLine id="r1l10" custom="readingOrder {index:4;}">
                <Coords points="340,394 931,397 918,365 340,364"/>
                <Baseline points="345,390 374,390 403,390 432,390 461,390 490,390 519,389 548,389 577,388 606,387 635,387 664,386 693,386 722,385 751,385 780,385 809,386 838,386 867,387 896,388 926,390"/>
                <TextEquiv>
                    <Unicode>simplicitur et ex eo qui si posset esse creatura infinite re</Unicode>
                </TextEquiv>
            </TextLine>
            <TextLine id="r1l12" custom="readingOrder {index:5;}">
                <Coords points="340,428 932,423 932,396 832,389 340,394"/>
                <Baseline points="345,421 374,420 403,419 432,418 461,417 490,417 519,416 548,416 577,416 606,415 636,415 665,415 694,415 723,415 752,415 781,416 810,416 839,416 868,417 897,417 927,417"/>
                <TextEquiv>
                    <Unicode>presentatiua tunc posset alicui representare infinite. et</Unicode>
                </TextEquiv>
            </TextLine>
            <TextLine id="r1l14" custom="readingOrder {index:6;}">
                <Coords points="339,454 885,457 935,450 935,426 339,430"/>
                <Baseline points="344,448 373,447 402,447 431,446 461,446 490,446 519,445 549,445 578,444 607,444 637,444 666,444 695,444 724,444 754,444 783,444 812,444 842,444 871,445 900,445 930,446"/>
                <TextEquiv>
                    <Unicode>non deo quia ille non potest sic cognoscere per repraesenta</Unicode>
                </TextEquiv>
            </TextLine>
            <TextLine id="r1l16" custom="readingOrder {index:7;}">
                <Coords points="340,483 918,480 930,451 340,453"/>
                <Baseline points="345,475 374,475 403,474 432,474 461,474 490,473 519,473 548,473 577,472 606,472 635,472 664,472 693,472 722,472 751,472 780,472 809,472 838,472 867,472 896,473 925,473"/>
                <TextEquiv>
                    <Unicode>tionem alterius igitur creature sed hoc non cum non</Unicode>
                </TextEquiv>
            </TextLine>
            <TextLine id="r1l18" custom="readingOrder {index:8;}">
                <Coords points="342,512 930,507 930,483 863,475 342,482"/>
                <Baseline points="347,505 375,504 404,503 433,503 462,502 491,502 520,501 549,501 578,501 607,500 636,500 664,500 693,500 722,500 751,500 780,500 809,501 838,501 867,501 896,501 925,501"/>
                <TextEquiv>
                    <Unicode>possit esse aliqua creatura infinite apprehensiua vi</Unicode>
                </TextEquiv>
            </TextLine>
            <TextLine id="r1l20" custom="readingOrder {index:9;}">
                <Coords points="342,538 923,536 933,506 342,512"/>
                <Baseline points="347,532 376,532 405,531 434,531 463,531 492,530 521,530 550,529 579,529 608,529 637,528 666,528 695,528 724,528 753,528 782,528 811,528 840,528 869,529 898,529 928,530"/>
                <TextEquiv>
                    <Unicode>dictum est. Capacitas eminenter contentatiua etiam con</Unicode>
                </TextEquiv>
            </TextLine>
            <TextLine id="r1l22" custom="readingOrder {index:10;}">
                <Coords points="336,567 887,568 925,564 925,536 336,540"/>
                <Baseline points="341,563 371,562 401,561 432,560 462,559 493,559 523,558 554,557 584,557 615,556 645,556 676,556 706,556 737,556 767,556 798,556 828,556 859,557 889,558 920,559"/>
                <TextEquiv>
                    <Unicode>petit deo illimitate et cuilibet creature secundum gen</Unicode>
                </TextEquiv>
            </TextLine>
            <TextLine id="r1l24" custom="readingOrder {index:11;}">
                <Coords points="338,596 922,597 935,562 338,569"/>
                <Baseline points="343,589 372,588 401,588 431,588 460,587 489,587 519,586 548,586 577,586 607,585 636,585 665,585 695,584 724,584 753,584 783,584 812,585 841,585 871,586 900,587 930,588"/>
                <TextEquiv>
                    <Unicode>et gradum suum. Capacitas circunscriptiua conuenit lo</Unicode>
                </TextEquiv>
            </TextLine>
            <TextLine id="r1l26" custom="readingOrder {index:12;}">
                <Coords points="336,622 931,618 931,596 869,588 336,596"/>
                <Baseline points="341,616 370,616 399,616 428,616 458,616 487,615 516,615 545,615 575,614 604,614 633,614 662,614 692,613 721,613 750,613 779,613 809,613 838,614 867,614 896,615 926,616"/>
                <TextEquiv>
                    <Unicode>cmmun cuilibet infinite cum quilibet locus in infinitum pos</Unicode>
                </TextEquiv>
            </TextLine>
            <TextLine id="r1l28" custom="readingOrder {index:13;}">
                <Coords points="332,651 865,653 929,648 929,624 332,625"/>
                <Baseline points="337,644 366,644 395,644 425,644 454,644 483,644 513,644 542,643 571,643 601,642 630,642 659,642 689,641 718,641 747,641 777,641 806,641 835,641 865,642 894,643 924,644"/>
                <TextEquiv>
                    <Unicode>sit extendi. Capacitas pntialitatis coexistiua conue</Unicode>
                </TextEquiv>
            </TextLine>
            <TextLine id="r1l30" custom="readingOrder {index:14;}">
                <Coords points="336,677 899,683 930,676 930,648 336,651"/>
                <Baseline points="341,673 370,673 399,672 428,672 457,672 487,672 516,672 545,671 574,671 603,671 633,671 662,671 691,670 720,670 749,670 779,670 808,670 837,670 866,670 895,670 925,670"/>
                <TextEquiv>
                    <Unicode>nit cuilibet est infinite quia qualibet creatura coexistit</Unicode>
                </TextEquiv>
            </TextLine>
            <TextLine id="r1l33" custom="readingOrder {index:15;}">
                <Coords points="340,708 890,711 935,707 935,677 340,680"/>
                <Baseline points="345,701 374,701 403,701 432,701 462,700 491,700 520,700 549,699 579,699 608,699 637,698 666,698 696,698 725,698 754,698 783,698 813,698 842,698 871,699 900,700 930,700"/>
                <TextEquiv>
                    <Unicode>deo qui est infusttus etiam qualibetras est capax cuiuslibet rei</Unicode>
                </TextEquiv>
            </TextLine>
            <TextLine id="r1l36" custom="readingOrder {index:16;}">
                <Coords points="336,736 917,738 929,704 336,711"/>
                <Baseline points="341,729 370,729 399,729 428,729 457,729 486,728 515,728 545,728 574,727 603,727 632,727 661,726 690,726 719,726 749,726 778,726 807,726 836,727 865,727 894,728 924,729"/>
                <TextEquiv>
                    <Unicode>create vel canbilis magne vel parue in infinitum pro</Unicode>
                </TextEquiv>
            </TextLine>
            <TextLine id="r1l39" custom="readingOrder {index:17;}">
                <Coords points="342,765 906,767 926,763 926,736 342,738"/>
                <Baseline points="347,756 375,756 404,756 433,756 461,756 490,756 519,756 547,756 576,755 605,755 634,755 662,754 691,754 720,754 748,754 777,754 806,754 834,755 863,755 892,756 921,756"/>
                <TextEquiv>
                    <Unicode>cedendo in magnitudine et multitudine coexistiue ri</Unicode>
                </TextEquiv>
            </TextLine>
            <TextLine id="r1l42" custom="readingOrder {index:18;}">
                <Coords points="340,794 865,792 933,788 933,760 340,766"/>
                <Baseline points="345,785 374,785 403,785 432,785 461,785 490,785 519,785 549,784 578,784 607,784 636,783 665,783 694,783 723,783 753,783 782,783 811,783 840,783 869,783 898,784 928,784"/>
                <TextEquiv>
                    <Unicode>cte sicut distantia separata quam antiqui dixerunt locum</Unicode>
                </TextEquiv>
            </TextLine>
            <TextLine id="r1l45" custom="readingOrder {index:19;}">
                <Coords points="336,818 933,819 934,792 336,794"/>
                <Baseline points="341,813 370,813 399,813 429,813 458,813 488,813 517,813 546,813 576,812 605,812 635,812 664,812 693,811 723,811 752,811 782,811 811,811 840,812 870,812 899,813 929,813"/>
                <TextEquiv>
                    <Unicode>capit in se coexistiue corpus. Nota tamen quod licet cuiuslibet</Unicode>
                </TextEquiv>
            </TextLine>
            <TextLine id="r1l47" custom="readingOrder {index:20;}">
                <Coords points="333,843 929,851 929,821 895,815 333,823"/>
                <Baseline points="338,841 367,841 396,842 425,842 455,842 484,842 513,841 543,841 572,841 601,840 631,840 660,839 689,839 718,839 748,838 777,839 806,839 836,839 865,840 894,841 924,842"/>
                <TextEquiv>
                    <Unicode>rationalis creature capacitas actiua sit finita sic quod</Unicode>
                </TextEquiv>
            </TextLine>
            <TextLine id="r1l49" custom="readingOrder {index:21;}">
                <Coords points="337,875 930,873 930,851 866,843 337,846"/>
                <Baseline points="342,869 371,869 400,869 429,869 458,869 487,869 516,869 546,869 575,868 604,868 633,868 662,868 691,868 720,867 750,867 779,867 808,868 837,868 866,868 895,869 925,870"/>
                <TextEquiv>
                    <Unicode>deus vltra terminum sue speciei praefixum non posset ea</Unicode>
                </TextEquiv>
            </TextLine>
            <TextLine id="r1l51" custom="readingOrder {index:22;}">
                <Coords points="341,905 927,901 926,876 898,871 340,876"/>
                <Baseline points="346,898 374,898 403,898 432,898 461,898 490,898 518,898 547,898 576,897 605,897 634,896 662,896 691,896 720,896 749,895 778,895 806,895 835,896 864,896 893,897 922,897"/>
                <TextEquiv>
                    <Unicode>remanente specie priori amplius dilatare ad capiendi</Unicode>
                </TextEquiv>
            </TextLine>
            <TextLine id="r1l53" custom="readingOrder {index:23;}">
                <Coords points="336,928 930,931 930,902 902,899 336,904"/>
                <Baseline points="341,926 370,926 399,926 428,926 457,926 487,926 516,926 545,925 574,925 603,925 633,924 662,924 691,924 720,923 749,923 779,923 808,924 837,924 866,925 895,925 925,926"/>
                <TextEquiv>
                    <Unicode>vltra talem iminum modum agendi vel se habendi nobi</Unicode>
                </TextEquiv>
            </TextLine>
            <TextLine id="r1l55" custom="readingOrder {index:24;}">
                <Coords points="340,958 936,958 936,928 340,928"/>
                <Baseline points="345,955 374,955 403,955 432,955 462,954 491,954 520,954 550,954 579,953 608,953 638,953 667,953 696,952 725,952 755,952 784,952 813,952 843,953 872,953 901,953 931,954"/>
                <TextEquiv>
                    <Unicode>lionem specifice distictum a modo agendi vel se habendi nobi</Unicode>
                </TextEquiv>
            </TextLine>
            <TextLine id="r1l57" custom="readingOrder {index:25;}">
                <Coords points="338,990 916,990 937,985 937,958 338,959"/>
                <Baseline points="343,983 372,983 401,983 431,982 460,982 490,982 519,982 549,982 578,982 608,982 637,981 666,981 696,981 725,981 755,981 784,981 814,981 843,981 873,981 902,981 932,982"/>
                <TextEquiv>
                    <Unicode>lissimo secudum dictum terminum. sibi competenti sicut non</Unicode>
                </TextEquiv>
            </TextLine>
            <TextLine id="r1l59" custom="readingOrder {index:26;}">
                <Coords points="338,1023 875,1022 935,1014 935,987 338,990"/>
                <Baseline points="343,1012 372,1012 401,1012 431,1012 460,1011 489,1011 519,1010 548,1010 577,1010 607,1009 636,1009 665,1009 695,1008 724,1008 753,1008 783,1008 812,1008 841,1008 871,1009 900,1009 930,1010"/>
                <TextEquiv>
                    <Unicode>potest facere quod anima sensitiua bruti sit capax actiue</Unicode>
                </TextEquiv>
            </TextLine>
            <TextLine id="r1l62" custom="readingOrder {index:27;}">
                <Coords points="338,1043 935,1046 935,1015 338,1022"/>
                <Baseline points="343,1039 372,1040 401,1040 431,1040 460,1040 489,1039 519,1039 548,1038 577,1038 607,1038 636,1037 665,1037 695,1036 724,1036 753,1036 783,1036 812,1036 841,1036 871,1036 900,1037 930,1038"/>
                <TextEquiv>
                    <Unicode>itellectionis vel alicuius nobilioris actionis seu modi</Unicode>
                </TextEquiv>
            </TextLine>
            <TextLine id="r1l65" custom="readingOrder {index:28;}">
                <Coords points="329,1070 931,1075 923,1040 329,1046"/>
                <Baseline points="334,1067 363,1068 393,1068 422,1068 452,1068 482,1068 511,1068 541,1067 570,1067 600,1067 630,1066 659,1066 689,1066 718,1066 748,1065 778,1065 807,1065 837,1065 866,1066 896,1066 926,1066"/>
                <TextEquiv>
                    <Unicode>se habendi. ⁋ Et licet etiam qualibet talis capacitas sit</Unicode>
                </TextEquiv>
            </TextLine>
            <TextLine id="r1l67" custom="readingOrder {index:29;}">
                <Coords points="335,1103 907,1104 933,1099 933,1075 334,1072"/>
                <Baseline points="340,1095 369,1095 398,1096 428,1096 457,1096 487,1096 516,1095 545,1095 575,1095 604,1094 634,1094 663,1094 692,1093 722,1093 751,1093 781,1093 810,1093 839,1093 869,1093 898,1093 928,1094"/>
                <TextEquiv>
                    <Unicode>sic finita quo ad gradum quod aliquo certo gradu dato</Unicode>
                </TextEquiv>
            </TextLine>
            <TextLine id="r1l69" custom="readingOrder {index:30;}">
                <Coords points="328,1126 918,1133 935,1099 328,1103"/>
                <Baseline points="333,1122 362,1123 392,1123 422,1124 452,1124 482,1124 512,1123 541,1123 571,1123 601,1122 631,1122 661,1121 691,1121 721,1121 750,1120 780,1120 810,1120 840,1120 870,1121 900,1121 930,1122"/>
                <TextEquiv>
                    <Unicode>vltra illum se non possit actuare verbi gratia diligendo </Unicode>
                </TextEquiv>
            </TextLine>
            <TextLine id="r1l72" custom="readingOrder {index:31;}">
                <Coords points="340,1158 929,1159 929,1129 889,1125 340,1130"/>
                <Baseline points="345,1151 375,1151 405,1152 436,1152 466,1152 497,1152 527,1152 558,1152 588,1151 619,1151 649,1150 680,1150 710,1150 741,1149 771,1149 802,1149 832,1149 863,1149 893,1149 924,1150"/>
                <TextEquiv>
                    <Unicode>vel cognoscendo et hoc sua capacitate non ampliata</Unicode>
                </TextEquiv>
            </TextLine>
            <TextLine id="r1l75" custom="readingOrder {index:32;}">
                <Coords points="328,1186 906,1190 925,1183 925,1155 328,1162"/>
                <Baseline points="333,1179 362,1179 391,1179 421,1179 450,1179 479,1179 509,1179 538,1179 567,1179 597,1179 626,1179 655,1179 685,1179 714,1178 743,1178 773,1178 802,1178 831,1178 861,1178 890,1177 920,1177"/>
                <TextEquiv>
                    <Unicode>tamen quoque gradu dato vltra illum potest deus eam dila</Unicode>
                </TextEquiv>
            </TextLine>
            <TextLine id="r1l78" custom="readingOrder {index:33;}">
                <Coords points="337,1213 933,1212 933,1188 850,1179 337,1185"/>
                <Baseline points="342,1208 371,1208 400,1208 429,1207 459,1207 488,1207 517,1207 547,1207 576,1207 605,1207 635,1207 664,1207 693,1206 722,1206 752,1206 781,1206 810,1206 840,1206 869,1206 898,1206 928,1206"/>
                <TextEquiv>
                    <Unicode>tare ad duplum et triplum et sic sine statu ita quod tam in </Unicode>
                </TextEquiv>
            </TextLine>
            <TextLine id="r1l81" custom="readingOrder {index:34;}">
                <Coords points="329,1241 925,1244 925,1212 329,1216"/>
                <Baseline points="334,1235 363,1236 392,1236 421,1236 451,1235 480,1235 509,1235 539,1235 568,1235 597,1235 627,1235 656,1234 685,1234 714,1234 744,1234 773,1234 802,1234 832,1234 861,1234 890,1234 920,1235"/>
                <TextEquiv>
                    <Unicode>modo agendi quam se habendi sue speciei competentibus</Unicode>
                </TextEquiv>
            </TextLine>
            <TextLine id="r1l83" custom="readingOrder {index:35;}">
                <Coords points="334,1269 935,1272 920,1240 334,1242"/>
                <Baseline points="339,1263 368,1264 398,1264 427,1264 457,1264 486,1263 516,1263 545,1263 575,1262 604,1262 634,1262 664,1261 693,1261 723,1261 752,1261 782,1261 811,1261 841,1261 870,1262 900,1263 930,1264"/>
                <TextEquiv>
                    <Unicode>in duplo perfectius vel intensius et sic sine statu quan </Unicode>
                </TextEquiv>
            </TextLine>
            <TextLine id="r1l85" custom="readingOrder {index:36;}">
                <Coords points="339,1296 927,1298 926,1273 858,1262 338,1268"/>
                <Baseline points="343,1291 373,1292 403,1292 434,1292 464,1291 495,1291 525,1290 556,1290 586,1289 617,1289 647,1288 678,1288 708,1287 739,1287 769,1287 800,1288 830,1288 861,1289 891,1290 922,1292"/>
                <TextEquiv>
                    <Unicode>tum deo placuerit actuetur. Nunc est sciendum quod de ca¬</Unicode>
                </TextEquiv>
            </TextLine>
            <TextLine id="r1l87" custom="readingOrder {index:37;}">
                <Coords points="332,1329 929,1324 929,1297 875,1292 332,1295"/>
                <Baseline points="337,1320 366,1320 395,1320 425,1319 454,1319 483,1319 513,1319 542,1318 571,1318 601,1318 630,1318 659,1318 689,1318 718,1318 747,1318 777,1318 806,1318 835,1318 865,1319 894,1319 924,1320"/>
                <TextEquiv>
                    <Unicode>pacitate actiua qualis est cognoscitiua vel dilecti</Unicode>
                </TextEquiv>
            </TextLine>
            <TextLine id="r1l89" custom="readingOrder {index:38;}">
                <Coords points="328,1351 931,1355 931,1327 901,1321 328,1329"/>
                <Baseline points="333,1346 362,1347 392,1347 421,1347 451,1347 481,1347 510,1347 540,1346 570,1346 599,1346 629,1345 659,1345 688,1345 718,1344 748,1344 777,1344 807,1345 837,1345 866,1346 896,1347 926,1348"/>
                <TextEquiv>
                    <Unicode>ua in homine triplex occurrit ymaginatio vna quod ipsa</Unicode>
                </TextEquiv>
            </TextLine>
            <TextLine id="r1l91" custom="readingOrder {index:39;}">
                <Coords points="334,1384 929,1381 918,1351 334,1353"/>
                <Baseline points="339,1376 368,1376 397,1376 426,1376 456,1376 485,1375 514,1375 543,1375 573,1375 602,1375 631,1374 660,1374 690,1374 719,1374 748,1374 777,1374 807,1374 836,1374 865,1374 894,1375 924,1375"/>
                <TextEquiv>
                    <Unicode>in qualibet creatura limitate habeat ie ad certum</Unicode>
                </TextEquiv>
            </TextLine>
            <TextLine id="r1l93" custom="readingOrder {index:40;}">
                <Coords points="334,1412 905,1415 927,1407 927,1382 334,1384"/>
                <Baseline points="339,1406 368,1405 397,1404 426,1404 455,1403 484,1403 513,1403 543,1402 572,1402 601,1402 630,1402 659,1402 688,1402 717,1402 747,1402 776,1402 805,1402 834,1402 863,1403 892,1403 922,1403"/>
                <TextEquiv>
                    <Unicode>gradum ad quem est eleuabilis et non vltra etiam per po¬</Unicode>
                </TextEquiv>
            </TextLine>
            <TextLine id="r1l95" custom="readingOrder {index:41;}">
                <Coords points="335,1438 917,1441 933,1439 933,1403 335,1412"/>
                <Baseline points="340,1432 369,1432 398,1432 428,1432 457,1431 487,1431 516,1431 545,1431 575,1431 604,1431 634,1431 663,1431 692,1431 722,1431 751,1431 781,1431 810,1431 839,1431 869,1431 898,1432 928,1432"/>
                <TextEquiv>
                    <Unicode>tentiam dei absolutam ita vt tante vel tanto gradu se</Unicode>
                </TextEquiv>
            </TextLine>
            <TextLine id="r1l97" custom="readingOrder {index:42;}">
                <Coords points="324,1470 931,1469 931,1440 899,1434 324,1437"/>
                <Baseline points="329,1463 358,1462 388,1461 418,1460 448,1459 478,1459 508,1459 537,1458 567,1458 597,1458 627,1458 657,1459 687,1459 717,1459 746,1459 776,1459 806,1459 836,1459 866,1459 896,1459 926,1458"/>
                <TextEquiv>
                    <Unicode>possit actuare dei adiutorio et non vltra quia tota sua</Unicode>
                </TextEquiv>
            </TextLine>
            <TextLine id="r1l99" custom="readingOrder {index:43;}">
                <Coords points="334,1493 925,1496 931,1468 334,1471"/>
                <Baseline points="339,1489 368,1489 397,1488 427,1488 456,1488 485,1487 515,1487 544,1487 573,1487 603,1486 632,1486 661,1486 691,1486 720,1486 749,1486 779,1486 808,1486 837,1487 867,1487 896,1487 926,1488"/>
                <TextEquiv>
                    <Unicode>capacitas illo gradu actuationis vltimate absolu</Unicode>
                </TextEquiv>
            </TextLine>
            <TextLine id="r1l101" custom="readingOrder {index:44;}">
                <Coords points="331,1524 929,1524 929,1496 845,1489 331,1494"/>
                <Baseline points="336,1518 365,1518 394,1517 424,1517 453,1516 483,1516 512,1516 541,1515 571,1515 600,1515 630,1515 659,1515 688,1515 718,1515 747,1515 777,1515 806,1515 835,1515 865,1515 894,1516 924,1516"/>
                <TextEquiv>
                    <Unicode>te repletur ita quod icludit repugnantiam esse talem creatu</Unicode>
                </TextEquiv>
            </TextLine>
            <TextLine id="r1l103" custom="readingOrder {index:45;}">
                <Coords points="329,1553 929,1551 915,1518 329,1523"/>
                <Baseline points="334,1546 363,1546 393,1545 422,1545 452,1545 481,1545 511,1544 540,1544 570,1544 599,1544 629,1543 658,1543 688,1543 717,1543 747,1543 776,1543 806,1543 835,1543 865,1543 894,1543 924,1544"/>
                <TextEquiv>
                    <Unicode>ram et eam vltra talem gradum actuari et isto modo procedunt</Unicode>
                </TextEquiv>
            </TextLine>
            <TextLine id="r1l105" custom="readingOrder {index:46;}">
                <Coords points="328,1576 926,1580 911,1548 328,1552"/>
                <Baseline points="333,1573 362,1573 391,1573 421,1573 450,1572 480,1572 509,1572 538,1572 568,1572 597,1572 627,1571 656,1571 685,1571 715,1571 744,1571 774,1571 803,1572 832,1572 862,1572 891,1573 921,1574"/>
                <TextEquiv>
                    <Unicode>ea que dicta sunt in notabili precedenti. Secunda</Unicode>
                </TextEquiv>
            </TextLine>
            <TextLine id="r1l107" custom="readingOrder {index:47;}">
                <Coords points="330,1611 916,1611 927,1579 330,1580"/>
                <Baseline points="335,1601 364,1601 393,1601 423,1601 452,1601 481,1600 511,1600 540,1600 569,1600 599,1599 628,1599 657,1599 687,1599 716,1599 745,1599 775,1599 804,1600 833,1600 863,1601 892,1601 922,1602"/>
                <TextEquiv>
                    <Unicode>ymaginatio quod qualibet creatura vltra quemlibet gra</Unicode>
                </TextEquiv>
            </TextLine>
            <TextLine id="r1l109" custom="readingOrder {index:48;}">
                <Coords points="324,1632 923,1638 908,1606 324,1610"/>
                <Baseline points="329,1628 358,1629 387,1629 417,1629 446,1629 476,1629 505,1629 535,1629 564,1628 594,1628 623,1628 652,1628 682,1627 711,1627 741,1627 770,1627 800,1628 829,1628 859,1629 888,1629 918,1630"/>
                <TextEquiv>
                    <Unicode>dum finitum datum vel dabilem actuationis in duplo</Unicode>
                </TextEquiv>
            </TextLine>
            <TextLine id="r1l111" custom="readingOrder {index:49;}">
                <Coords points="331,1667 929,1662 923,1635 331,1636"/>
                <Baseline points="336,1656 365,1657 394,1657 424,1657 453,1658 483,1658 512,1657 541,1657 571,1657 600,1657 630,1656 659,1656 688,1656 718,1656 747,1656 777,1656 806,1656 835,1656 865,1657 894,1657 924,1658"/>
                <TextEquiv>
                    <Unicode>perfectius actuari potest et in triplo et sic sine fine et ita</Unicode>
                </TextEquiv>
            </TextLine>
            <TextLine id="r1l113" custom="readingOrder {index:50;}">
                <Coords points="322,1689 892,1699 923,1690 923,1665 322,1669"/>
                <Baseline points="327,1685 356,1685 386,1684 415,1684 445,1684 474,1684 504,1684 533,1684 563,1684 592,1684 622,1684 652,1684 681,1684 711,1684 740,1684 770,1684 799,1685 829,1685 858,1685 888,1686 918,1686"/>
                <TextEquiv>
                    <Unicode>capacitas actiua creature est infinita secundum quid </Unicode>
                </TextEquiv>
            </TextLine>
            <TextLine id="r1l115" custom="readingOrder {index:51;}">
                <Coords points="327,1718 931,1721 919,1689 327,1686"/>
                <Baseline points="332,1713 361,1713 391,1713 421,1713 450,1713 480,1713 510,1712 539,1712 569,1712 599,1712 629,1712 658,1712 688,1712 718,1712 747,1712 777,1712 807,1712 836,1713 866,1713 896,1714 926,1715"/>
                <TextEquiv>
                    <Unicode>quia modo praedicto in infinitum procedendo capax est</Unicode>
                </TextEquiv>
            </TextLine>
            <TextLine id="r1l117" custom="readingOrder {index:52;}">
                <Coords points="340,1753 931,1748 931,1722 882,1714 340,1721"/>
                <Baseline points="345,1742 374,1741 403,1741 432,1741 461,1740 490,1740 519,1740 548,1740 577,1740 606,1740 635,1740 664,1740 693,1740 722,1740 751,1741 780,1741 809,1741 838,1742 867,1742 896,1743 926,1743"/>
                <TextEquiv>
                    <Unicode>pfectioris et perfectioris actuationis tam intensiue</Unicode>
                </TextEquiv>
            </TextLine>
            <TextLine id="r1l119" custom="readingOrder {index:53;}">
                <Coords points="325,1775 925,1776 925,1751 888,1744 325,1748"/>
                <Baseline points="330,1769 359,1769 389,1768 418,1768 448,1768 477,1768 507,1768 536,1768 566,1768 595,1768 625,1768 654,1769 684,1769 713,1769 743,1769 772,1770 802,1770 831,1770 861,1771 890,1771 920,1771"/>
                <TextEquiv>
                    <Unicode>secundum gradus indiuiduor eiusdem speciei quam etiam di</Unicode>
                </TextEquiv>
            </TextLine>
            <TextLine id="r1l121" custom="readingOrder {index:54;}">
                <Coords points="329,1804 927,1806 927,1776 901,1774 329,1775"/>
                <Baseline points="334,1798 363,1798 392,1797 422,1797 451,1797 481,1797 510,1797 539,1797 569,1797 598,1797 628,1797 657,1798 686,1798 716,1798 745,1798 775,1798 804,1798 833,1798 863,1799 892,1799 922,1799"/>
                <TextEquiv>
                    <Unicode>uersarum specierum non tamen est infinita simpliciter sed </Unicode>
                </TextEquiv>
            </TextLine>
            <TextLine id="r1l123" custom="readingOrder {index:55;}">
                <Coords points="328,1828 921,1830 921,1804 885,1801 328,1805"/>
                <Baseline points="333,1827 362,1826 391,1826 420,1825 449,1825 478,1825 507,1825 537,1825 566,1825 595,1825 624,1825 653,1825 682,1826 711,1826 741,1826 770,1826 799,1827 828,1827 857,1827 886,1827 916,1827"/>
                <TextEquiv>
                    <Unicode>adhuc se habet limitate et finite quae ad hoc quod cuius¬</Unicode>
                </TextEquiv>
            </TextLine>
            <TextLine id="r1l125" custom="readingOrder {index:56;}">
                <Coords points="324,1865 920,1859 908,1830 324,1828"/>
                <Baseline points="329,1855 358,1855 387,1854 416,1854 446,1854 475,1853 504,1853 534,1853 563,1853 592,1854 622,1854 651,1854 680,1854 709,1855 739,1855 768,1855 797,1855 827,1856 856,1856 885,1856 915,1856"/>
                <TextEquiv>
                    <Unicode>libet gradus actuationis ipsa est capax talis gradus est fi</Unicode>
                </TextEquiv>
            </TextLine>
            <TextLine id="r1l127" custom="readingOrder {index:57;}">
                <Coords points="329,1889 927,1896 914,1859 329,1862"/>
                <Baseline points="334,1882 363,1882 392,1882 422,1882 451,1882 481,1882 510,1882 539,1882 569,1882 598,1882 628,1882 657,1882 686,1882 716,1882 745,1883 775,1883 804,1883 833,1884 863,1885 892,1885 922,1886"/>
                <TextEquiv>
                    <Unicode>nitus nec potest simul actuari modo praedicto ad omnia est</Unicode>
                </TextEquiv>
            </TextLine>
            <TextLine id="r1l129" custom="readingOrder {index:58;}">
                <Coords points="320,1911 922,1917 909,1888 320,1884"/>
                <Baseline points="325,1910 354,1910 384,1910 413,1911 443,1911 473,1911 502,1911 532,1911 561,1911 591,1911 621,1911 650,1911 680,1911 709,1911 739,1911 769,1912 798,1912 828,1912 857,1913 887,1913 917,1914"/>
                <TextEquiv>
                    <Unicode>capax. verbi gratia. Capacitas cognoscitiua in homine</Unicode>
                </TextEquiv>
            </TextLine>
            <TextLine id="r1l131" custom="readingOrder {index:59;}">
                <Coords points="320,1944 924,1949 925,1919 321,1912"/>
                <Baseline points="325,1939 354,1939 384,1939 414,1939 443,1939 473,1939 503,1939 532,1939 562,1939 592,1939 622,1939 651,1939 681,1940 711,1940 740,1940 770,1940 800,1941 829,1941 859,1941 889,1942 919,1942"/>
                <TextEquiv>
                    <Unicode>licet possit actuari modo praedicto non tamen sic quod homo si</Unicode>
                </TextEquiv>
            </TextLine>
            <TextLine id="r1l133" custom="readingOrder {index:60;}">
                <Coords points="326,1970 925,1977 925,1952 902,1942 326,1945"/>
                <Baseline points="331,1966 360,1966 389,1967 419,1967 448,1967 478,1968 507,1968 537,1968 566,1968 596,1968 625,1968 654,1968 684,1969 713,1969 743,1969 772,1969 802,1969 831,1970 861,1970 890,1970 920,1971"/>
                <TextEquiv>
                    <Unicode>mul vel vno intuitu cognoscat omne cognoscibile</Unicode>
                </TextEquiv>
            </TextLine>
            <TextLine id="r1l135" custom="readingOrder {index:61;}">
                <Coords points="323,2003 918,2003 918,1976 888,1972 323,1972"/>
                <Baseline points="328,1995 357,1995 386,1996 415,1996 445,1996 474,1996 503,1996 532,1996 562,1996 591,1996 620,1996 649,1996 679,1997 708,1997 737,1997 766,1997 796,1998 825,1998 854,1999 883,1999 913,2000"/>
                <TextEquiv>
                    <Unicode>Tertia ymaginatio quod capacitas creature actiua</Unicode>
                </TextEquiv>
            </TextLine>
            <TextLine id="r1l137" custom="readingOrder {index:62;}">
                <Coords points="325,2027 920,2033 920,2005 840,1999 325,2003"/>
                <Baseline points="330,2023 359,2024 388,2024 417,2025 447,2025 476,2025 505,2025 534,2025 564,2025 593,2025 622,2025 651,2025 681,2025 710,2025 739,2025 768,2025 798,2026 827,2026 856,2026 885,2027 915,2028"/>
                <TextEquiv>
                    <Unicode>est tanta quod simul potest actuari respectu omnium quarum</Unicode>
                </TextEquiv>
            </TextLine>
            <TextLine id="r1l139" custom="readingOrder {index:63;}">
                <Coords points="318,2071 931,2074 931,2034 904,2028 318,2026"/>
                <Baseline points="323,2052 353,2053 383,2054 413,2055 443,2055 473,2055 503,2055 534,2055 564,2055 594,2055 624,2055 654,2055 684,2055 714,2055 745,2055 775,2055 805,2055 835,2056 865,2057 895,2058 926,2060"/>
                <TextEquiv>
                    <Unicode>est capax. vebi gratia cognoscibilitas sorti posset sic</Unicode>
                </TextEquiv>
            </TextLine>
            <TextEquiv>
                <Unicode>non repugnat lacti recipere cuiuscumque intensionis vel
perfectionis albedinem etc. Capacitas representatiua
est in deo infinita et videtur quod non possit esse in creatura
nifi limitate propter rationem tantam de perfectione
simplicitur et ex eo qui si posset esse creatura infinite re
presentatiua tunc posset alicui representare infinite. et
non deo quia ille non potest sic cognoscere per repraesenta
tionem alterius igitur creature sed hoc non cum non
possit esse aliqua creatura infinite apprehensiua vi
dictum est. Capacitas eminenter contentatiua etiam con
petit deo illimitate et cuilibet creature secundum gen
et gradum suum. Capacitas circunscriptiua conuenit lo
cmmun cuilibet infinite cum quilibet locus in infinitum pos
sit extendi. Capacitas pntialitatis coexistiua conue
nit cuilibet est infinite quia qualibet creatura coexistit
deo qui est infusttus etiam qualibetras est capax cuiuslibet rei
create vel canbilis magne vel parue in infinitum pro
cedendo in magnitudine et multitudine coexistiue ri
cte sicut distantia separata quam antiqui dixerunt locum
capit in se coexistiue corpus. Nota tamen quod licet cuiuslibet
rationalis creature capacitas actiua sit finita sic quod
deus vltra terminum sue speciei praefixum non posset ea
remanente specie priori amplius dilatare ad capiendi
vltra talem iminum modum agendi vel se habendi nobi
lionem specifice distictum a modo agendi vel se habendi nobi
lissimo secudum dictum terminum. sibi competenti sicut non
potest facere quod anima sensitiua bruti sit capax actiue
itellectionis vel alicuius nobilioris actionis seu modi
se habendi. ⁋ Et licet etiam qualibet talis capacitas sit
sic finita quo ad gradum quod aliquo certo gradu dato
vltra illum se non possit actuare verbi gratia diligendo 
vel cognoscendo et hoc sua capacitate non ampliata
tamen quoque gradu dato vltra illum potest deus eam dila
tare ad duplum et triplum et sic sine statu ita quod tam in 
modo agendi quam se habendi sue speciei competentibus
in duplo perfectius vel intensius et sic sine statu quan 
tum deo placuerit actuetur. Nunc est sciendum quod de ca¬
pacitate actiua qualis est cognoscitiua vel dilecti
ua in homine triplex occurrit ymaginatio vna quod ipsa
in qualibet creatura limitate habeat ie ad certum
gradum ad quem est eleuabilis et non vltra etiam per po¬
tentiam dei absolutam ita vt tante vel tanto gradu se
possit actuare dei adiutorio et non vltra quia tota sua
capacitas illo gradu actuationis vltimate absolu
te repletur ita quod icludit repugnantiam esse talem creatu
ram et eam vltra talem gradum actuari et isto modo procedunt
ea que dicta sunt in notabili precedenti. Secunda
ymaginatio quod qualibet creatura vltra quemlibet gra
dum finitum datum vel dabilem actuationis in duplo
perfectius actuari potest et in triplo et sic sine fine et ita
capacitas actiua creature est infinita secundum quid 
quia modo praedicto in infinitum procedendo capax est
pfectioris et perfectioris actuationis tam intensiue
secundum gradus indiuiduor eiusdem speciei quam etiam di
uersarum specierum non tamen est infinita simpliciter sed 
adhuc se habet limitate et finite quae ad hoc quod cuius¬
libet gradus actuationis ipsa est capax talis gradus est fi
nitus nec potest simul actuari modo praedicto ad omnia est
capax. verbi gratia. Capacitas cognoscitiua in homine
licet possit actuari modo praedicto non tamen sic quod homo si
mul vel vno intuitu cognoscat omne cognoscibile
Tertia ymaginatio quod capacitas creature actiua
est tanta quod simul potest actuari respectu omnium quarum
est capax. vebi gratia cognoscibilitas sorti posset sic</Unicode>
            </TextEquiv>
        </TextRegion>
        <TextRegion orientation="0.0" id="TextRegion_1609262014682_247" custom="readingOrder {index:1;}">
            <Coords points="948,186 1573,186 1573,2075 948,2075"/>
            <TextLine id="line_1609262064846_261" custom="readingOrder {index:0;}">
                <Coords points="968,283 1570,286 1570,248 1514,239 1461,257 1309,239 1236,258 1150,239 968,247"/>
                <Baseline points="973,279 1565,281"/>
                <TextEquiv>
                    <Unicode>actuari quod simul et semel cognosceret omnia cognosci</Unicode>
                </TextEquiv>
            </TextLine>
            <TextLine id="r1l5" custom="readingOrder {index:1;}">
                <Coords points="973,314 1566,309 1557,283 973,284"/>
                <Baseline points="978,307 1007,308 1036,308 1065,308 1094,308 1123,308 1152,308 1182,308 1211,307 1240,307 1269,307 1298,307 1327,307 1356,307 1386,307 1415,307 1444,307 1473,308 1502,308 1531,308 1561,309"/>
                <TextEquiv>
                    <Unicode>bilia a creatura Set tunc staret adhuc quod illa capa¬</Unicode>
                </TextEquiv>
            </TextLine>
            <TextLine id="r1l7" custom="readingOrder {index:2;}">
                <Coords points="971,341 1568,347 1568,316 1495,310 971,314"/>
                <Baseline points="976,335 1005,336 1034,336 1064,337 1093,337 1122,337 1152,337 1181,336 1210,336 1240,336 1269,336 1298,336 1328,336 1357,335 1386,335 1416,336 1445,336 1474,336 1504,337 1533,337 1563,338"/>
                <TextEquiv>
                    <Unicode>citas esset finita et quod ipse cognosceret simpliciter infinita</Unicode>
                </TextEquiv>
            </TextLine>
            <TextLine id="r1l9" custom="readingOrder {index:3;}">
                <Coords points="971,368 1571,373 1571,345 1509,340 971,341"/>
                <Baseline points="976,364 1005,364 1035,364 1064,364 1094,365 1123,365 1153,365 1182,365 1212,364 1241,364 1271,364 1300,364 1330,364 1359,364 1389,364 1418,363 1448,363 1477,363 1507,363 1536,364 1566,364"/>
                <TextEquiv>
                    <Unicode>aliquam actu cognoscendi finito vltra quem no posset per¬</Unicode>
                </TextEquiv>
            </TextLine>
            <TextLine id="r1l11" custom="readingOrder {index:4;}">
                <Coords points="968,398 1562,399 1562,375 1531,369 968,368"/>
                <Baseline points="973,392 1002,393 1031,393 1060,394 1089,394 1119,394 1148,394 1177,393 1206,393 1235,393 1265,392 1294,392 1323,392 1352,392 1381,392 1411,392 1440,392 1469,392 1498,392 1527,393 1557,394"/>
                <TextEquiv>
                    <Unicode>fectius cognoscere pro vt tactum est in prima ymaginatione</Unicode>
                </TextEquiv>
            </TextLine>
            <TextLine id="r1l13" custom="readingOrder {index:5;}">
                <Coords points="970,422 1562,428 1549,399 970,397"/>
                <Baseline points="975,420 1004,421 1033,421 1062,422 1091,422 1120,422 1149,422 1178,421 1207,421 1236,421 1266,421 1295,420 1324,420 1353,420 1382,420 1411,420 1440,421 1469,421 1498,422 1527,423 1557,424"/>
                <TextEquiv>
                    <Unicode>vel aliqua actu finito vltra quem tamen si deo placeret pos</Unicode>
                </TextEquiv>
            </TextLine>
            <TextLine id="r1l15" custom="readingOrder {index:6;}">
                <Coords points="969,458 1565,463 1564,427 1522,424 968,422"/>
                <Baseline points="974,449 1003,450 1032,450 1061,450 1091,450 1120,450 1149,449 1179,449 1208,449 1237,449 1267,449 1296,448 1325,448 1354,448 1384,448 1413,448 1442,449 1472,449 1501,450 1530,450 1560,451"/>
                <TextEquiv>
                    <Unicode>set in duplo perfectius talia infinita cognoscere vel in tri</Unicode>
                </TextEquiv>
            </TextLine>
            <TextLine id="r1l17" custom="readingOrder {index:7;}">
                <Coords points="970,488 1565,484 1565,463 1534,453 970,458"/>
                <Baseline points="975,478 1004,478 1033,478 1062,478 1092,478 1121,478 1150,478 1179,478 1209,478 1238,478 1267,478 1296,477 1326,477 1355,477 1384,477 1413,477 1443,477 1472,477 1501,478 1530,478 1560,479"/>
                <TextEquiv>
                    <Unicode>plo et sic sine statu pro vt tactum est in secunda ymaginatione.</Unicode>
                </TextEquiv>
            </TextLine>
            <TextLine id="r1l19" custom="readingOrder {index:8;}">
                <Coords points="966,514 1558,517 1566,484 966,488"/>
                <Baseline points="971,504 1000,505 1030,506 1059,506 1089,506 1118,506 1148,506 1177,506 1207,506 1236,506 1266,505 1295,505 1325,505 1354,505 1384,505 1413,505 1443,505 1472,506 1502,506 1531,507 1561,508"/>
                <TextEquiv>
                    <Unicode>Set adhuc subdiuiditur ista tertia ymaginatio eo quod </Unicode>
                </TextEquiv>
            </TextLine>
            <TextLine id="r1l21" custom="readingOrder {index:9;}">
                <Coords points="970,541 1553,545 1571,542 1571,510 970,512"/>
                <Baseline points="975,535 1004,535 1034,536 1063,536 1093,536 1122,536 1152,535 1181,535 1211,535 1240,535 1270,534 1300,534 1329,534 1359,534 1388,534 1418,534 1447,534 1477,534 1506,535 1536,535 1566,536"/>
                <TextEquiv>
                    <Unicode>ipsa stante posset dici quod creatura sit actuata incogni</Unicode>
                </TextEquiv>
            </TextLine>
            <TextLine id="r1l23" custom="readingOrder {index:10;}">
                <Coords points="974,568 1566,571 1566,544 1513,539 974,540"/>
                <Baseline points="979,562 1008,562 1037,563 1066,563 1095,563 1124,563 1153,563 1182,563 1211,563 1240,563 1270,563 1299,562 1328,562 1357,562 1386,562 1415,562 1444,562 1473,562 1502,563 1531,563 1561,563"/>
                <TextEquiv>
                    <Unicode>tione adhuc non sciret omnia quae deus scit quia quaedam veritates</Unicode>
                </TextEquiv>
            </TextLine>
            <TextLine id="r1l25" custom="readingOrder {index:11;}">
                <Coords points="971,599 1571,599 1571,570 1549,568 971,569"/>
                <Baseline points="976,591 1005,592 1035,592 1064,592 1094,592 1123,592 1153,592 1182,591 1212,591 1241,591 1271,591 1300,591 1330,591 1359,591 1389,591 1418,591 1448,591 1477,592 1507,592 1536,592 1566,593"/>
                <TextEquiv>
                    <Unicode>tam infinite sunt excellentes quod creatura non est ad earum</Unicode>
                </TextEquiv>
            </TextLine>
            <TextLine id="r1l27" custom="readingOrder {index:12;}">
                <Coords points="975,626 1567,626 1567,602 1449,592 975,601"/>
                <Baseline points="980,620 1009,620 1038,620 1067,620 1096,620 1125,620 1154,620 1183,620 1212,619 1241,619 1271,619 1300,619 1329,619 1358,619 1387,619 1416,619 1445,619 1474,619 1503,620 1532,620 1562,620"/>
                <TextEquiv>
                    <Unicode>cognitionem eleuabilis vel etiam dici posset quod crea¬</Unicode>
                </TextEquiv>
            </TextLine>
            <TextLine id="r1l29" custom="readingOrder {index:13;}">
                <Coords points="974,654 1563,653 1563,629 1503,623 974,625"/>
                <Baseline points="979,648 1009,648 1039,648 1070,649 1100,649 1131,649 1161,649 1192,648 1222,648 1253,648 1283,648 1314,648 1344,648 1375,648 1405,648 1436,648 1466,648 1497,648 1527,648 1558,649"/>
                <TextEquiv>
                    <Unicode>tura sic actuata cognosceret omnia quae deus scit distincte</Unicode>
                </TextEquiv>
            </TextLine>
            <TextLine id="r1l31" custom="readingOrder {index:14;}">
                <Coords points="972,680 1571,681 1559,653 972,654"/>
                <Baseline points="977,676 1006,676 1035,677 1065,677 1094,677 1124,677 1153,677 1183,677 1212,677 1242,677 1271,677 1300,677 1330,676 1359,676 1389,676 1418,676 1448,676 1477,676 1507,676 1536,676 1566,676"/>
                <TextEquiv>
                    <Unicode>et cum limitate modo predicto ⁋ Ad tertium negatur con</Unicode>
                </TextEquiv>
            </TextLine>
            <TextLine id="r1l34" custom="readingOrder {index:15;}">
                <Coords points="973,712 1573,717 1573,680 973,680"/>
                <Baseline points="978,705 1007,705 1037,706 1066,706 1096,706 1125,705 1155,705 1184,705 1214,705 1243,705 1273,704 1302,704 1332,704 1361,704 1391,704 1420,704 1450,704 1479,705 1509,705 1538,706 1568,707"/>
                <TextEquiv>
                    <Unicode>sequentia quia licet executio bone voluntati non addat</Unicode>
                </TextEquiv>
            </TextLine>
            <TextLine id="r1l37" custom="readingOrder {index:16;}">
                <Coords points="971,739 1569,742 1569,716 1486,708 971,711"/>
                <Baseline points="976,733 1005,733 1034,733 1064,733 1093,733 1123,733 1152,733 1181,733 1211,733 1240,733 1270,733 1299,733 1328,733 1358,733 1387,733 1417,733 1446,733 1475,733 1505,734 1534,734 1564,734"/>
                <TextEquiv>
                    <Unicode>nouum meritum super voluntatem tamen est meritoria ymo</Unicode>
                </TextEquiv>
            </TextLine>
            <TextLine id="r1l40" custom="readingOrder {index:17;}">
                <Coords points="973,766 1565,767 1548,739 973,742"/>
                <Baseline points="978,761 1007,761 1036,762 1065,762 1094,762 1123,761 1152,761 1181,761 1210,761 1239,761 1269,761 1298,761 1327,761 1356,761 1385,762 1414,762 1443,762 1472,762 1501,762 1530,763 1560,763"/>
                <TextEquiv>
                    <Unicode>etiam facit ad augmentum meriti quia per ipsum potest cre</Unicode>
                </TextEquiv>
            </TextLine>
            <TextLine id="r1l43" custom="readingOrder {index:18;}">
                <Coords points="971,796 1563,802 1563,767 971,766"/>
                <Baseline points="976,789 1005,789 1034,790 1063,790 1092,790 1121,790 1150,790 1179,790 1208,790 1237,790 1267,790 1296,790 1325,790 1354,790 1383,790 1412,790 1441,790 1470,790 1499,791 1528,791 1558,791"/>
                <TextEquiv>
                    <Unicode>scere volitio bona preuia et etiam per ipsam pueni¬</Unicode>
                </TextEquiv>
            </TextLine>
            <TextLine id="line_1609261948680_201" custom="readingOrder {index:19;}">
                <Coords points="970,824 1578,827 1571,791 970,795"/>
                <Baseline points="975,818 1010,818 1046,818 1082,818 1118,818 1154,817 1190,817 1226,817 1262,817 1298,818 1334,818 1369,818 1405,818 1441,818 1477,818 1513,818 1549,819 1573,819"/>
                <TextEquiv>
                    <Unicode>tur ad bonam volitionem sequentem quam ipsa compri</Unicode>
                </TextEquiv>
            </TextLine>
            <TextLine id="line_1609261948681_203" custom="readingOrder {index:20;}">
                <Coords points="973,850 1566,857 1579,827 974,825"/>
                <Baseline points="978,847 1014,847 1050,846 1086,846 1123,846 1159,846 1195,846 1231,846 1268,846 1304,846 1340,846 1376,847 1413,847 1449,847 1485,848 1521,848 1558,848 1573,848"/>
                <TextEquiv>
                    <Unicode>cipiat tanquam comprincipium mediatum et singulariter</Unicode>
                </TextEquiv>
            </TextLine>
            <TextLine id="line_1609261948682_205" custom="readingOrder {index:21;}">
                <Coords points="965,879 1578,883 1578,853 965,846"/>
                <Baseline points="970,874 1006,874 1043,874 1079,874 1116,874 1153,874 1189,874 1226,874 1263,874 1299,874 1336,875 1373,875 1409,875 1446,875 1483,875 1519,876 1556,876 1573,876"/>
                <TextEquiv>
                    <Unicode>hoc facit studium theologie recter sicut prudentia</Unicode>
                </TextEquiv>
            </TextLine>
            <TextLine id="line_1609261948683_207" custom="readingOrder {index:22;}">
                <Coords points="971,908 1578,908 1578,884 1536,879 971,879"/>
                <Baseline points="976,901 1011,902 1047,902 1083,903 1119,903 1154,903 1190,903 1226,903 1262,903 1297,903 1333,903 1369,903 1405,903 1440,903 1476,903 1512,903 1548,904 1573,904"/>
                <TextEquiv>
                    <Unicode>dicitur esse virtus quia comprincipiat bonas volitiones</Unicode>
                </TextEquiv>
            </TextLine>
            <TextLine id="line_1609261948684_209" custom="readingOrder {index:23;}">
                <Coords points="974,938 1561,941 1578,908 974,909"/>
                <Baseline points="979,930 1015,930 1051,930 1087,931 1123,931 1159,931 1195,931 1231,931 1267,931 1303,931 1339,931 1375,931 1411,931 1447,932 1483,932 1519,932 1555,932 1573,932"/>
                <TextEquiv>
                    <Unicode>deliberatas debere haberi de supposito. seu praemo</Unicode>
                </TextEquiv>
            </TextLine>
            <TextLine id="line_1609261948685_211" custom="readingOrder {index:24;}">
                <Coords points="970,962 1578,966 1578,936 970,938"/>
                <Baseline points="975,959 1011,959 1048,959 1084,959 1121,959 1158,959 1194,960 1231,960 1267,960 1304,960 1341,960 1377,960 1414,961 1450,961 1487,961 1524,961 1560,961 1573,961"/>
                <TextEquiv>
                    <Unicode>ante teneo communem viam quod sit verum et patet hoc per</Unicode>
                </TextEquiv>
            </TextLine>
            <TextLine id="line_1609261948688_213" custom="readingOrder {index:25;}">
                <Coords points="975,995 1578,990 1567,963 975,963"/>
                <Baseline points="980,987 1015,987 1050,988 1085,988 1120,988 1155,988 1190,988 1226,988 1261,988 1296,988 1331,987 1366,987 1401,988 1436,988 1472,988 1507,988 1542,988 1573,988"/>
                <TextEquiv>
                    <Unicode>hugonem libro secudo de sapientia parte. xi2x .c. vi. vbi in </Unicode>
                </TextEquiv>
            </TextLine>
            <TextLine id="r1l60" custom="readingOrder {index:26;}">
                <Coords points="975,1017 1562,1020 1562,996 1541,992 975,994"/>
                <Baseline points="980,1015 1008,1015 1037,1016 1066,1016 1095,1016 1124,1016 1153,1016 1181,1016 1210,1016 1239,1016 1268,1016 1297,1016 1326,1016 1355,1016 1383,1016 1412,1016 1441,1016 1470,1016 1499,1017 1528,1017 1557,1018"/>
                <TextEquiv>
                    <Unicode>ter multa circa hanc materiam praemissa ex intentione in </Unicode>
                </TextEquiv>
            </TextLine>
            <TextLine id="r1l63" custom="readingOrder {index:27;}">
                <Coords points="968,1047 1569,1054 1569,1016 968,1019"/>
                <Baseline points="973,1043 1002,1043 1032,1043 1061,1043 1091,1043 1120,1044 1150,1044 1179,1044 1209,1044 1238,1044 1268,1044 1298,1044 1327,1044 1357,1044 1386,1044 1416,1044 1445,1044 1475,1045 1504,1045 1534,1045 1564,1045"/>
                <TextEquiv>
                    <Unicode>fert totum igitur meritum a voluntate est. quantum vis tan</Unicode>
                </TextEquiv>
            </TextLine>
            <TextLine id="line_1609261948689_215" custom="readingOrder {index:28;}">
                <Coords points="970,1077 1535,1086 1578,1071 1535,1048 970,1048"/>
                <Baseline points="975,1072 1011,1072 1047,1071 1083,1071 1120,1071 1156,1071 1192,1071 1229,1072 1265,1072 1301,1072 1338,1072 1374,1073 1410,1073 1446,1073 1483,1073 1519,1074 1555,1074 1573,1074"/>
                <TextEquiv>
                    <Unicode>tum mereris quid ergo facit opus respondet hugo.</Unicode>
                </TextEquiv>
            </TextLine>
            <TextLine id="line_1609261948690_217" custom="readingOrder {index:29;}">
                <Coords points="971,1107 1578,1106 1570,1075 971,1076"/>
                <Baseline points="976,1098 1012,1099 1048,1099 1084,1099 1120,1100 1156,1100 1192,1100 1228,1100 1264,1101 1300,1101 1336,1101 1372,1101 1408,1101 1444,1102 1480,1102 1516,1102 1552,1102 1573,1102"/>
                <TextEquiv>
                    <Unicode>⁋ Si voluntatem sine opere habere non potest quando</Unicode>
                </TextEquiv>
            </TextLine>
            <TextLine id="r1l70" custom="readingOrder {index:30;}">
                <Coords points="973,1136 1567,1136 1567,1111 1514,1106 973,1108"/>
                <Baseline points="978,1128 1007,1128 1036,1128 1065,1128 1094,1128 1124,1128 1153,1128 1182,1128 1211,1128 1240,1128 1270,1129 1299,1129 1328,1129 1357,1129 1386,1129 1416,1129 1445,1130 1474,1130 1503,1130 1532,1130 1562,1130"/>
                <TextEquiv>
                    <Unicode>operari potest non est voluntas si non operatur.</Unicode>
                </TextEquiv>
            </TextLine>
            <TextLine id="r1l73" custom="readingOrder {index:31;}">
                <Coords points="965,1166 1567,1167 1567,1136 1542,1134 965,1134"/>
                <Baseline points="970,1155 999,1155 1029,1156 1058,1156 1088,1156 1118,1156 1147,1156 1177,1156 1206,1157 1236,1157 1266,1157 1295,1157 1325,1157 1354,1157 1384,1157 1414,1157 1443,1158 1473,1158 1502,1158 1532,1159 1562,1159"/>
                <TextEquiv>
                    <Unicode>quod potest si autem non possit operari sufficit ipsa sibi</Unicode>
                </TextEquiv>
            </TextLine>
            <TextLine id="r1l76" custom="readingOrder {index:32;}">
                <Coords points="974,1192 1506,1197 1565,1192 1566,1166 975,1164"/>
                <Baseline points="980,1183 1009,1183 1038,1184 1067,1184 1096,1184 1125,1185 1154,1185 1183,1185 1212,1185 1241,1185 1270,1185 1299,1186 1328,1186 1357,1186 1386,1186 1415,1186 1444,1187 1473,1187 1502,1187 1531,1187 1561,1188"/>
                <TextEquiv>
                    <Unicode>t habet meritum suum propter se. Set diceres quare</Unicode>
                </TextEquiv>
            </TextLine>
            <TextLine id="r1l79" custom="readingOrder {index:33;}">
                <Coords points="971,1219 1567,1223 1567,1191 971,1191"/>
                <Baseline points="976,1213 1005,1212 1034,1212 1063,1212 1093,1212 1122,1212 1151,1213 1181,1213 1210,1213 1239,1213 1269,1213 1298,1214 1327,1214 1356,1214 1386,1214 1415,1215 1444,1215 1474,1215 1503,1215 1532,1215 1562,1215"/>
                <TextEquiv>
                    <Unicode>requiritur opus si pro opere meritorio homins nihil addatur</Unicode>
                </TextEquiv>
            </TextLine>
            <TextLine id="line_1609261948691_219" custom="readingOrder {index:34;}">
                <Coords points="969,1244 1578,1253 1569,1219 969,1218"/>
                <Baseline points="974,1239 1010,1240 1046,1240 1082,1241 1119,1241 1155,1241 1191,1242 1227,1242 1264,1242 1300,1242 1336,1243 1372,1243 1409,1243 1445,1244 1481,1244 1517,1244 1554,1245 1573,1245"/>
                <TextEquiv>
                    <Unicode>vel aufertur. respondet alibi ideo opus requiritur vt</Unicode>
                </TextEquiv>
            </TextLine>
            <TextLine id="line_1609261948692_221" custom="readingOrder {index:35;}">
                <Coords points="964,1277 1546,1281 1578,1275 1579,1252 965,1246"/>
                <Baseline points="969,1268 1005,1268 1042,1268 1078,1268 1115,1268 1152,1269 1188,1269 1225,1269 1261,1270 1298,1270 1335,1270 1371,1271 1408,1271 1444,1272 1481,1272 1518,1272 1554,1273 1573,1273"/>
                <TextEquiv>
                    <Unicode>ipso opere voluntas augeatur tale est cor hominis vt ope</Unicode>
                </TextEquiv>
            </TextLine>
            <TextLine id="line_1609261948693_223" custom="readingOrder {index:36;}">
                <Coords points="969,1303 1578,1300 1569,1275 969,1278"/>
                <Baseline points="974,1295 1010,1295 1046,1295 1083,1295 1119,1295 1155,1295 1192,1296 1228,1296 1264,1296 1301,1297 1337,1297 1373,1298 1410,1298 1446,1299 1482,1299 1519,1300 1555,1300 1573,1300"/>
                <TextEquiv>
                    <Unicode>re suo amplius inardescat siue ad borum siue ad </Unicode>
                </TextEquiv>
            </TextLine>
            <TextLine id="line_1609261948693_225" custom="readingOrder {index:37;}">
                <Coords points="961,1332 1546,1336 1578,1329 1579,1304 961,1300"/>
                <Baseline points="966,1322 1002,1322 1039,1323 1076,1323 1113,1323 1150,1324 1186,1324 1223,1325 1260,1325 1297,1326 1334,1326 1370,1327 1407,1327 1444,1328 1481,1328 1518,1329 1554,1329 1573,1329"/>
                <TextEquiv>
                    <Unicode>malum. Ita vtriusque affectus opere nutritur et vixfie</Unicode>
                </TextEquiv>
            </TextLine>
            <TextLine id="line_1609261948694_227" custom="readingOrder {index:38;}">
                <Coords points="964,1358 1578,1354 1554,1331 964,1329"/>
                <Baseline points="969,1352 1005,1352 1042,1351 1079,1351 1116,1352 1153,1352 1189,1352 1226,1353 1263,1353 1300,1353 1337,1354 1373,1354 1410,1355 1447,1355 1484,1356 1521,1356 1557,1356 1573,1356"/>
                <TextEquiv>
                    <Unicode>ri potest vt voluntas opere suo non augeatur quantum igi¬</Unicode>
                </TextEquiv>
            </TextLine>
            <TextLine id="line_1609261948695_229" custom="readingOrder {index:39;}">
                <Coords points="965,1385 1578,1395 1561,1362 965,1359"/>
                <Baseline points="970,1379 1006,1379 1043,1380 1079,1380 1116,1380 1153,1381 1189,1381 1226,1381 1262,1382 1299,1382 1336,1382 1372,1383 1409,1383 1445,1384 1482,1384 1519,1385 1555,1385 1573,1385"/>
                <TextEquiv>
                    <Unicode>tur voluntas crescit tantum meritum crescit et tantum</Unicode>
                </TextEquiv>
            </TextLine>
            <TextLine id="line_1609261948696_231" custom="readingOrder {index:40;}">
                <Coords points="968,1412 1578,1421 1578,1394 1515,1387 968,1386"/>
                <Baseline points="973,1408 1009,1408 1045,1408 1082,1408 1118,1408 1155,1408 1191,1408 1227,1408 1264,1409 1300,1409 1337,1410 1373,1410 1409,1411 1446,1412 1482,1412 1519,1413 1555,1414 1573,1414"/>
                <TextEquiv>
                    <Unicode>opus prodest voluntati in bonum et nocet in malum quantum</Unicode>
                </TextEquiv>
            </TextLine>
            <TextLine id="r1l96" custom="readingOrder {index:41;}">
                <Coords points="967,1441 1548,1450 1559,1422 968,1412"/>
                <Baseline points="972,1435 1001,1435 1030,1436 1059,1436 1088,1436 1117,1436 1146,1436 1175,1437 1204,1437 1233,1437 1262,1438 1291,1438 1320,1439 1349,1439 1378,1439 1407,1440 1436,1440 1465,1441 1494,1441 1523,1442 1553,1442"/>
                <TextEquiv>
                    <Unicode>ipsam voluntatem ad effectum bonitatis siue malitie</Unicode>
                </TextEquiv>
            </TextLine>
            <TextLine id="r1l98" custom="readingOrder {index:42;}">
                <Coords points="965,1467 1562,1474 1562,1450 1522,1444 965,1444"/>
                <Baseline points="970,1463 999,1463 1028,1464 1058,1465 1087,1465 1116,1465 1146,1466 1175,1466 1204,1466 1234,1467 1263,1467 1292,1467 1322,1467 1351,1468 1380,1468 1410,1468 1439,1469 1468,1469 1498,1469 1527,1470 1557,1470"/>
                <TextEquiv>
                    <Unicode>attendendo exercet et si forte contingeret tantam esse vo</Unicode>
                </TextEquiv>
            </TextLine>
            <TextLine id="r1l100" custom="readingOrder {index:43;}">
                <Coords points="967,1500 1542,1510 1561,1475 968,1468"/>
                <Baseline points="972,1491 1001,1491 1030,1492 1059,1492 1088,1493 1117,1493 1146,1494 1176,1494 1205,1495 1234,1495 1263,1495 1292,1495 1321,1496 1350,1496 1380,1496 1409,1497 1438,1497 1467,1497 1496,1498 1525,1498 1555,1499"/>
                <TextEquiv>
                    <Unicode>luntatem in eo qui non operatur quanta est in illo quii opus</Unicode>
                </TextEquiv>
            </TextLine>
            <TextLine id="r1l102" custom="readingOrder {index:44;}">
                <Coords points="958,1524 1562,1535 1563,1502 959,1497"/>
                <Baseline points="963,1520 992,1521 1022,1521 1052,1521 1081,1521 1111,1522 1141,1522 1170,1522 1200,1522 1230,1523 1260,1523 1289,1523 1319,1523 1349,1524 1378,1524 1408,1524 1438,1525 1467,1526 1497,1526 1527,1527 1557,1528"/>
                <TextEquiv>
                    <Unicode>exercet vbi voluntas est eadem meritum dissimile esse</Unicode>
                </TextEquiv>
            </TextLine>
            <TextLine id="r1l104" custom="readingOrder {index:45;}">
                <Coords points="965,1554 1539,1562 1563,1561 1564,1532 966,1528"/>
                <Baseline points="970,1548 999,1548 1028,1548 1058,1549 1087,1549 1117,1549 1146,1550 1175,1550 1205,1551 1234,1551 1264,1551 1293,1552 1322,1552 1352,1553 1381,1553 1411,1553 1440,1554 1469,1554 1499,1555 1528,1555 1558,1555"/>
                <TextEquiv>
                    <Unicode>non potest. Sed dicis si totum meritum in voluntate</Unicode>
                </TextEquiv>
            </TextLine>
            <TextLine id="r1l106" custom="readingOrder {index:46;}">
                <Coords points="967,1581 1561,1589 1555,1560 967,1554"/>
                <Baseline points="972,1576 1001,1577 1030,1577 1059,1578 1088,1578 1118,1578 1147,1579 1176,1579 1205,1579 1234,1579 1264,1580 1293,1580 1322,1580 1351,1581 1380,1581 1410,1581 1439,1582 1468,1583 1497,1583 1526,1584 1556,1585"/>
                <TextEquiv>
                    <Unicode>est igitur sola voluntas remuneratur et non opus. Respondet</Unicode>
                </TextEquiv>
            </TextLine>
            <TextLine id="r1l108" custom="readingOrder {index:47;}">
                <Coords points="964,1612 1558,1618 1550,1587 964,1582"/>
                <Baseline points="969,1606 998,1606 1027,1607 1056,1607 1085,1607 1115,1608 1144,1608 1173,1608 1202,1608 1231,1608 1261,1608 1290,1609 1319,1609 1348,1609 1377,1609 1407,1609 1436,1610 1465,1610 1494,1611 1523,1611 1553,1612"/>
                <TextEquiv>
                    <Unicode>ibidem quod sola voluntas remmuneratur et cum hoc voluntas</Unicode>
                </TextEquiv>
            </TextLine>
            <TextLine id="r1l110" custom="readingOrder {index:48;}">
                <Coords points="965,1641 1535,1651 1565,1647 1566,1617 966,1612"/>
                <Baseline points="970,1633 999,1634 1029,1634 1058,1635 1088,1635 1117,1635 1147,1636 1176,1636 1206,1636 1235,1636 1265,1637 1294,1637 1324,1637 1353,1638 1383,1638 1412,1638 1442,1639 1471,1639 1501,1640 1530,1640 1560,1641"/>
                <TextEquiv>
                    <Unicode>et opus et ipse hoc volens et operans pro voluntate et ope</Unicode>
                </TextEquiv>
            </TextLine>
            <TextLine id="r1l112" custom="readingOrder {index:49;}">
                <Coords points="962,1669 1564,1673 1547,1643 962,1639"/>
                <Baseline points="967,1664 996,1663 1026,1663 1055,1663 1085,1663 1115,1663 1144,1663 1174,1663 1203,1664 1233,1664 1263,1664 1292,1665 1322,1665 1351,1666 1381,1666 1411,1667 1440,1667 1470,1667 1499,1668 1529,1668 1559,1668"/>
                <TextEquiv>
                    <Unicode>re remuneratur dicitur voluntas remunerari quia in ipsa</Unicode>
                </TextEquiv>
            </TextLine>
            <TextLine id="r1l114" custom="readingOrder {index:50;}">
                <Coords points="964,1694 1552,1706 1553,1671 965,1669"/>
                <Baseline points="969,1690 997,1690 1026,1690 1055,1690 1084,1691 1113,1691 1142,1692 1171,1692 1200,1693 1229,1693 1258,1694 1286,1694 1315,1695 1344,1695 1373,1696 1402,1696 1431,1696 1460,1696 1489,1696 1518,1696 1547,1696"/>
                <TextEquiv>
                    <Unicode>meritum consequenstit. dicitur et opus remunerari quia in ip</Unicode>
                </TextEquiv>
            </TextLine>
            <TextLine id="r1l116" custom="readingOrder {index:51;}">
                <Coords points="965,1726 1556,1731 1556,1700 966,1694"/>
                <Baseline points="970,1719 999,1720 1028,1720 1057,1720 1086,1720 1115,1721 1144,1721 1173,1721 1202,1721 1231,1722 1260,1722 1289,1722 1318,1722 1347,1722 1376,1723 1405,1723 1434,1723 1463,1723 1492,1724 1521,1724 1551,1724"/>
                <TextEquiv>
                    <Unicode>so constat causa et occosio merendi opus remunatur</Unicode>
                </TextEquiv>
            </TextLine>
            <TextLine id="r1l118" custom="readingOrder {index:52;}">
                <Coords points="965,1755 1563,1759 1563,1728 965,1726"/>
                <Baseline points="970,1747 999,1747 1028,1748 1058,1748 1087,1749 1117,1749 1146,1749 1175,1750 1205,1750 1234,1750 1264,1751 1293,1751 1322,1751 1352,1751 1381,1751 1411,1752 1440,1752 1469,1752 1499,1752 1528,1751 1558,1751"/>
                <TextEquiv>
                    <Unicode>pro voluntate quia ex ipsa vt placeret accepit vo</Unicode>
                </TextEquiv>
            </TextLine>
            <TextLine id="r1l120" custom="readingOrder {index:53;}">
                <Coords points="965,1782 1557,1788 1557,1758 1499,1753 965,1756"/>
                <Baseline points="970,1774 999,1775 1028,1777 1057,1778 1086,1778 1115,1779 1144,1779 1173,1779 1202,1779 1231,1779 1261,1779 1290,1779 1319,1778 1348,1778 1377,1778 1406,1778 1435,1779 1464,1779 1493,1779 1522,1780 1552,1781"/>
                <TextEquiv>
                    <Unicode>luntas placet quia bona est et in ipsa est iusticia quae placet</Unicode>
                </TextEquiv>
            </TextLine>
            <TextLine id="r1l122" custom="readingOrder {index:54;}">
                <Coords points="960,1810 1557,1814 1557,1787 1536,1784 960,1786"/>
                <Baseline points="965,1803 994,1804 1023,1805 1053,1805 1082,1806 1111,1806 1141,1806 1170,1807 1199,1807 1229,1807 1258,1807 1287,1807 1317,1807 1346,1807 1375,1807 1405,1808 1434,1808 1463,1808 1493,1808 1522,1808 1552,1808"/>
                <TextEquiv>
                    <Unicode>opus placet quia ex voluntate bona est et signum iu</Unicode>
                </TextEquiv>
            </TextLine>
            <TextLine id="r1l124" custom="readingOrder {index:55;}">
                <Coords points="960,1838 1558,1844 1558,1814 960,1810"/>
                <Baseline points="965,1833 994,1833 1023,1833 1053,1834 1082,1834 1112,1834 1141,1834 1170,1834 1200,1834 1229,1834 1259,1834 1288,1834 1317,1834 1347,1835 1376,1835 1406,1835 1435,1836 1464,1836 1494,1837 1523,1837 1553,1839"/>
                <TextEquiv>
                    <Unicode>sticie et bonitatis que in ipsa voluntate est et placet</Unicode>
                </TextEquiv>
            </TextLine>
            <TextLine id="r1l126" custom="readingOrder {index:56;}">
                <Coords points="963,1867 1558,1870 1558,1844 1498,1840 963,1837"/>
                <Baseline points="968,1861 997,1861 1026,1862 1055,1862 1085,1862 1114,1862 1143,1862 1172,1862 1202,1862 1231,1862 1260,1863 1289,1863 1319,1863 1348,1863 1377,1863 1406,1863 1436,1864 1465,1864 1494,1865 1523,1866 1553,1866"/>
                <TextEquiv>
                    <Unicode>sicut igitur sola iusticia est pro qua voluntas placet</Unicode>
                </TextEquiv>
            </TextLine>
            <TextLine id="r1l128" custom="readingOrder {index:57;}">
                <Coords points="961,1898 1561,1902 1562,1871 962,1869"/>
                <Baseline points="966,1889 995,1889 1025,1890 1054,1890 1084,1890 1113,1890 1143,1890 1172,1890 1202,1890 1231,1891 1261,1891 1290,1891 1320,1891 1349,1891 1379,1892 1408,1892 1438,1892 1467,1893 1497,1894 1526,1894 1556,1895"/>
                <TextEquiv>
                    <Unicode>et opus voluntatis sic non due sed vna retributio est</Unicode>
                </TextEquiv>
            </TextLine>
            <TextLine id="r1l130" custom="readingOrder {index:58;}">
                <Coords points="955,1925 1556,1927 1542,1899 955,1899"/>
                <Baseline points="960,1917 989,1918 1019,1918 1048,1919 1078,1919 1107,1919 1137,1919 1166,1919 1196,1919 1225,1919 1255,1920 1285,1920 1314,1920 1344,1920 1373,1920 1403,1920 1432,1921 1462,1921 1491,1922 1521,1922 1551,1924"/>
                <TextEquiv>
                    <Unicode>qua et voluntas remmuneratur et opus. Una igitur re</Unicode>
                </TextEquiv>
            </TextLine>
            <TextLine id="r1l132" custom="readingOrder {index:59;}">
                <Coords points="961,1955 1542,1959 1556,1928 962,1924"/>
                <Baseline points="966,1945 995,1946 1024,1946 1053,1947 1082,1947 1112,1947 1141,1947 1170,1947 1199,1948 1228,1948 1258,1948 1287,1948 1316,1948 1345,1948 1374,1948 1404,1948 1433,1949 1462,1949 1491,1950 1520,1950 1550,1951"/>
                <TextEquiv>
                    <Unicode>tributio est qua et homo remunerari dicitur in qua</Unicode>
                </TextEquiv>
            </TextLine>
            <TextLine id="r1l134" custom="readingOrder {index:60;}">
                <Coords points="962,1981 1563,1982 1563,1955 962,1955"/>
                <Baseline points="967,1975 996,1975 1026,1975 1055,1975 1085,1976 1114,1976 1144,1976 1173,1976 1203,1976 1232,1976 1262,1976 1292,1977 1321,1977 1351,1977 1380,1977 1410,1977 1439,1978 1469,1978 1498,1978 1528,1978 1558,1978"/>
                <TextEquiv>
                    <Unicode>voluntas ipsa placere meretur etiam quando non </Unicode>
                </TextEquiv>
            </TextLine>
            <TextLine id="r1l136" custom="readingOrder {index:61;}">
                <Coords points="956,2012 1494,2017 1559,2013 1560,1985 957,1983"/>
                <Baseline points="961,2005 990,2004 1020,2004 1049,2004 1079,2004 1109,2003 1138,2003 1168,2004 1198,2004 1227,2004 1257,2004 1287,2004 1316,2005 1346,2005 1376,2005 1405,2006 1435,2006 1465,2006 1494,2007 1524,2007 1554,2007"/>
                <TextEquiv>
                    <Unicode>operatur voluntas placet in hoc quod voluit opera¬</Unicode>
                </TextEquiv>
            </TextLine>
            <TextLine id="r1l138" custom="readingOrder {index:62;}">
                <Coords points="960,2037 1554,2040 1554,2011 960,2008"/>
                <Baseline points="965,2032 994,2032 1023,2032 1052,2032 1081,2033 1111,2033 1140,2033 1169,2033 1198,2033 1227,2033 1257,2033 1286,2033 1315,2033 1344,2034 1373,2034 1403,2034 1432,2034 1461,2035 1490,2035 1519,2035 1549,2036"/>
                <TextEquiv>
                    <Unicode>ri et de ipso opere placet etiam quando operari non potest</Unicode>
                </TextEquiv>
            </TextLine>
            <TextLine id="r1l140" custom="readingOrder {index:63;}">
                <Coords points="960,2080 1552,2083 1543,2038 960,2037"/>
                <Baseline points="965,2064 994,2063 1023,2063 1052,2062 1081,2062 1110,2062 1139,2062 1168,2061 1197,2061 1226,2061 1256,2061 1285,2062 1314,2062 1343,2062 1372,2062 1401,2063 1430,2063 1459,2063 1488,2064 1517,2064 1547,2065"/>
                <TextEquiv>
                    <Unicode>semper ergo placet voluntas pro opere non sic quasi</Unicode>
                </TextEquiv>
            </TextLine>
            <TextEquiv>
                <Unicode>actuari quod simul et semel cognosceret omnia cognosci
bilia a creatura Set tunc staret adhuc quod illa capa¬
citas esset finita et quod ipse cognosceret simpliciter infinita
aliquam actu cognoscendi finito vltra quem no posset per¬
fectius cognoscere pro vt tactum est in prima ymaginatione
vel aliqua actu finito vltra quem tamen si deo placeret pos
set in duplo perfectius talia infinita cognoscere vel in tri
plo et sic sine statu pro vt tactum est in secunda ymaginatione.
Set adhuc subdiuiditur ista tertia ymaginatio eo quod 
ipsa stante posset dici quod creatura sit actuata incogni
tione adhuc non sciret omnia quae deus scit quia quaedam veritates
tam infinite sunt excellentes quod creatura non est ad earum
cognitionem eleuabilis vel etiam dici posset quod crea¬
tura sic actuata cognosceret omnia quae deus scit distincte
et cum limitate modo predicto ⁋ Ad tertium negatur con
sequentia quia licet executio bone voluntati non addat
nouum meritum super voluntatem tamen est meritoria ymo
etiam facit ad augmentum meriti quia per ipsum potest cre
scere volitio bona preuia et etiam per ipsam pueni¬
tur ad bonam volitionem sequentem quam ipsa compri
cipiat tanquam comprincipium mediatum et singulariter
hoc facit studium theologie recter sicut prudentia
dicitur esse virtus quia comprincipiat bonas volitiones
deliberatas debere haberi de supposito. seu praemo
ante teneo communem viam quod sit verum et patet hoc per
hugonem libro secudo de sapientia parte. xi2x .c. vi. vbi in 
ter multa circa hanc materiam praemissa ex intentione in 
fert totum igitur meritum a voluntate est. quantum vis tan
tum mereris quid ergo facit opus respondet hugo.
⁋ Si voluntatem sine opere habere non potest quando
operari potest non est voluntas si non operatur.
quod potest si autem non possit operari sufficit ipsa sibi
t habet meritum suum propter se. Set diceres quare
requiritur opus si pro opere meritorio homins nihil addatur
vel aufertur. respondet alibi ideo opus requiritur vt
ipso opere voluntas augeatur tale est cor hominis vt ope
re suo amplius inardescat siue ad borum siue ad 
malum. Ita vtriusque affectus opere nutritur et vixfie
ri potest vt voluntas opere suo non augeatur quantum igi¬
tur voluntas crescit tantum meritum crescit et tantum
opus prodest voluntati in bonum et nocet in malum quantum
ipsam voluntatem ad effectum bonitatis siue malitie
attendendo exercet et si forte contingeret tantam esse vo
luntatem in eo qui non operatur quanta est in illo quii opus
exercet vbi voluntas est eadem meritum dissimile esse
non potest. Sed dicis si totum meritum in voluntate
est igitur sola voluntas remuneratur et non opus. Respondet
ibidem quod sola voluntas remmuneratur et cum hoc voluntas
et opus et ipse hoc volens et operans pro voluntate et ope
re remuneratur dicitur voluntas remunerari quia in ipsa
meritum consequenstit. dicitur et opus remunerari quia in ip
so constat causa et occosio merendi opus remunatur
pro voluntate quia ex ipsa vt placeret accepit vo
luntas placet quia bona est et in ipsa est iusticia quae placet
opus placet quia ex voluntate bona est et signum iu
sticie et bonitatis que in ipsa voluntate est et placet
sicut igitur sola iusticia est pro qua voluntas placet
et opus voluntatis sic non due sed vna retributio est
qua et voluntas remmuneratur et opus. Una igitur re
tributio est qua et homo remunerari dicitur in qua
voluntas ipsa placere meretur etiam quando non 
operatur voluntas placet in hoc quod voluit opera¬
ri et de ipso opere placet etiam quando operari non potest
semper ergo placet voluntas pro opere non sic quasi</Unicode>
            </TextEquiv>
        </TextRegion>
    </Page>
</PcGts>
