1786 2500
346 232 953 272 sibile non simul diligendo proximum vel etiam o¬
358 261 953 298 diendo sicut modo de facto habita conceptione de
356 289 958 327 dyabolo et de peccato assurgimus in amorem dei
355 319 953 357 ⁋ Ad argumenta principalia patet ex dictis Ex dictis etiam
359 349 952 385 respondetur ad formam vtriusque argumenti istius
362 377 958 411 vltimi dubii. ⁋ Ad primam conceditur quod plus de¬
355 402 955 440 us est diligibilis propter se et propter aliud scilicet quia
356 433 957 465 nos redemit etc. etiam quia est deus et proximus
359 461 954 498 quam solum propter se et hoc extensiue scilicet pluribus
355 487 961 524 dilectionibus non autem intensiue appreciatiue. sic est
358 512 954 550 melius est diligere deum et promimum quam solum deum
357 541 960 579 sicut magis malum est odire deum et proximum quam
357 570 958 614 deum solum quia quanto plus homo multiplicat dile¬
363 595 980 638 ctionem ordinatam tanto melius facit sicut per op
360 632 957 670 positum de odio. tamen non sequitur quod aggregatum
356 655 962 689 ex deo et proximo sit intensiue appreciatiue diligi¬
360 683 967 721 bilius deo licet, sit bene diligibilius extensiue vt
355 716 966 756 dictum est scilicet pluribus dilectionibus. Et per hoc
363 742 963 783 patet responsio ad secundum et sic est finis huius
359 774 505 808 questionis.
482 800 965 866 Duodecimo queritur cir¬
462 853 970 897 rca primam distinctionem vtrum hec sit pos¬
395 869 969 926 sibilis Creatura rationalis fruitur vna
360 913 964 957 personam diuina non fruendo alia Uidetur quod sic quia
368 938 972 976 aliquis potest frui essentia diuina non fruendo a
369 971 972 1008 liqua persona igitur etc. consequentia patet quia
365 996 976 1035 nihil videretur ex parte personarum obsta re nisi
359 1030 967 1066 ydentitas essentialis personarum sed ista eam ob¬
370 1053 968 1088 staret de essentia et persona. quondo antecedens probatur quia es¬
362 1086 975 1119 sentia diuina intelligi potest non intellecta aliqua per
365 1115 979 1150 sona igitur diligi quia ad omnem actum cognoscen¬
370 1140 977 1175 di potest haberi actus proportionalis voluntatis et
361 1172 975 1203 cum hoc non potest diligi incognitum Assumptum pro¬
368 1193 973 1230 batur quia iudei et philosophi cognouerunt diuinam essen
365 1227 978 1263 tiam et non distinctas personas. Confirmatur antecedens quia
365 1255 983 1285 omne prius intelligi potest non intellecto posteriori sed
366 1284 977 1318 diuina essentia est prior persona quia omne quod est hec
372 1310 975 1348 persona diuina vel ista est diuina essentia et non econ
366 1336 971 1374 uerso. ⁋ Item aliquis videt colorem a remotis et non
375 1369 974 1401 albedinem et tamen iste color est albedo. ⁋ Secundo
373 1397 978 1432 principaliter omnis res realiter distincta ab alia
378 1424 978 1465 potest intelligi et diligi alia nec intellecta nec di
366 1452 976 1487 lecta sed quelibet persona etc. Maior nota secundo metaphi
367 1480 977 1516 sice vnumquodque sic se habet ad esse sicut ad veritatem
375 1508 980 1545 id est ad cognoscibilitatem. ⁋ Tertio modo magis videtur
374 1540 975 1573 repugnare vni persone terminare intellectionem
374 1563 978 1600 aliquam vel dilectionem alia non terminante quam vnam
378 1597 976 1627 incarnari alia non incarnata sed secundum ponit fides
378 1618 978 1658 igitur possibilitatem primi negare non debet. ⁋ Quar
371 1653 979 1685 to aliter de personis distinctis non essent articu¬
365 1676 976 1721 li fidei distincti. Ad oppositum nihil concessum de
374 1707 975 1739 vna persona debet ab alia negari nisi ad hoc cogat
366 1737 980 1776 fiden vel oppositio relatiua igitur etc. Preterea
367 1765 977 1796 nulla persona potest cognosci vel diligi essentia diui
371 1793 978 1828 na non cognita nec dilecta nec essentia fine perso
372 1822 979 1854 na quacumque igitur nec vna persona sine alia Prima pro
377 1836 976 1886 positio patet quia qualibet persona est essentialiter essen
377 1878 981 1912 tia igitur nihil potest conuenire persone quin conveniat
373 1904 981 1942 essentiae quod etiam ipsi essentie non repugnat quod
377 1935 976 1968 addo pro talibus distingui a tali et tali persona ge¬
370 1960 979 1997 nerare non generari non esse communem vel non posse communicari
370 1990 984 2022 et huiusmodi. Sed esse illud quod intelligitur seu in¬
376 2017 978 2053 telligi vel diligi non repugnat essentie igitur Et patet
373 2046 982 2079 consequentia quia ideo essentia dicitur incarnata fi
373 2070 994 2120 lio incarnato patet etiam per augustinum. 10. de tri
981 207 1586 267 nitate capitulo .25. be paruis vbi dicit Nullo mo
983 258 1588 295 do recte dicitur sciri aliqua res dum eius ignora
988 282 1587 320 tur substantia. Secunda propositio probatur quia es
985 314 1578 351 sentia nullomodo distiguitur ab aliqua persona
989 342 1581 378 in entitate igitur nec in veritate nec in cognoscibi
987 370 1581 406 litate. Primo ponentur conclusiones. secundo instantie
987 399 1577 438 tertio mouebuntur oubia et soluentur. ⁋ In primo
986 427 1581 464 articulo est hec prima conclusio quod vna persona diui
990 455 1580 490 na cognosci non potest alia non cognita et hoc cogni¬
992 478 1584 516 tione intellectuali cuius per se obiectum sit deitas vel a¬
992 508 1590 547 lia diuina persona et eadem ratione nec diligi alia non
988 543 1582 574 dilecta. Ad hoc praecipue mouet me verbum Chriti in
993 571 1582 603 io cum diceret philippus domine ostende nobis patrem
985 602 1586 632 dicit ei iesus tanto tempone vobiscum sum et non cogno
993 624 1593 660 scitis me philippe qui videt me videt et patrem et quando
994 653 1587 688 tu dicis ostende nobis patrem non credis quia ego in
1000 682 1583 716 patre et pater in me est hec est enim probatio consequen
1000 713 1587 746 ter quam idem Christus praemiserat si cognoueritis me et
1001 742 1588 775 patrem meum vtique cog. Dices forte quod verbum chri¬
991 764 1592 802 sti procedit non de possibili. ⁋ Contra tunc consequentia Christi non
1001 799 1590 832 videretur valere quia antecendens potest esse verum sine consequente
1001 827 1587 861 et etiam tunc frustra apposuisset istam probationem
999 846 1588 889 de circum incessione. Preterea hoc est pelrane contra ex¬
995 877 1592 916 positionem primo de trinitate capitulo .10. vbi dicit de phi
1000 912 1595 945 lippo quod eam bene potuisset dixisse de Christo domine ostende
996 936 1599 975 nobis te et sufficit nobis sicut ostende nobis patrem
997 971 1590 1002 etc. quia siue audiamus ostende nobis filium siue au
1000 998 1593 1030 diamus ostende nobis patrem tantum valet quia
998 1023 1598 1060 neutrum sine alio ostendi potest unum quippe sunt sicut
1004 1052 1591 1086 ait ego et pater vnum sumus et si deberet intelligi so
1000 1081 1598 1114 lum oe potentia ordinata frustra apposuisset Christus
1000 1110 1591 1143 vel augustinus probationem quam apponit. ⁋ Item
1000 1138 1595 1175 probatur ratione impossibile est vt aliquid per no
1006 1165 1602 1199 uam visionem videatur per se qui ipsum concauset actie
1000 1191 1598 1229 tanquam obiectum visionem illam sed nihil aliud a deo supple¬
1003 1219 1598 1258 re potest actiuitatem dei obiectiuam respectu visionis
1004 1252 1596 1285 causande igitur ad hoc quod deus oe nouo videatur re
1006 1280 1593 1314 quiritur necessario quod deus ipse tanquam obiectum concauset
1002 1306 1597 1339 istam visionem sed opera trium personarum ad extra
1006 1331 1602 1370 diuidi non possunt igitur si aliqua persona diuina
1000 1365 1598 1396 causet aliquem actum cognitionis intuitiue actiue
1005 1392 1601 1429 per modum obiecti oportet eo ipso quod quelibet perso¬
1006 1416 1597 1451 na diuina visionem illam causet sicut obicetum cau
1006 1449 1599 1480 sat visionem sui sicut obiectum in potentia visiua hoc per
1006 1472 1593 1510 illam videtur igitur impossibile est aliquam personam di¬
1006 1506 1591 1538 uinam videri qui qualibet videatur. Et dixi notanter
1004 1533 1590 1567 de illo quod videtur per se propter hoc quod solum vi
1000 1558 1595 1596 detur per accidens scilicet quia vel est subiectum illius quod
1000 1588 1607 1627 per se videtur vel quia inest illi quod per se videtur
1025 1613 1607 1658 Secunda conclusio per accidens cognoscitur vna
1009 1647 1594 1684 persona diuina nulla alia cognita probatur Christus cor
1004 1675 1597 1711 poraliter visus est in carne assumpta et tamen ista cor
1013 1703 1600 1734 porali visione nec pater nec spiritus sanctus visus est
1002 1730 1597 1765 Similiter Christus odiebatur a iudeis ratione huma
1010 1760 1599 1792 nitatis et tamen isto odio non odiebatur persona
1014 1786 1603 1819 patris nec persona spiritus sancti. Preterea persona
1010 1810 1607 1853 filium concipitur isto conceptu homo et isto conceptu a¬
1001 1840 1601 1883 nimal et tamen istis non concipitur pater nec spiritus san
1011 1871 1607 1905 ctus. Similiter argui potest de dilectione dato quod a¬
1006 1903 1597 1935 liquis concipiat hominem sub conceptu specifico ho¬
1007 1929 1603 1960 minis ipse potest elicere actum amoris respectu omnium
1007 1954 1604 1991 hominum et tunc tali dilectione diligeret filium non ta
1006 1985 1598 2019 men patrem aut spiritum sanctum. Ex prima conclusione se
1006 2016 1606 2047 quitur tertia quod nulla cognitione abstractiua in¬
1003 2042 1602 2075 diuiduali vel specifica precise habente deitatem vel per
994 2066 1604 2111 sonam pro obiecto que nata est causari a cognitio
