1797 2500
230 251 826 303 vel etiam ab eodem cognoscente cognoscatur in¬
235 299 822 333 uitiue vt manifestum est in creaturis non tamen sequitur
225 330 821 363 quod cognitione abstractiua cognosci potest essentia di
224 358 829 390 uina et non persone vel vna persona et non alia. ⁋ Ad
229 382 819 422 vicesimum quartum negatur assumptum quia paternitas
230 412 822 445 diuina ita de se est diuinitas sicut homo de se est ani
222 440 820 474 mal. Etiam conclusio illata est impertinens vt patet ex di
222 468 826 506 ctis. ⁋ Ad vicesimum quintum licet maior vera sit vbi
224 498 829 535 obiecta alliciunt obiectiue per modum finis motione
218 523 819 561 finali separabili non tamen sic est in proposito quod omnis
228 555 828 591 causatio ad extra conueniens vni persone conuenit cui
220 578 827 615 libet vt prius dictum est. ⁋ Tertius articulus est mouere
228 610 825 644 dubia et soluere primo videtur quod secunda probatio prime
224 636 818 679 conclusionis non procedat quia licet vna persona non pos¬
221 668 818 703 sit mouere actiue ad intellectionem causandam respe¬
224 698 824 729 ctu dei nisi quelibet moueat sicut nec causare nisi
222 721 819 764 qualibet causet tamen videtur quod vna persona bene posset
220 751 826 791 terminare illam intellectionem quam quelibet cau¬
228 779 826 815 set sine hoc quod quaelibet terminet sicut patet de incar¬
219 807 825 848 natione quaelibet enim persona diuina causat incarna¬
221 837 820 870 tionem actiue et tamen solus filius incarnatur et ter¬
224 865 828 903 minat incarnationem. Dicendum est sicut acceptum est in
223 895 816 927 argumento quod ad omnem visionem oportet concurre¬
227 923 816 956 re obiectiuam motionem illius quod videtur vel alterius
229 949 820 988 potentis supplere vicem illius in mouendo. Solus enim
227 982 824 1019 deus respectu cuiuscunque actus intuitiui supplere
229 1006 821 1046 potest in agendo vicem obiecti primo visibilis illa vi¬
218 1035 822 1074 sione. Licet enim aliquis possit credere per illusionem quae
224 1061 814 1109 sit in potestate creature se videre aliquid quod non
222 1091 823 1130 videt vel se non videre quale videt impossibile est
218 1116 818 1150 tamen quod per actionem creature aliquis videat aliquid il¬
220 1145 815 1186 lo non agente actiue ad causationem illius visionis
218 1173 810 1217 nisi deus suppleat vicem eius in agendo multo igitur
220 1202 815 1237 fortius de deo nisi aliquis suppleat vicem eius sed hoc
224 1235 814 1268 est impossibile si nulla creatura potest supplere vicem
218 1263 816 1300 obiecti creati in agendo visionem illius obiecti multo
218 1286 812 1325 fortius nec respectu dei igitur si deus videbitur opor
218 1318 820 1348 tet necessario quod agat vere obiectiue. sed nulla actio¬
212 1347 813 1383 ne agere potest vna persona ad extra sine alia igitur nec
214 1375 815 1413 obiectiue causare sed quicquid causat obiectiue co
219 1404 823 1443 gnitionem aliquam hoc est obiectum illius cognitionis igitur
223 1432 818 1467 ⁋ Ad argumentum igitur dicendum est quod non est simile
219 1456 822 1497 de incarnari et videri quia aliquam personam incarnari
218 1484 824 1529 non est nisi aliquid constitui ex illo et carne assumpta
218 1513 816 1552 sicut deaurari nihil est nisi vnum fieri ex aliquo deter
221 1543 819 1583 minato modo ex illo quod deauratur ex auro. Et verisimi¬
227 1569 833 1609 liter dealbari et sic de aliis. In istis aut nulla requi
223 1599 813 1637 ritur actio ex hoc verbi gratia in hoc quod deauratur vel
223 1628 811 1666 dealbatur non enim oportet illud quod deauratur vel
215 1655 813 1692 dealbatur agere inquantum deauratur vel dealbatur nec
217 1681 818 1719 aliquid oportet vicem actiuam illius supplere. Sed vbi¬
223 1711 820 1752 que ad visionem requiritur actio vera obiectiua illius
213 1737 814 1783 quod videtur ad hoc vt videatur vel alterius quod eius
214 1766 816 1810 actiuitatem suppleat vel supplere possit scilicet so
220 1795 811 1842 lius dei. vnde non est simile vnde si incarnari require
218 1825 812 1864 ret specialem actiuitatem ipsius incarnabilis per modum
219 1852 819 1898 incarnabilis vel alterius potentis eius vicem supplere
216 1881 817 1925 sicut est de visibili respectu visionis tunc nulla perso¬
212 1908 811 1951 na incarnari potest sine alia sicut nec videri sine alia
218 1935 812 1979 sed hoc non est ita vniformiter vtrobique sicut iam di¬
216 1966 812 2004 ctum est. ⁋ Contra istius dubii solutionem arguitur cum dicit
213 1999 807 2037 quod vna persona non potest efficere visionem sui efficientia
217 2026 813 2066 obiectiua hoc est partiali actiuitate quae conuenit obie
213 2048 815 2094 cto visionis mee quasi obiectum visionis effecte quin
214 2080 812 2118 et quaelibet agat efficientia obiectiua et per consequens quin quali
207 2102 815 2164 bet videatur cum nullius persone diuine actio sit supple¬
857 263 1457 317 bilis. Arguitur inquam sic vel hec ratio intendit illam con¬
851 301 1453 349 sequentiam si vna efficit visionem igitur omnes efficiunt eam
853 339 1452 374 et vltra igitur vna non potest videri illa visione nisi
848 365 1460 397 qualibet visa. Et pelranum est quod tunc ratio non conclu¬
853 392 1460 430 dit quia non plus valet ista consequentia quam ista si vna
851 427 1455 461 efficit incarnationem omnes efficiunt eam igitur vna non potest
856 446 1459 487 incarnari nisi quaelibet incarnatur. Forma enim est eadem
855 478 1454 519 vtrobique et ita respondebitur ex vna parte sicut ex alia
863 501 1457 545 Vel secundo intelligitur ratio sic vna non potest mouere obie¬
859 537 1459 568 ctiue alia non mouente obiectiue hoc est vna non potest
857 561 1455 602 efficere visionem et terminare illam nisi alia efficiat
855 590 1459 628 eam et terminet et tunc est petitio principii. hec enim ab
862 616 1453 656 aliis negatur et haberet hic probari quod non fit si sic in
859 646 1457 682 telligitur ratio. ⁋ Item persone diuine possunt distin
850 677 1449 715 cte cognosci sic quod vna distinguitur ab alia igitur de po
852 700 1451 743 tentia dei poterit vna cognosci alia incognita. Con
850 730 1450 774 sequentia probatur quiasi naturaliter vnus conceptus suppo
858 760 1455 801 nit pro vna persona qui non pro alia poterit vnus superna¬
855 785 1446 828 turaliter significare vnam personam non significando
855 813 1449 859 aliam. ⁋ Ad primum istorum dicendum quod respectu visio
847 846 1449 883 nis causande hic multiplex occurrit efficientia re¬
853 875 1445 914 quisita per se vel per aliud supplens vicem eius. Primo
848 897 1444 942 generalis dei efficientia sine qua nihil causari potest
856 931 1455 964 Secundo efficientia propria intellectus vel vitalis prin
856 961 1448 998 cipii. Tertio secundum multos efficientia habitus vel
850 983 1446 1029 speciei. Quarto secundum veritatem efficientia propria
850 1018 1454 1044 obiecti visionis. Secunda et quarta sunt ita necessa¬
854 1042 1446 1076 rie quod sine illis non potest aliqua noticia intuitiua causari
850 1070 1446 1107 nisi miraculose fiat suppletio sed talis fieri non potest in
854 1100 1444 1137 visione qua videtur diuina essentia vel persona. Ideo
853 1125 1452 1165 dico ad argumentum quod vna persona non potest mouere ob¬
855 1151 1452 1194 iectiue nisi alia moueat obiectiue seu efficitur pro¬
847 1182 1443 1220 pria obiecto et ideo si vna mouet vel agit in visionem
850 1214 1460 1251 dei vel persone diuine efficitur propria obiecto tunc
857 1235 1450 1280 quelibet sic agit visionem etc. Et ideo est quia nulla
849 1265 1453 1310 specie actionis potest vna persona agere ad extra nisi
848 1298 1448 1334 qualibet consimiliter agente quia opera trinitatis ad ex
854 1326 1454 1369 tra sunt indiuisa. Sed tunc est ibi dubium. vtrum pater agat
857 1350 1443 1398 visionem sui solum per hoc quod ipse est deitas vel etiam in eo
850 1382 1451 1424 quod pater seu hec persona. Et videtur quod etiam in eo quod hec
849 1413 1450 1450 persona quia sic distincte videtur alioquin per nullam vi¬
848 1441 1447 1477 sionem dei quantuncumque claram potest creatura habere iu
847 1470 1450 1504 dicium euidens quod visum ab ea esset pater vel hec per
846 1496 1447 1531 sona eo quod nihil distinctissime videtur intuitiue quin
847 1523 1449 1565 per modum obiecti disticte sub ratione propria sui visi
845 1558 1448 1592 onem coefficiat. ⁋ In oppositum videtur esse quod tres
847 1583 1449 1620 persone sunt vnicum principium cuiuscumque creature non
849 1613 1446 1648 plura principia vt patet per augustinum et decretales
843 1643 1450 1673 quasda, et M. libro primo distinctione 29 igitur. Cre
842 1662 1445 1707 do quod securius est dicere quod quelibet persona agit
842 1694 1446 1730 visionem sui per hoc quod ipsamet est deus ita quod tres
847 1720 1448 1762 persone sunt vnicum efficiens et vnicum principi
849 1748 1450 1787 um et non plura principia illius visionis quam quod vna
847 1779 1446 1818 persona agat eam prout distinguitur ab alia ta¬
847 1811 1443 1850 men concedendum est quod pater agit illam sua pro¬
847 1836 1452 1878 pria personalitate quia in nullo distiguitur a sua
851 1867 1448 1904 personalitate et eodem nodo dicitur de filio et de¬
845 1896 1450 1923 spiritu sancto. ⁋ Sciendum quod licet cuiuslibet per¬
849 1920 1444 1958 sone visionem distinctam inquantum est talis perso
847 1952 1444 1987 na agat tota trinitas tamen quelibet persona sui
851 1982 1445 2015 visionem distinctam obiectiue terminat inquantum
843 2009 1440 2047 talis persona distincta ab aliis: et ita etiam ta¬
848 2035 1447 2075 lis persona ymo et tota trinitas causat talem
840 2065 1440 2094 visionem obiectiue distincte quo ad talem per¬
843 2087 1444 2123 sonam et etiam indistincte quo ad totam trini¬
843 2120 1445 2168 tatem eo quod talis persona est essentia que est tri¬
