1786 2500
335 247 939 296 simul vera et falsa terminis equiuoce sumptis sic
341 288 938 323 non est inconveniens in mente. Aliter potest dici quod ibi sunt
339 314 932 357 diuerse copule secundum quarum naturam termini in subie
347 344 936 381 cto et praedicato diuersimode significant et ita sunt di
339 372 931 407 uerse propositiones. Aliter dicitur quod sicut iste idem actu
345 396 936 431 representat alicui complexe et incomplexe absolute et re
343 425 939 459 latiue et qualitercumque videt in verbo sicut etiam repre¬
335 454 936 487 sentat eidem qualitercumque vere est et false et qualiter
336 483 929 523 possibiliter et impossibiliter est qualitercunque appre
337 516 937 547 hendit in verbo quia licet ibi non cognoscat nec videat
345 539 940 578 false vel impossibiliter tamen taliter apprehendit eo
337 567 934 606 quod bene apprehendit significatum propositionis fal
345 600 935 631 le et etiam impossibilis et non sequitur talis actus est re
345 623 939 662 presentatiuus alicui taliter esse qualiter non est vel qua
340 653 942 690 liter impossibile est esse seu qualiter false et qualiter
342 682 944 715 impossibiliter est igitur representat false vel impossibi
343 710 945 744 liter vel etiam sequitur quod sit propositio falsa vel impos¬
336 741 939 772 sibilis eo quod ex sui representatione non facit aliquem sibus
345 764 941 805 inherentem consentire aliter esse quam est vel taliter esse
346 797 941 829 qualiter impossibile est esse. prout tamen facit propo
347 823 943 857 sitionem falsam vel impossibilem. sed dictus actus si¬
344 847 947 888 bi quo ad representationem suam inherentem bene fa¬
346 883 938 913 cit apprehendere taliter qualiter propositio falsa ve¬
345 911 944 942 impossibilis supponat sic etiam essentia diuina est re
357 930 944 968 presentatiua cuiuslibet et qualitercumque significabi
353 967 945 1001 lis tam false quam impossibiliter tamen ipsa non est pro¬
348 994 944 1027 positio falsa vel impossibilis nec est representatiua
342 1018 943 1052 false vel impossibiliter prout ly false et ly impossibi
345 1046 942 1084 liter determinant ly representatiua. si aut determi
346 1073 950 1111 nant significabile expressum vel intellectum bene con
342 1110 947 1141 ceditur quod est representatiua false et impossibilitur supple
340 1138 944 1168 significabilis vel apprehensibilis. ⁋ Ad quartum
345 1160 944 1197 conceditur quod eque primo et non sequitur quod igitur sit con
344 1194 940 1224 ceptus communis communitate probationis quia talis indistincte
345 1218 951 1255 et confuse representat plura qualiter non est in proposi
344 1251 953 1281 to eo quod iste actus conceptus singulariter et disticte re
342 1275 945 1313 presentat quaelibet personam. ⁋ Secundus articulus an
351 1302 945 1340 vna persona diuina possit licite vel etiam absolute plus
342 1330 949 1365 diligi quam alia vt pote filius quae nos in humanitate rede¬
342 1365 945 1393 mit non sic pater. Et videtur quod non quia tunc pari ratione
344 1386 946 1423 potest vna persona amari alia no amata quia illud plus
349 1416 948 1451 scilicet quo plus diligeretur vna persona quod alia est quidam
349 1450 949 1479 amor et est ita respectu vnius persone quod non est respectu
347 1474 949 1510 alterius. ⁋ Ad illud dubiu dicendum est quod dupli¬
345 1502 947 1536 citer potest intelligi primo de personis diuinis eo quod ta
349 1530 951 1564 les persone diuine naturaliter sunt et diuinitate ope
350 1558 946 1593 rantur actiue ad extra et in isto sensu simplicitur ne¬
347 1585 953 1622 go dubium vt proponitur. Diceres tamen ecclesia quando¬
352 1613 951 1649 que dirigit orationem principaliter ad vnam personam
344 1643 954 1675 et non sic ad alias. Ex hoc enim aliqui videntur habere
347 1669 957 1702 maionem deuotionem ad vnam scilicet ad filium vel ad spium
344 1700 943 1733 sanctum quam ad aliam quandoque ad totam trinitatem. Re
353 1728 947 1760 spondetur quod ecclesia non vult per hoc deuotionem hominim
347 1759 948 1788 excitare plus ad vnam personam quam ad aliam nam ille deuo¬
344 1784 946 1814 tiones in oronibus ecclesie concipiuntur non ex propriis
356 1812 950 1846 personarum sed ex appropriatis operationibus seu effe
352 1841 945 1874 ctibus earum: quandoque enim cogitat peccator de cle
345 1871 950 1906 mentia et misericordia dei quae appropriatur spiritu sancto
344 1896 952 1932 magis excitatur sepe ad deuotionem quam quando cogi¬
352 1926 955 1956 tat de omni potentia quae appropriatur patri vel de sa¬
350 1954 947 1988 pientia et iusticia quae appropriantur filio et tamen secun¬
354 1983 938 2013 dum veritatem illa causa quare diligit equaliter con
350 2009 948 2041 uenit patri et filio sicut spiritu saucto et igitur tunc ita
349 2040 955 2067 diligit. p. etc. tf sicut .icil set licet non semper hoc aduertat
356 2067 949 2096 et sicut in hoc est exemplificatum ita etiam intelligendum
355 2094 964 2138 est in aliis casibus. Alio modo potest intelligi di¬
969 239 1577 293 ctum dubium speraliter de persona filum propter duplicen
973 290 1580 318 naturam et duplicem bonitatem eius amabilem diuinam
970 317 1572 347 scilicet et creatam et tunc potest intelligi vel de amore plu
974 346 1573 379 ri licito vel illicito satis est possibile quod aliquis plus
972 370 1578 408 potuisset dilexisse eius humanitatem quam diuinitatem
979 403 1576 434 e ita etiam plus quam pater et spiritus sanctus. Si autem intel
979 428 1579 462 ligatur quod vna persona licite potest plus diligi quam alia
979 459 1585 492 e persona filium pro eo quod habet in se duplicem ama
979 486 1580 519 bilitatem nec sit persona alia tunc verum esset ad hunc in
977 514 1578 547 tellectum potest plus diligi id est pluribus amoribus diligi quia
981 541 1576 575 amore fruitiuo propter hoc quod deus est et amore vsus proptir
979 571 1584 602 humanitatem vel vno amore forte equiualente illis
979 599 1576 633 duobus amoribus et tunc plus diligitur et amore plu
977 627 1585 659 rium diligitur et extensius no autem intensius diligitur ex hoc
973 659 1582 691 amore fruitiuo quam alia persona licet per humanitatem
980 685 1587 716 amabilem surgat voluntas in magis feruidum amo¬
979 713 1583 746 rem non tantum filum sed totius trinitatis in quibus omnno
979 737 1584 771 eadem bonitas quae sola licite et vltimate fruibilis
976 770 1583 800 est. Potest etiam sic intelligi de persona filium quia scilicet in
975 792 1584 826 humanitate filius nos redemit et natus est et passus
983 825 1584 857 pro nobis etc. et nulla persona alia ideo videtur quod possit
980 854 1582 886 licite plus diligi quam persona alia. Respondetur quod in ta
977 880 1584 911 li passione et redemptione consideranda sunt duo
978 910 1586 943 primo velle spontaneum quo voluit diligere nos et
983 937 1585 969 ex amore magno sponte et gratuite pati et facere
982 966 1576 997 opus redemptionis nostre et quo ad hoc equaliter
989 996 1584 1025 pbligamur omnibus personis quibus huiusmodi vel¬
979 1019 1585 1058 le fuit commune quod filius in humanitate pro nobis
990 1048 1588 1085 pateretur. licet etiam hoc alia volitione creata fi
989 1075 1575 1113 ius voluerit per quam sibi et toti trinitati obligamur
982 1109 1584 1141 nec per se loquendo passio illa plus grauauit persona¬
989 1135 1575 1169 itatem eternam filium quam patris sed qualiter vera passis
981 1161 1583 1195 humanitatis sibi conueniebat per communicationem ydio¬
983 1192 1587 1219 matum hoc est quod grauauit humanitatem quae sibi fu¬
983 1218 1585 1254 it suppositabiliter vnita. Secundo considerandum
982 1251 1582 1283 est opus operatum scilicet passio et tota redemptio etc¬
980 1278 1589 1310 et quo ad hoc iterum tenemur equaliter toti tri¬
982 1304 1587 1339 nitati quae redemptionem nostram operata est in filio
980 1333 1589 1367 per quam assurgere debemus in amorem totius tri¬
981 1363 1584 1393 nitatis et per eum regratiari toti trinitati plus pro
981 1391 1579 1424 pter hoc quod placuit omnibus personis nos redime
982 1420 1584 1453 re per suppositum increatum potius quod per creatu
987 1448 1579 1475 ram licet secudum sanctos per puram creaturam po¬
981 1475 1580 1512 tuisset redemptio fieri si deo placuisset. Subdit sed
988 1501 1576 1535 illi supposito non ex hoc solo obligamur singula¬
984 1532 1585 1562 riter quod est suppositum redimens nos sed obligatione
980 1561 1584 1592 speciali sue humanitati debita que singulariter si
984 1586 1586 1623 li supposito est vnita et quod debetur illi nature de
988 1616 1581 1647 betur etiam et supposito cuius est saltem mediate
992 1645 1581 1671 et per accidens aut per aliud non sit alteri suppo¬
982 1671 1585 1707 sito. Sed illud vltimum dictum non videtur verum
984 1701 1589 1732 quia ex obligatione speciali debita humanitati te¬
980 1731 1589 1759 nemur toti trinitati que operata est omnia bene¬
982 1757 1582 1790 ficia et redemptionis opera propter que obliga¬
989 1786 1581 1821 mur humanitati christi. ⁋ Hic dicit vnus doctorque
985 1813 1585 1844 in patria non est aliquis amor vnus respectu filium in
984 1842 1583 1877 quantum est deus et homo seu redemptor noster sed
989 1870 1576 1904 duos amores propter duas naturas quas vnico
987 1897 1587 1935 amore non contingit amari et hoc distincte quia
987 1928 1579 1960 non possunt cognosci vnico actu simplici intelle¬
982 1957 1581 1991 ctus sed opposito et non sequitur ex hoc quod possit
984 1983 1574 2017 sic amari quia actus amoris oportet quod sit sima
980 2012 1585 2047 plex. Si enim inquit idem esset actus amoris
984 2043 1581 2076 respectu diuersorum tunc vti videtur eadem es¬
982 2070 1581 2106 set fruitio intensior respectu alicuius persone
981 2095 1579 2140 quam respectu alterius. Sed hoc non videtur verum quia
