1799 2500
189 253 774 295 incipiendo esse. Okam obiicit contra scotum sic ob
182 295 776 330 iectum et intellectus respectu intellectionis sunt due
186 320 783 359 partiales cause quarum neutra dependet ab alia in
190 352 781 383 causando sed vtramque agit vertute propria tunc quaro an
186 377 774 410 iste cause sint essentiamliter ordinate aut accidentalit
191 404 776 437 si primum habetur propositum scilicet quod non semper in essentia
191 432 781 465 liter ordinatis secunda dependet a prima in causando
187 461 783 494 si secundum igitur potest vna agere sine alia quod patet falsum
189 492 783 525 ⁋ Respondetur quod vnam caum agere in virtute alterius
191 522 775 553 vel ab alia dependere in causando potest dupliciter in
188 549 780 583 telligi. Primo sic quod vna earum dependeat ab alia
189 575 779 608 in habendo illam partialem virtutem qua partialiter
192 604 777 640 potest agere in suo ordine et sic obiectum non depen
189 631 791 666 det ab intellectu in causando intellectionem nec econ¬
191 660 784 694 uerso sed vtrumque agit virtute propria. Secundo sic
194 688 788 724 quod vna earum sine concursu alterius non sufficiat ad
191 722 783 751 producendum talem effectum sed indigeat alia secum
191 746 787 777 actiue comprincipiante et hoc conceditur de obiecto et
187 773 785 808 intellectu quod vtrumque vt sic dependeat ab alio et vtrum
189 806 780 838 que agat virtute alterius et ita in causando intellectio¬
193 832 788 865 nem essentialiter ordinantur. Secunda differentia
192 862 781 892 est quod in per se et essentialiter ordinatis est causalitas
188 890 784 924 alterius et alterius rationis hec sumitur ex prima quia
192 917 786 951 nulla causa essentialiter dependet in causando nisi
184 941 780 973 causa alterius rationis quia in causatione alicuius effectus
190 972 788 1003 in specie aliqua sufficeret vnum vnius rationis. ⁋ Ter¬
185 1000 793 1035 tia differentia quod omnes cause essentialiter ordinate
193 1031 789 1065 necessario requiruntur ad causandum alioqui aliqua
188 1059 787 1095 per se causalitas deesset effectui in accidentaliter or
193 1088 785 1120 dinatis non requiritur simultas eorum in causando.
199 1113 793 1148 ⁋ Contra sol et mus sunt cause essentialiter ordi¬
196 1140 792 1175 nate et tamen sol fine mure potest producere murem
189 1170 789 1211 igitur. ⁋ Item quilibet effectus potest a deo produci
192 1199 791 1232 nullo alio coagente igitur. ⁋ Ad primum bene probat quod
189 1231 789 1261 non essentialis ordo solis ad murem quamuis sit eco¬
193 1255 789 1290 uerso. ⁋ Ad secundum dico quod ly necessario intelligi
189 1280 785 1315 debet de necessitate naturali cuius oppositum per nul¬
191 1309 787 1343 lam causam naturalem vel citra deum fieri potest. ⁋ Ter¬
200 1337 794 1375 tium dubium quomodo cause per se differunt a causis essen¬
194 1366 792 1405 tialiter ordinatis. ⁋ Item que sit differentia inter cau
195 1396 795 1427 sas per se et causas per accidens. Respondet scotus et be¬
196 1424 797 1457 ne quo ad primum quod prima comparatio est casarum dua
199 1452 795 1484 rum inter ie in causando eundem effectum. Sed secunda
201 1481 798 1513 est comparatio vnius cause ad vnum effectum. Quo ad
189 1507 791 1542 secum dicit quod illa est per se causa alicuius effectus quae se¬
199 1536 797 1567 cundum naturam propriam et non solum secundum aliquid si¬
193 1562 792 1601 bi accidens quae non sic causat per naturam propriam sed
198 1592 799 1627 per accidens sibi. verbi gratia subiectum est causa per se sue
201 1622 798 1655 proprie passionis sibi naturaliter conuenientis et
196 1652 795 1682 inherentis sicut ignis respectu caloris sui et de hoc
198 1676 798 1710 etiam ponit ille doctor exempla philosophy et plosophorum. 5
192 1705 799 1739 metha. vt album per se disgregat et edificator per
198 1734 793 1767 se edificat que intelligende sunt in sensu compositionis
197 1761 790 1797 tamen accipiendo album pro aggregato ex subiecto et
192 1789 793 1824 albedine hec esset vera in sensu diuiso album per se dis¬
198 1821 794 1854 gregat quia per aliquod quod est pars sui scilicet per albedinem
192 1849 801 1880 disgregat. Et sic proportionabiliter dicendum esset
199 1875 789 1905 de similibus. Sed in modo loquendi vsitato sumun
203 1904 795 1935 tur talia concreta pro subiectis quibus insunt for¬
198 1933 793 1968 me huiusmodit et ideo iste in sensu diuiso album per
201 1958 791 1995 accidens disgregatredificator per accidens edifi¬
202 1987 793 2024 cat ita sunt vere sicut ista policletus per accidens
202 2017 788 2048 edificat et huiusmodi quia per primas non plus
203 2044 796 2080 denotatur nisi quod suppositum illud pro quo supponit
192 2075 790 2116 subiectum vtriusque non per naturam suam intrin¬
808 247 1407 294 secam sed per accidens aliquod sibi inherens edifi¬
810 293 1403 325 cat vel disgregat et hoc est verum. ⁋ Ex istis dictis
808 323 1405 352 sequitur quod iste in sensu diuiso creator per se est deus ho
814 352 1405 381 mo per se spirat spiritum sanctum eque vere sunt sicut
811 378 1413 412 iste deus per se est deus verbum per se spiratsci ist s
826 406 1414 437 ⁋ Secundus articulus est inqurere de dei essentia¬
811 433 1411 468 li vnitate et hoc primo dico quod tantum esse vnum deum
810 463 1405 497 indubitanter verum est cum sit articulus fidei. Se
810 493 1415 524 tamen restant dubia. Primum vtrum sit euidenter
810 521 1412 555 probabile quod similiter incausabile sit tantum vnicum
815 550 1413 584 numero videtur quod non vmo magis eius oppositum
812 576 1415 607 quia quicquid si esset esset similiter necesse esset hoc
808 608 1411 640 est similiter necesse esse: sed aliquid aliud similiter
812 633 1415 670 incausabile ab isto si esset esset similiter necesse esse
812 659 1417 696 igitur aliquid aliud similiter incausabile est necesse
808 691 1411 725 esse igitur duo sunt simpliciter necesse esse. Igitur
808 715 1415 755 maior probatur quia ex opposito predicati insequitur
815 744 1419 780 oppositum subiecti: quia si non est similiter neces
813 773 1413 805 se esse tunc nec si esset esse t similiter nec esse esse sed tan¬
813 801 1417 839 tum possibile esse. ⁋ Contra. 12 metha. entia no¬
816 829 1414 866 lunt male disponi sed pluralitas principum non est
817 859 1412 896 bona igitur vnus princeps Primo dico vt in priori
816 888 1411 923 articulo quod persuaderi potest quo predicta efficatius
811 916 1422 945 quam eius opposita licet contra preteruientem non po
816 945 1419 980 test sufficienter demonstrari. ⁋ Ad hoc pono rationem
822 973 1416 1007 que est scoti in virtute si essent duo dii siue duo sim
835 1002 1419 1035 liciter incambilia aut distinguerentur specie aut so¬
820 1029 1414 1066 lum numeror si specie non est verisimile quin vnus
819 1056 1416 1091 esset perfectior alio et ita ille imperfectior non esset
813 1086 1417 1122 deus: non potest dici quod solum numero quia talium
821 1114 1415 1146 indiuiduorum solo numero distinctorum non po¬
820 1146 1417 1176 test dari certus numerus vltra quam non possint plu
814 1172 1414 1205 ra eiusdem speciei quam de facto sint et per consequens
822 1200 1420 1234 possent esse plures dirquam de facto sint cum non sint
820 1230 1419 1261 infiniti et ex hoc sequeretur quod de facto essent plu
826 1256 1419 1288 res dum quam sunt quia nec potest esse deus vel simili¬
822 1284 1420 1317 ter incausabile quin sit de facto quia si non est et
825 1313 1419 1347 posset esse et non a se igitur ab alio igitur non es¬
829 1338 1421 1373 set similiter primum incausabile cuius oppositum
829 1369 1425 1401 supponitur. ⁋ Ad primum argumentum huius du
822 1395 1419 1429 bum dico quod non potest probari oppositum nec pro¬
823 1426 1421 1462 positum demonstrare euidentius cum propositum
828 1459 1414 1490 et maior ypothetica falsa est. ⁋ Ad probationem
820 1481 1418 1511 dico quod talis consequentia ex opposito non valet.
820 1509 1421 1544 Nam oppositum consequentis stat cum anteceden
820 1538 1420 1572 te. ⁋ Ad argumentum in partem oppositam con¬
829 1561 1421 1598 cedo quod sit bona congruentia philosofica maxime
820 1593 1422 1628 ponendo tantum vnum vniuersum dependentium
826 1628 1416 1658 et deum agere vniuersaliter naturaliter tameun
826 1646 1425 1691 probabiliter diceretur quod vnus effectus esset pro¬
826 1681 1427 1711 ducibilis ab vno per se sine alio et econuerso et
826 1709 1424 1740 cum hoc aliquis effectus per se producibilis ab
826 1734 1421 1767 vno esset per se et equaliter producibilis ab alio
828 1767 1420 1799 nec tunc entia male disponerentur quia tunc vni¬
829 1793 1417 1826 us multitudinis odinate dependentium esset tantum
827 1819 1417 1849 vnus princeps et alterius alter multitudo autem
827 1844 1419 1885 dependentium vel producibilium ab vtroque simulm
828 1878 1419 1909 non male disponeretur rmo optime per duos quia
827 1906 1426 1947 repugnaret illi multitudini esse nisi haberet prin
829 1933 967 1969 cipes duos.
832 1947 1422 1998 ⁋ Secundum dubium ista vnitas numeralis pri¬
822 1990 1424 2021 mi probari possit per hoc quod eiusdem effectus non
828 2016 1418 2050 potest esse plures cause totales et videtur quod sic quia
829 2047 1420 2078 si essent duo prima effectiua neutrum dependeret
821 2076 1425 2122 ab alio in causando effctum maiorem vt patet ex
