1787 2500
213 263 814 324 nullus posset sine hoc produci nisi ab isto aliquo
217 310 799 348 producitur et quod non posset produci idem effectus ab altero
219 344 806 378 primo sed sibi similis et equalis sicut forte diceretur
218 371 803 402 de omnibus causis naturalibus quod idem effectus nume¬
214 394 806 429 ro qui producitur ab isto per se non potest produci ab ali¬
214 426 799 467 quo effectiuo eiusdem speciei sed similis et equalis
214 454 800 490 vel si concederetur quod idem effectus numero produci
215 479 799 521 posset simul ab vtroque et etiam separatim ab vno
216 513 806 550 per se si aliud non esset et econuerso quod credo esse ver
215 541 797 575 non tamen sequitur quod ambo essent cause totales vocan
208 568 798 601 do causam totalem illam a qua producitur effectus eta
209 591 805 630 nullo alior sumendo autem causam totalem sicut prius non
209 625 801 662 est inconveniens duas esse causas totales respectu
216 650 795 690 eiusdem effectus. ⁋ Sed contra arguitur tunc multitum
216 677 802 716 do dependentium eque primo et equalitur dependeret
209 709 802 746 ab vno istoru sicut ab altero. Falsitas probatur quia
215 735 801 776 aut ambo concurrerent respectu eorundemleffectuum
212 764 800 799 vt cause partiales mutuo se exigentes respectu eorum
212 791 798 833 et tunc neutrum eorum esset primum quia vtrumque a reliqua
206 820 799 859 dependeret in causando aut vtrumque esset causa tota¬
211 845 804 889 lis sic quod posset casre illa altero circunscripto et hoc
206 880 792 918 est falsum quia contradictio est quod aliquis effectus essentia
206 900 798 939 liter dependeat ab a et quod tamen posset causari circun¬
206 931 804 974 scripto a quia illud quo circunscripto potest causari a
213 960 797 1001 non est eius causa essentialis et per consequens nec totalis.
206 987 801 1032 ⁋ Respondetur si quis non velit dare quod idem effectus
210 1020 797 1060 numero est naturaliter causabilis a diuersis agentibus
204 1046 795 1087 numero et eiusdem speciei neganda est comna prima
200 1071 794 1114 quia equalis perfectio non arguit plus nisi quod possit in¬
202 1103 792 1145 equales effectus non tamen in eosdem isto tamen dato cum
205 1128 802 1172 probas falsitatem consequentis dico primo quod concurrunt vt
204 1161 795 1199 cause partiales sicut deus modo cum musca concurrit
202 1184 797 1226 sicut causa partialis respectu eiusdem effectus nec se
207 1216 801 1254 quitur quod vnum dependeret ab alio in causando sicut
198 1245 800 1284 nec deus nunc a musca quia sine tali comprincipio potest
198 1268 790 1313 in eundem effectum vel in similem illo non dato etiam
197 1297 790 1335 concedendo quod ambo sint causa totalis vnius effectus sicut in
205 1329 797 1372 argumento accipitur causa totalis pro causa quae potest
202 1354 801 1399 causare altera circunscripta et vltra dico quod a nullo
203 1382 797 1427 primorum determinate dependeret effectus essen¬
200 1413 799 1457 tialiter primo modo superius exposito sumendo depen
198 1436 789 1483 dentiam essentialem sicut etiam tu accipis hic et causa
205 1464 788 1511 huius ibi tacta est quilibet enim talis effectus requi¬
201 1496 791 1539 rit aliud primorum hoc vel illud sed nec hoc deter¬
199 1521 793 1567 minate nec illud. ⁋ Diceres si essent duo primi vter
201 1549 788 1595 que argueret alium nullipotentem sicut arguit Hugo
203 1578 787 1623 de sancto victore quod vnus posset nolle esse idem quod
196 1610 790 1646 alius velle. Respondetur negando consequentiam quod ita es
199 1634 793 1682 sent caritatim quod neuter possit alteri difformiter vel
197 1660 793 1707 le. ⁋ Secundum dubium potest esse an idem effectus nu¬
194 1689 789 1732 mero qui defacto sufficientur producitur seu produci
192 1717 786 1764 posset de hac materia ab vno actiuo naturali pos
193 1749 790 1790 set naturaliter produci ab alio actiuo eiusdem speciei
196 1773 793 1819 Similiter mihi vel dicendum quod non propter hanc rationem
192 1810 793 1848 quia qua ratione hoc posset fieri per agentia natura¬
198 1829 787 1880 lia vnius speciei eadem ratione et alterius quia non plus repu
194 1861 775 1905 gnat agenti vnius specieiquod precise suppleat vicem agen
199 1891 785 1933 tis sibi similis in specie quam cuicumque agenti naturali
190 1918 783 1961 cuiuscumque alterius speciei respectu sibi similis. Falsi¬
196 1943 777 1990 tas probatur quia visionem sensitiuam vel intellectiuam ean
190 1978 786 2014 dem nunero quam causat respectu sui hoc visibile vel
195 1997 785 2046 hoc intelligibile nullu aliud visibile eiusdem speciei
191 2033 781 2074 posset producere quia nullum aliud visibile natum esset
196 2058 780 2105 sufficienter hoc circunscripto producere visionem pro
198 2086 783 2126 priam illius: tum quia tunc non esset propria huius vel nulla ha
190 2110 786 2168 bebitur visio propria canbilis per naturam vel propositum tum
841 269 1432 343 quia actiuum naturale agit secudum vltimum potentie
838 321 1431 369 suer et ideo si hec albedo sufficeret camre visionem pro¬
837 354 1425 398 priam alterius albedinis et non plus vnius alterius
837 384 1428 423 a se quam cuiuslibet infinitarum ergo cum non sit maior
834 411 1425 454 ratio quod causet vnius quam alterius visionem vel causa¬
837 434 1424 480 bit propriam cuiuslibet vel nullius et non cuiuslibet al
834 464 1430 504 terius igitur tantum propriam sui ipsius et sicut non potest causare
843 490 1428 536 visionem propriam alterius ita nec albedo aliam visionem
840 517 1431 565 istius Preterea omnis cognitio est signum naturale il
835 545 1428 596 lius quod per se significat tali potentie quam informat. Pre
837 578 1432 622 terea aliter eadem cognitio posset esse non tot quin
840 606 1421 651 plurium dicta cognitio. ⁋ Item nec in mundo esset co¬
836 637 1416 681 gnoscibile cognitione sibi propria. ⁋ Correlarium quod
837 664 1421 704 hec albedo siue posset care infinitas visiones sui
835 687 1425 736 siue tantum vnicam semper in eadem posita nunquam tamen poterit
831 718 1414 763 causare nec in eadem posita nec in alia aliam de omnibus
834 747 1420 789 visionibus infinitis cabilibus in eadem potentia vel
832 775 1425 817 aliam propriam respectu cuiusque albedinis et tamen cum
831 800 1427 848 hoc stat verum esse quod omnes visiones proprie quarum
831 834 1417 875 cunque albedinum casbiles sufficienter ab illis albedi
825 856 1417 905 nibus et potentiis visiuis eiusdem speciei specialissime
828 885 1416 930 sunt eiusdem rationis quia omnes cause concurrentes
833 917 1428 959 ad causandum respectu vnius sunt eiusdem speciei cum
830 947 1425 993 causis concurrentibus alterius. Et licet tam appa
828 974 1416 1016 renter non posset argui secundum hanc viam de diuer
828 1000 1425 1045 sis ignibus ex propriis conditionibus actuum vel obie
826 1033 1413 1076 ctorum tamen omnem argumentum quod fieret ad probandum op
832 1058 1414 1102 positum de ignibus eque probaret oppositum de obie¬
830 1090 1419 1129 ctis et visionibus et ita naturalis vel necessaria can¬
831 1113 1419 1157 litas est ex vna parte sicut ex alia. ⁋ Et si arguatur
824 1143 1418 1187 contra hoc secudum motiuum seco. de filis et patribus quia
830 1170 1421 1213 dato quod adam non peccasset idem praecise fuissent secundum
825 1196 1423 1241 sanctos saluati tunc et nunc igitur cum multi nunc sal
830 1227 1417 1271 uandi humanarunt patres damnatos defacto quorum
823 1255 1419 1300 nullus tunc fuisset in rerum natura secundum hoc igi¬
829 1282 1417 1326 tur habuissent patres alios. ⁋ Dicendum quod dictum
824 1310 1413 1355 sanctorum intelligendum est de ydemptitate tunc et nunc
829 1339 1419 1383 animarum et non corporum. Ex hoc potest solui quartum du¬
829 1366 1419 1414 bium scilicet quomodo potest vitari quin eiusdem effectus nume
828 1395 1416 1441 ro sint plures cause totales scilicet sic exponendo quod per
820 1420 1418 1469 quaelibet earum alia circunscripta vel aliis adhuc pro
824 1451 1419 1495 ducerentur quia diceretur quod idem effectus numero non
828 1481 1415 1524 esset producibilis a diuersis causis etc. vt predictum.
829 1509 1416 1543 Unde dico quod ponendo stuppam intur duos ignes equa¬
829 1538 1422 1580 les vnus ageret vnam medietatem et alius aliam. Dice¬
828 1566 1415 1606 res ponendo continuum componi ex indiuisibilibus sta¬
821 1596 1416 1637 tur ad partem mimam de qua responsio non habet locum.
835 1621 1415 1661 ⁋ Respondetur licet suppositum sit impossibile adhuc
821 1650 1419 1691 posset dici quod primus ignis mimi secundum extensio¬
818 1681 1412 1724 nem vnus gradus perfectionis intem siue canetur ab vno igne
822 1707 1416 1742 et alius ab alio. ⁋ Sed dices ista opinio sicut po¬
816 1730 1420 1779 nit mimum secundum intensionem. Et tunc stat argumentum
821 1763 1414 1806 responsio eadem est ad illud argumentum sicut ad argu
820 1791 1413 1832 mentum prius factum de duobus vel de pluribus ignibus
825 1818 1409 1864 positis in eodem situ adequato equaliter applicatur
823 1851 1420 1881 vni stuppe vel materie mime et licet euadi potest po
816 1875 1409 1917 nendo latitudinem graduum in forma ignis sicut ponit
821 1903 1406 1942 commentator quod forme elementor sunt itensibiles et re¬
817 1932 1408 1971 missibiles quia tunc diceretur quod vnus gradus esset ab vno
813 1963 1404 1998 et alius abalio sed econverso non concedo quod forma sub
816 1984 1406 2025 stantialis suscipiat magis et minus ideo vel oportebit
812 2019 1405 2060 dicem quod ista materia mima recipet formam ab vno non
819 2047 1405 2089 ab alioquod non videtur rationabile per casum positum vel quod vter
820 2076 1402 2118 quia caebit vel neutur vel quod ista materia simul recipe¬
821 2105 1412 2144 ret duas formas eiusdem speciei non facientes vnam quod
813 2128 1406 2184 licet non sit apud me verum citius tamen hoc ponerem quam di¬
