1778 2500
340 224 953 278 est ymago sufficit enim quod ymago herculis ab alio
344 273 942 309 sit causata tanquam ab hercule. ⁋ Nota tamen quod pro
341 303 950 341 priissime loquendo de ymaginem et de ratione yrma¬
345 331 952 367 ginis est quod ipsa sit similitudo expressa seu genita ab
345 361 942 393 eo cuius est ymago sicut dicit augustinus scilicet q. 14 et
344 381 945 420 exemplificant ibi vt in speculo est ymago hominis
345 413 948 445 quia de illo expressa est et oe parente expressa est
347 443 952 477 similitudo filium vt recte dicatur ymago et cum etiam
340 472 946 513 proprie sumitur ymago sicut prius accepi teste. M
350 496 948 532 libro. 2 distictione .15s. c. 2 Ex hac differentia sequi
336 525 944 557 tur alia quod vestigium ducere potest non tamen in
343 549 942 585 noticiam incomplexam recordatiuam illius cuius est ha
343 578 946 616 bitualiter noti sed etiam in aliquas consecutiuas et
341 610 946 640 consensus aliquos sibi conformes ia quorum simi¬
342 637 945 672 les non potest sufficienter ymago directe. verbi gratia
342 668 947 698 vestigium bouis non tantum facit recordari de boue
340 692 953 726 habitualiter noto sed ducit communiter incredulitatem con
343 722 942 756 formen huic complexo bos hec transiuit. Sed ymago
342 750 945 787 petri non in hanc petrus hic transiuit vel huiusmodi
338 778 951 813 Dubitatur in quo consistit ratio ymaginis et vide
340 803 941 841 tur quod non in substantia anime quia ymago necessario
339 838 951 869 requirit distinctionem aliquam sed in substantia anime
339 866 948 896 nata est distinctio igitur. ⁋ Item quod nec in substantia
341 892 944 924 anime et duobus actibus eius respectu quorum ha
343 918 943 953 bet anima fecunditatem cuiusmodi sunt actus volen
338 945 943 977 di et intelligendi quia inter partes ymaginis de¬
343 975 944 1009 bet esse consubstantialitas sed inter substantiam anime
344 1004 947 1040 et illos actus non debet esse consubstantialitas igitur
349 1034 950 1066 ⁋ Item secundum augustinum. 14. de trinitate capi. 2 de
339 1062 944 1091 magnis ymago dei in creantura naturali est immor
341 1088 943 1122 talis sed isti actus sunt incorruptibiles igitur. ⁋ Item
342 1116 949 1150 secum hoc quod posset in mente rationali inueniri ymago
347 1145 950 1179 respectu cuiusque obiecti intelligibilis etiam diuisibi
338 1170 947 1204 lis cuius oppositum innuit augustinus 12 de trinita¬
336 1200 946 1234 te capi. 4 In eo solo inqui quod ad contemplationem
346 1228 946 1264 partium eternorum non modo trinitas sed etiam yma¬
339 1257 954 1292 go dei in hoc autem quod deriuatum determinatum est in
343 1287 946 1316 actione temporalium etiam si trinitas possit non ta
340 1312 945 1345 men ymago dei inueniri potest. Et 10 de trinita
344 1334 949 1371 te ca. 23 oe paruis dicit quod non propterea est trini¬
342 1367 949 1403 tas mentis pammago dei quia sui meminit mens et intel
345 1394 950 1428 ligit ac diligit se sed quia meminere potest et intellige¬
348 1423 945 1457 re et amare eum a quo facta est eadem ratione in par
351 1452 947 1482 te sensitiua esset ymago trinitatis. Nam etiam ibi
348 1479 946 1513 substantia anime cum obiecto principiat cognitio
346 1511 942 1541 nem sensitiuam et cum cognitione actum appeten
345 1538 940 1570 di sensitiuum et ergo equne est originatio et ordo
345 1562 943 1594 conformis trinitati sicut in intellectu. ⁋ Ad primum
337 1591 941 1627 bene probat quod in nobis non est similitudo ymagi¬
343 1621 950 1653 nis ad plenum quia. secundum. 2 magis est dissi
349 1650 945 1682 militudo. Ideo dico quod nulla tria sunt in mente no
342 1678 944 1709 stra realiter determinata inter que sit similis ra¬
349 1707 943 1735 tio ymaginis duorum ab vno et vnius a duobus cum
341 1729 948 1767 substantialitate id est essentiali idemptitate istorum tri¬
349 1758 950 1794 um realiter distinctorum oportet igitur quod ratio	¬
344 1790 947 1826 ymaginis sumatur vel quo ad originem et distin¬
347 1816 950 1852 ctionem vel quoad substantialitatem et hoc non est
343 1845 945 1878 inconueniens de illo in quo tamen principiatiue
342 1874 949 1906 et virtualiter consistit ratio ymaginis cuiusmodi
341 1899 946 1933 est substantia anime. ⁋ Ad secundum dico quod licet
349 1929 942 1962 substantia anime et duo actus eius deficiant infra
345 1958 944 1990 cum substantialitate tamen prima consubstantia¬
339 1987 950 2018 litas exprimitur per memoriam et intelligentiam et
352 2003 946 2049 voluntatem que sunt vna anima. ⁋ Ad tertium dicitur quod
347 2042 945 2075 ymago trinitatis prout exprimitur in anima per
340 2064 972 2118 memoriam et intelligentiam et voluntatem est im
975 227 1586 280 mortalis. Secus autem est de actibus qui possunt
971 276 1583 308 non esse manente anima nisi per accidens intelli¬
968 292 1577 340 gimus aptitudinem naturalem quam anima habet re¬
975 332 1582 365 spectu illorum actuum scilicet quod ipse est volitiua et intel
967 357 1584 395 lectiua. ⁋ Ad quartum bene respondet scotus quod re
968 382 1582 421 spectu dei vt obiecti habetur in mente vltima et
975 409 1582 449 perfectissima ratio ymaginis quia scilicet ista tria me
975 444 1577 476 moria intelligentia et voluntas tunc non solum sunt ex
966 471 1585 508 pressa similitudo trinitatis increate inquantum sunt
968 500 1582 532 id est tales res sic se habentes inter se. Sed vltra. hoc
974 527 1581 560 quia omnis actus est vere similitudo et ymago ex
966 556 1583 590 pressa obiecti cuius est licet equiuoca ideo quando
973 582 1579 618 actus ibi sunt respectu dei vel obiecti tunc perfe¬
968 613 1575 645 ctius habetur ymago et conformitas ad trinita¬
970 640 1585 674 tem increatam maxime cum etiam tunc in obiecto
976 665 1579 697 inueniatur trinitas obiectiua correspondens quo
973 694 1584 726 dammodo in mente trinitati subiectiue quod non conti
966 726 1579 758 git in aliis obiectis. Ex eadem solutione patet ad
974 747 1581 783 quintum quod non est simile de sensitiua quia actus eius
969 777 1583 815 non potest habere deum pro obiecto tamen mihi
967 807 1578 845 videtur quod in sensitiua humana que est eadem cum
971 833 1580 869 intellectiua potest poni ymago trinitatis in sub¬
975 861 1577 894 stantia et actibus sensitiuis sic ordinatis vt supra
970 892 1581 926 tactum est licet imperfectior actus enim sensitiui
974 921 1581 955 et appetitiui humani sunt simplices et inextemsi ita
973 946 1573 978 bene sicut actus intellectui et voluntati. Sed secus
969 975 1582 1011 est de bruto vbi tales actus sunt forme extense et
975 1006 1575 1040 ideo est imperfectior similitudo ad trinitatem in
970 1032 1577 1066 creatam simplicissimam. ⁋ Secundum dubium vtrum se¬
976 1043 1710 1096 cunda pars primaginis increate scilicet actualis intel 2 dubium.
977 1089 1581 1126 lectio gignatur a prima scilicet a memoria et videtur quod
971 1116 1572 1150 non quia vel per memoriam intelligitur nuda sub¬
971 1144 1581 1180 stantia anime et illa non sufficit sine obiecto vel specie
969 1172 1578 1208 vel habitu ad principiandum actum quia si sic tunc
968 1201 1579 1237 semper intelligeret sicut arguit philosophus. 2 de anima de
972 1227 1583 1264 sensum quod sempe sentiret si se solo ageret sensationes
974 1248 1578 1292 nec intelligi potest intellectus cum specie vel ha
974 1286 1579 1320 bitu quia actualis intellectio non distinguitur ab
968 1309 1583 1345 habitu vel specie quod probatur primo de specie
972 1346 1576 1377 quia actualis sensatio est species in sensu vt patet
966 1369 1571 1405 per philosophum et commentatonem secundo de ani¬
972 1394 1573 1433 ma vbi probant quod actio sensibilis et sensus vt est in
968 1421 1573 1457 actu quod exponit commentator actio sensibilis ex
965 1455 1576 1489 tra animam in mouendo sensum et actio sensus quae
970 1482 1573 1512 est in sentiente scilicet qualitas qua sentiens cali
964 1510 1579 1544 ficatur in eadem actio hec commentator igitur si
965 1542 1573 1573 militer sic erit in intellectu. ⁋ Similiter probatur
962 1568 1573 1602 de habitu quia si distingueretur tunc generare¬
973 1596 1584 1626 tur ex actibus et tunc intellectus habens vnum
968 1625 1575 1657 actum per illum causaret aliquem gradum ha¬
974 1650 1575 1683 bitus et iterum cum illo actu gradum intensio¬
973 1680 1580 1713 rem quam prius et iterum cum intensiori actu plus de
977 1704 1567 1738 habitu causabit et sic circulariter sine fine donec
975 1738 1575 1769 intellectus habeat perfectissimum habitum quem
968 1766 1579 1798 recipere potest et actum similiter et per conse¬
967 1792 1574 1824 quenins statim quando habetur primus actus sta¬
975 1820 1577 1854 tim causaturus ipsius habitus consequenter pro
972 1844 1573 1881 duceretur talis actus perfectissimus et similiter
968 1877 1567 1911 actus perfectissimus iuxta modum predictum sed
969 1905 1574 1941 consequens est falsum igitur et illud ex quo sequi
968 1931 1577 1963 tur. ⁋ Respondetur quam intellectio actualis distin¬
967 1946 1568 1997 guitur sicut proles amemoria id est ab intellectu exi
973 1982 1568 2025 stente in primo actu sufficienti respectu intelle¬
971 2015 1572 2053 ctionis gsignende vel per presentiam obiecti re¬
973 2044 1564 2082 spectu primi actus naturaliter in illo causabi¬
952 2073 1577 2118 lis respectu talis obiecti vel per speciem vel
