1776 2500
352 236 939 291 praesentauit motum repraesentabit quietem et non motum. ⁋ Item
358 279 937 318 quelibet pars quantitatiua visionis bruti est visio per
350 307 936 344 ceptiua et tamen aliqua pars est ita parua quod si esset
357 336 936 373 per se non esset visio perceptima licet remaneret in
355 370 933 398 oculo etc. ⁋ Probatur si visio vel intellectus se¬
348 391 936 430 pararetur a subiectis suis non essent cognitiones
356 420 940 456 igitur ⁋ Item 7 phicor ad qualitates oe prima specie
350 448 942 482 non est motus quia sunt ad aliquid sed noticia est talu
352 477 942 511 qualitas. ⁋ Istis non obstantibus teneo contrariam
349 504 944 539 conclusionem quia vt dicit augustinus ii. de trinitate ca. 22 il
356 533 936 566 lud quod formatur in acie cogitantis est aliud ab
346 561 941 596 eo quod in memoria reseruatur et sit ab eo sicut pro
347 588 945 620 les a parente. ⁋ Item si qualitas que est actuatur co¬
354 614 940 652 gitatio posset cessare esse cogitatio inherendo tanm
350 647 943 680 anime sicut prius igitur pari ratione poterit ite¬
354 671 944 706 rato reincipere esse actualis cogitatio et tunc intel
354 703 942 734 ctus nouiter intelligeret sine hoc quod nouiter esset
356 729 946 763 causa illius intellectionis in aliquo intellectu quia ni
358 754 942 792 hil nouiter ageret aut nouiter reciperet sed hoc
350 785 944 820 non videtur intelligibile igitur. ⁋ Ad primum in
355 818 945 847 contrarium dicendu est quod conclusio illata est vera se¬
365 838 943 873 pe de illis similitudinibus quarum vna est tantum
353 873 941 902 habitualis repraesentatio illius obiecti et alia actua
357 896 941 928 lis ymo de actualibus non est inconveniens dummodo
361 925 951 956 sint alterius rei sicut patet de intuitiva cognitione
351 954 938 986 alicuius et abstractiua eiusdem vel de visione ali¬
358 982 940 1014 cuius rei in verbo et eiusdem in genere proprio.
367 1008 945 1045 ⁋ Ad secundum respondi in precedentibus quod hoc
358 1038 945 1071 non fit per eundem actum nunero. ⁋ Ad tertium dicitur quod
361 1066 941 1099 ibi per se intelligitur bonitas moralis subiecetum
358 1095 939 1126 autem talis bonitatis scilicet sor. vel plato etc. per
354 1120 941 1154 accidens diligitur et de talibus concessi di. prima
350 1152 950 1183 quod possunt non cognosci vel non diligi eisdem actibus re
350 1178 939 1213 manentibus sicut eodem actu visionis quo primo per
352 1204 945 1236 accidens video substantiam panis in hostia consecra
350 1232 941 1269 da eandem non video hostia consecrata sic hic in pro
362 1261 944 1299 posito cum indistincte diligo bonos quia tales et me
352 1295 940 1321 ignorante desinunt aliqui subesse huic accidenti de
353 1318 949 1358 sinunt et a me diligi illo actu. ⁋ Ad quartum patet
354 1345 898 1377 ex prima di. vbi tenui quod dilectio est cognitio¬
376 1374 945 1407 ⁋ Ad quintum dicendum est quod in illo casu plato per
363 1402 944 1435 illam dilectionem non diligeret se sed sor. et similiter
355 1429 950 1463 si dilectio qua sor. vult se diligere angelum ponere
356 1456 954 1496 tur in platone plato per illam vellet sor. diligere
351 1487 951 1522 angelum et eodemmodo si intellectio qua sortes ex¬
363 1512 944 1547 peritur se intelligere poneretur in platone ille iu
363 1541 949 1576 dicaret sortem intelligere vel experiretur nisi ex
352 1570 944 1607 perientia connotet sibi aliquid aliud. ⁋ Ad sextum
363 1600 945 1631 dico quod non omne quod est eiusdem speciei cum odis
356 1626 948 1662 platonis compatitur secun dilectionem sortis quam
356 1658 946 1688 tamen secum compatitur odium platonis quia a
362 1683 948 1717 liquod eiusdem speciei contrariatur illud vero non
355 1706 944 1743 quia ad contrarietatem actuum huiusmodi indiuidu
361 1738 948 1776 alium id est dilectionum vel cognitionum requiritur yden
362 1766 950 1801 titas numeralis obiecti vnde etiam illi iudicio quae
363 1793 944 1824 iudicarem hunc hominem esse sortem demonstrato
357 1822 944 1858 sorte repugnaret contrarie iudicium quo iudicarem
366 1850 947 1883 eundem no esse sortem et tamen secun compateretur il
363 1876 957 1912 lud iudicium quo iudicarem istum hominem non esse sor
362 1908 948 1939 tem demonstrando platonem vnde amor et odium
362 1933 944 1965 error et scientia non contrariantur nisi sint respectu
358 1961 950 1996 eiusdem licet sint eiusdem speciei cum quibusdam quae in
363 1992 948 2022 uicem contrariantur et hoc est speciale in actibus
367 2020 944 2052 vitalibus qui sunt ipsi motus et ordines potentia
363 2046 948 2077 rum erga obiecta. probatur contrarietas si esset
356 2074 949 2120 inter illas qualitates non cessarent esse contrarie
972 236 1564 283 ex hoc quod cessarent referri ad ea que prius videre
974 282 1557 314 tur posse dici vno modo aut etiam quia non sunt
974 306 1560 344 eiusdem speciei quia ex alia et alia causa concepta haben
977 334 1565 370 tur alia et alia eiusdem speciei. il lud tamen argu¬
977 361 1559 399 mentum et fere omnia procedunt ex non causa vt causa quia diffi¬
974 389 1563 427 cultas est communis isto non posito et queritur eius
978 418 1562 451 causa quomodo euadatur. ⁋ Ad septimum cum dicitur
976 448 1560 485 quod visio potest esse in sensu subiectiue fine hoc quod ipsa
972 475 1568 507 sit visio nego. ⁋ Ad probationem dico quod quando illa
974 506 1569 538 pars cessaret videri tunc etiam cessaret illa quali¬
975 528 1561 568 tas que prius fuit visio illius partis Et si aruiter a similite
975 560 1569 594 de delectatione appetitus que poterit esse ita remis¬
979 585 1563 617 a quod ipsa delectatio non percipentur nego quia nullus
977 611 1569 651 talis actus in sensu vel in intellectu est imperceptibitus
999 643 1566 675 Ad octauum non pono aliquod minimum visibile ab
982 670 1570 705 aliqua distantia danda. ⁋ Ad nonum teneo augmen
973 700 1562 733 tationem et diminutionem gradualem in formis fie¬
982 727 1562 762 ri per additionem et substractionem similis in specie
976 755 1569 790 ⁋ Ad decimum dicendum est quod c. albedo non est nata vide¬
982 785 1556 817 ri visione b. qua videtur a. et conclusi o ad quam de
977 809 1571 846 ducitur non est plus inconveniens quam quod iste termi¬
977 837 1562 874 nus esse naturaliter producibile de hac materia pri
981 872 1560 902 ma demonstrata conueniat infinitis indiuiduis ex ea
984 896 1567 926 producentibus et tamen nulli omnim ex aliis materiis
974 923 1564 958 producibilium nec sequitur quod periret via inducendi
976 957 1568 986 vniuersalem. ⁋ Sed videndum est in qualibet mate
984 980 1569 1013 tia quod debite fiat talis inductio ⁋ Ad vndecimum
980 1009 1563 1041 bene volo quod aliquid quod modo non intelligitur per
981 1036 1565 1065 intellectionem a. potest esse in casuper accidens obie¬
983 1063 1573 1092 tum illius intellectionis non tamen per se. ⁋ Ad pro¬
981 1089 1573 1123 bationem quae probat quod per se dico quod licet essentialius
980 1114 1571 1152 dependeat intellectio a suo subiecto in essendo non
981 1145 1572 1180 tamen in repraesentando obiectum cuius est actus ipsi sub
980 1176 1571 1205 iectio cui inheret sicut vitali principio hoc enim ha¬
981 1201 1575 1237 bet inseparabiliter ex natura sui et in hec ab ob¬
982 1229 1561 1266 iecto dependet nec oportet quod ab obiecto actiue se
983 1260 1564 1296 ab illo quod actiue conseruat eam in subiecto quod
975 1287 1564 1321 cumque fuerit illud. ⁋ Ad duodecimum dicendum quod con
974 1316 1568 1348 ceptus numerales non sunt eiusdem speciei sed sunt
975 1347 1568 1377 mere sinca. sicut omnis et aliquis quod patet quia con
980 1369 1562 1404 fundunt terminos sequentes se et ideo vnus numquam
980 1399 1574 1437 potest fieri similis alteri. ⁋ Aduertendum tamen quod
985 1433 1566 1460 nominaliter expressa sumuntur quasi collectiue et
982 1456 1568 1489 tunc non confundunt terminum sequentem sicut neci y omnis
986 1483 1568 1518 quando sumuntur collectiue. ⁋ Ad 13. dicendum est quod ac
986 1515 1573 1545 cidit visioni quod eius obiectum per se moueatur vel
986 1544 1566 1574 quiescat et per consequens quod ipsum sit motus vel quies
982 1568 1569 1600 quamuis mediante visione possit euidenter iudica¬
981 1596 1566 1630 ri vel argui quod res visa moueatur et ideo dicatur
987 1621 1577 1654 motus esse de numero sensibilium ideo hic dicendum
981 1653 1567 1686 consequenter sicut supra ad tertium. ⁋ Ad 1q si¬
983 1677 1569 1714 cut ad probationem septimi. ⁋ Ad 15. concedendum
986 1707 1568 1742 quod sicut accidit illi rei que est intellectio quod ipsa sit
980 1735 1575 1766 accidens vel qualitas quia non est accidens vel qua¬
982 1760 1572 1794 litas nisi quando accidit vel qualificat ita accidit
980 1793 1569 1822 sibi quod ipsa sit cognitio quia natura sua nata est esse in
987 1819 1568 1856 tellectio non sibi ipsi sed suo subiecto et sicut non potest
981 1847 1565 1879 in esse illi subiectiue nisi ipsum qualificet ita nec
982 1873 1568 1910 quin sit sibi cognitio. ⁋ Ad 16 dicendum est quod aliuo
978 1902 1564 1936 qualitas aliqua fit vel fieri potest scientia sine aliqua
985 1932 1572 1963 mutatione scientis vocando scientiam omnem notici
980 1959 1568 1993 am veram iudicatiuam si enim stante noticia tali res
980 1988 1571 2020 aliqua aliter se haberet et si post incipiat se habe¬
982 2015 1574 2045 re sicut supponat talis noticia tunc habetur scilintia
981 2041 1575 2075 fine mutatione scientis quia ab eo quod res est vel non
982 2069 1568 2117 est omnio dicitur vera vel falsa. ⁋ Similiter aliquis potest
