1794 2500
220 248 810 305 fieri de nouo bonus fine mutatione alicuius sibi ad
211 294 817 335 diti in subiecto per nouitatem precepti vel huiusmo
217 325 810 360 di similiter de pulchritudine vel de sanitate et ita
216 353 806 388 de multis qui ponuntur in prima specie qualitati¬
217 383 808 419 nam aliqua fiunt pulchritudo vel sanitas ad amotio
217 410 807 445 nem aliorum sine additione vel substractione ab il¬
215 439 803 476 lis que erunt pulchritudo et sanitas. ⁋ Aliter di¬
213 465 810 508 cunt alii quod isti termini visio noticia intellectio sci
218 496 807 532 entia dilectio et consimiles non distinguntur ex eo quod
214 528 811 558 aliquis de facto actuetur per tales actus vel ha¬
219 548 812 590 bituetur formaliter denominatiue per habitus sed
221 580 811 615 distinguntur aptitudine naturali actuandi vel habi
213 607 808 644 tuandi aliquem vel aliquos et sic si intellectio vel
215 637 814 669 visio sortis poneretur in lapide adhuc esset intel¬
216 662 812 705 lectio vel visio licet actu nullus per eam intelli¬
219 690 816 733 geret vel videret sed quia de natura sua est si esset
215 725 811 755 in subiecto apto nato formaliter quia per eam a¬
215 749 811 783 liquid videretur vel intelligeretur et eodem modo de
213 776 813 813 aliis similibus. ⁋ Alii dicunt quod illa qualitas que est
215 802 812 839 visio vel intellectio etc. nec tamen debet concediquoe simile
217 836 811 873 sit de accidente vel qualitate quae non distiguitur ex hoc
213 861 809 899 quod accidens actualiter accidat subiecto vel quali¬
215 889 811 931 tas qualificet sed ex hoc quod essentialiter natum sit ac
212 916 812 955 cidens accidere et qualitas qualificare nec etiam
206 947 806 985 concedendum est quod aliquis possit fieri de nouo bonu
212 978 806 1014 fine sui mutatione quamuis forte malus possit fie
214 1007 804 1043 ri non malus fine sui mutatione scilicet quod per solam de
207 1031 810 1069 rogationem et non ad imputationem ad culpam. ⁋ Item
209 1065 815 1095 quicquid sit de pulchriitudine non videtur quod sani¬
214 1088 805 1124 tas oe nouo possit fieri in subiecto sine iui muta
214 1112 815 1150 tione Item quod dicit quod termini numerales cofum
217 1143 821 1181 fundunt etc. non est ad propositum sed dicendum est quod
213 1171 816 1207 conceptus numerales essentiales diuersarum spe
215 1200 816 1234 cterum sunt nec est inconueniens quod vna albedo secundum
210 1230 817 1261 se vel suas partes obiectiue agat ad causandum ta
220 1257 811 1295 les species infinitas vel vt melius dicam secundum logi¬
217 1283 815 1322 eam infinite species tales quae accipiuntur secundum diuersam
215 1320 807 1350 aptitudinem partium adinuicem. ⁋ Diceres conceptus om
209 1341 811 1377 est naturalis similitudo quaternarii etiam represen¬
215 1366 819 1407 tat ternarium igitur est eiusdem speciei cum conceptu qui
215 1399 817 1433 est precise naturalis similitudo ternarii et ita ar¬
212 1425 811 1464 guitur de quolibet numero maiori respectu di¬
218 1453 811 1487 uersorum numerorum. ⁋ Item tunc est dubium quae
221 1481 811 1518 species numeri sit perfectior. ⁋ Ad primum nega
216 1510 811 1548 gatur consequentia eo quod non vtrobique repraesentatio est
218 1545 811 1575 omnino similis et adequata etc. ⁋ Ad secundum di
214 1568 820 1603 co quod loquendo de perfectione rei absolute pro vt
214 1593 813 1627 est talis essentia tunc species maioris numeri in¬
219 1622 819 1656 cludit perfectionem nuerorum et adhuc plus igitur tunc
216 1649 815 1685 semper maior erit perfectior. ⁋ Si autem loquimur
221 1682 813 1714 de perfectione numeri quo ad constitutionem sui
219 1707 813 1746 ex partibus tunc iste numerus dicitur perfectus
219 1733 808 1770 qui adequate constituitur ex partibus suis aliquo
218 1764 811 1795 rum etc. vt dicunt geometre. ⁋ Si autem loquimur et
214 1790 811 1831 perfectione secundum consonantiam et armoniam re
217 1821 819 1854 sultatem in aliquo toto nunero ex habitudine suarum
218 1851 810 1886 par tium adinuicem vel alio conformiter sicut est in con
221 1878 815 1912 sonantiis musicalibus cuiusmodi sunt dyapente dya¬
220 1911 813 1944 pason etc tunc talis numerus est perfectior cui cor
224 1941 819 1969 respondet armonia melior et conuenientior vnde forte nune
220 1964 819 1996 rus ternarius vt sic est perfectissimus et vniuersa
222 1991 817 2028 liter numerus impar perfectior nunero pari. ⁋ Ad
224 2020 814 2058 primum principale istius dubii cum inquiritur quiod
239 2047 809 2080 vocetur memoria etc dicendum est quod intellectus etc.
231 2078 814 2107 vt prius dictum est. Et cum probatur quod habitus ve¬
225 2103 826 2153 species non distinguitur ab habitu nec econtraper spe
847 245 1437 300 ciem in sensu dicendum quod sensus dupliciter sumitur
842 294 1444 326 vnomodo pro posentia seu natura vitali recepti
846 318 1435 352 ua immediate sensationis et in illa non recipitur species a
847 350 1443 383 liqua prima. primo actui posteriorem tamen bene
846 377 1441 409 recipit qualitate quae species vocatur frequenter ab au
840 407 1435 440 ctoribus et secundum veritatem est habitus. ⁋ Aliomodo
840 434 1434 467 accipitur sensus pro composito ex tali potentia et
844 467 1433 496 organo corporeo cuius est actus et forma et sic lo
840 493 1431 527 quendo in sensu id est in organo quod est altera pars sen¬
840 517 1435 552 sus sic accepti recipitur species que cum potentia et a¬
845 543 1435 581 ctiua sensationis requisita neccessario ad natura
841 576 1435 610 lem canetionem sensationis exterioris licet ipsa non suf¬
840 600 1434 637 ficiet cum sensusine actione propria obiecti et hoc est
847 629 1434 664 quod adducitur in auctoritate allegata quod eadem
848 662 1433 693 est actio sensus et sensibilis quia ista sensatio est actio
836 689 1435 720 acta vtriusque et eodemmodo proportionanter est di
842 717 1436 748 cendum de intellectione intuitiua et si quis vocet
843 746 1443 778 illam sensationem vel intellectionem speciem ob¬
847 771 1434 805 iecti id est similitudinem seu ymaginem eius eius cer
840 803 1439 840 te concedendum est quod a specie sic distingui non potest a
846 832 1434 867 ctualis sensatio sed sic loqui est extra propositum
849 859 1439 892 loqui et eodem modo est eadem actio sonantis et audi¬
849 884 1438 922 tus sicut ipsum audire sicut ipsamet auctoritas ex
840 912 1443 951 primit. ⁋ Ad secundum de mutua circulatione in cau¬
843 941 1439 977 tatione alicuius passtionis habitus ab actu et econ
849 973 1443 1007 uerso dicitur quod concesio iali processu musuo pri¬
845 997 1447 1036 mus actus reliquit vnam portionem que forte vo¬
840 1023 1447 1064 catur dispositio non differens ab habitu nisi sicut
845 1057 1445 1093 imperfectum a perfectiori eiusdem speciei quae vo¬
849 1082 1441 1116 cetur a. et illa dispositio iuuat intellectum vt pos
845 1109 1444 1148 sit in portionem promissam nouam actus multo mino¬
849 1141 1431 1174 rem priori quia reipeciu priorum egit intellectio secun
847 1167 1444 1202 dum vltimu sue potentie cum actu intuitiuo eiusdem
846 1197 1439 1230 obiecti et paru plus potest nouiter intellectus cum il
844 1226 1435 1259 la dispositione quam prius secundum intensionem et voce
849 1253 1439 1287 tur illa portio addita primo actui. b. tunc b. est min
845 1281 1441 1317 tomelior quam actus cui additur et per minonem portio
847 1310 1445 1344 nem causabit de habitu quam erat portio a. et illa con
851 1340 1437 1373 tinue proceditur hinc inde ad minus et ad minus
840 1365 1447 1401 donec vtrumque finaliter deficiat additio et sic sistetur
850 1395 1443 1429 i aliquo forsancitra summum ibi cabilem ex omnibus il
849 1422 1433 1455 lis portionibus per illum modum additur compositum
849 1451 1437 1485 ⁋ Aliter respondetur quod cum habetur actus primus
848 1481 1443 1516 sensationis et intellectionis intuitiue simultem
850 1511 1434 1546 pore virtute illius habertur duplex noticia abstra
850 1536 1432 1573 ctiua eiusdem vna indiuidualis et alia specifica en
850 1567 1439 1599 rum statim vtraque reliquit dispositionem vel tabitum qui
846 1597 1441 1626 cum intellectu sufficiat post in absentia obiecti in ab
850 1619 1438 1655 stractum actum qualem non poterat ante intuitionem
846 1653 1443 1685 talis obiecti et tunc est respondendum quod in prima gene
846 1676 1443 1709 ratione speciei vel habitus est potentia ita attenta
850 1706 1449 1740 circa primum obiectum suum mediante eius cognitione
858 1735 1447 1767 situitiva quod nihil aduertit de abstractiua sua co
852 1766 1441 1796 gnitione et dicendum esset vltra quod portio primo cau
853 1794 1447 1826 sata de specie seu habitu non statim coagit ad alium
851 1819 1445 1852 actum sed ideo caebatur vt esset principium actus vl
855 1849 1439 1880 terius in futuro et quando postea cum isto habitu seu
851 1877 1439 1909 specie intellectus principiat nouum actum tunc ille no
854 1906 1439 1940 uus actus est relindt additionem ad habitum prio
852 1933 1439 1966 rem tamen illa additio seu portio addita pro tunc
848 1964 1435 1994 nihil agit ad alium actum causandum ex eo quod intellectus
848 1989 1445 2022 iam prius natura ad habitus est tantum illi obiecto
861 2018 1445 2051 respectu cuius est ille actus tantus quod potest pro ista vice
851 2044 1445 2080 nec ide o ingenauit natura habituum vel portionem habi
852 2072 1447 2115 tus talem causari vt tunc seruiat ad actum aliquem
854 2101 1443 2143 cum. prius est sed vt in futurum deseruiat. ⁋ Con¬
