1776 2500
354 228 948 283 tra priorem responsionem ex quo sic remittendo est
358 276 950 310 status sic igitur primus actus qui precessit omnem ha
354 303 942 341 bitum. a. et actus compositus ex illo et sequentibus
354 335 940 370 sit .c. et compositum ex residuis partibus preter a.
362 364 944 400 et. d. et totus habitus sit b. tunc queritur an totus
354 388 946 425 habitus scilicet b. sit canatus a toto actu s. c. et pari ratione
359 421 946 455 ex alia parte queritur de actu composito ex omni
361 448 942 482 bus preter primum scilicet ipso. d. an cauebatur ex habitu b.
362 478 944 513 vel non si sic videtur esse circulus in causis et per consequens
361 503 942 540 idem erit a seipso. ⁋ Contra totus b. est canetus a quo
366 534 938 568 gitur et similiter totus. d. a quo igitur est causatus
361 563 941 598 hic potest responderi secundum duplicem fantasiam
362 591 945 631 vna quod tandem venietur vel ad actum ita remissum quod
361 616 944 649 iste non sufficiet vlterius causare aliquam portio¬
358 648 942 679 nem habitus vel econverso sed illud non videtur verum
363 673 946 708 uia non est dare minimum actum in specie aliqua mere natu
350 706 947 740 raliter agentium maxime quando tale in existit toti
353 730 944 765 suo. ⁋ Alia fantasia est quod in dicto casu est processus
357 756 946 793 hinc inde fine fine ad semper minus et minus et tunc
360 788 940 822 vltra dicitur quod totus b. habitus non est canatus ab aliquo
356 818 944 847 vno actu sed ab actibus et econverso est de actu cuius
352 840 940 875 ifinite partes cansate sunt a. partibus b. habitus totus
356 872 941 909 autem .c. actus non est casatus ab habitu vel habitibus
350 901 944 935 eo quod a. actus precessit omnes per positum et sic
356 931 948 965 etiam patet quod ibi non est circulus in causando nec
350 961 949 997 etiam idem causatur a seipso in tali processu cau
349 985 944 1023 sationis ⁋ Si autem queratur vtrum totus habitus.
350 1012 948 1052 b. sumpto ly totus cathe. causet ibi aliquem actum
350 1045 943 1081 et eoam vtrum totus actus .c. causet ibi aliquem actum
354 1072 940 1102 adequatum sibi. ⁋ Respondetur quod licet vterque to¬
351 1099 944 1135 tus causetur neuter tamen totus aliquid causat
344 1131 947 1161 eo quod neuter totus habet aliquid posterius secum
354 1155 946 1189 vtrobique sit processus fine fine. ⁋ Aliter responde
352 1182 942 1217 tur ad istam difficultatem quod si potentia non fati¬
347 1213 942 1248 garetur sed posset contrarie actus sequentes sicut
349 1243 947 1279 prmum cum equali vigore quantum est ex parte sui
346 1272 944 1306 tunc in casu argumenti semper produceret actum
363 1296 935 1336 osteriorem perfectiorem priore et eodem modo
343 1325 939 1366 habitum vel dispositionem nec esset inconveniens quia
353 1355 943 1396 valde cito in tali processu haberetur habitus per
349 1378 943 1420 fectissimus et actus similiter receptibilis in ta¬
349 1406 942 1452 li potentia saltem sic quod potentia vitaliter cansata a¬
351 1439 938 1478 ctuaretur in tali receptione secus autem est de rece¬
349 1466 940 1508 ptione passiua tantum respectu cuius non oportet
346 1497 935 1539 dare perfectissimum actum vel habitum vt patuit in
343 1519 940 1559 questione prima. ⁋ Et si dicis quod illud no videmus
346 1549 943 1591 fieri. ⁋ Respondetur quod hoc est propter potentie fa¬
345 1580 943 1620 tigationem et distractionem ⁋ Item portio habi¬
350 1606 940 1649 tus vel dispositionis acquisite non solum iuuat ad
341 1634 935 1678 actum abstractiuum in absentia obiecti producendum
351 1662 941 1709 sed etiam ad actum intuitiuum in presentia obiecti expe
347 1696 939 1735 rimur enim quod qui sepius per legit psalterium ex
353 1723 943 1764 dispositione vel habitu quem habet longe facilius
348 1747 934 1788 legit easdem litteras visas quam antequam haberet ta¬
350 1775 939 1822 lem dispositionem vel habitum. ⁋ Tertium dubium
347 1804 938 1844 secundi articuli est vtrum tertia pars ymaginis pro¬
346 1834 936 1876 cedat realiter a secunda amor s a. noticia videtur quod
345 1866 936 1902 non quia tunc amor angeli peccantis quo affectauit
341 1892 936 1928 equalitatem dei processisset ab aliqua noticia aut
343 1919 937 1957 igitur ab obscura dei noticia aut ab altera ⁋ Si primum
342 1952 932 1989 cum obscura noticia fuerit in illo pena peccati sequi¬
334 1976 925 2014 retur quod ipsum peccatum angeli processit a pena
337 2005 931 2040 peccati et ita sequitur quod pena naturaliter saltem
341 2033 925 2069 precessit culpam auctoritate augustinus super gene ni. ad
336 2063 928 2096 litteram ca. 24. ⁋ Si secundum igitur angelus si¬
338 2091 937 2140 mul fuit in maximo peccato et clare vidit deum igi
980 245 1579 297 tur simul fuit miser et beatus quia hec est vita eter¬
982 285 1579 329 na vt cognoscantte etc. Io 17 ⁋ Item tunc prius amor
985 313 1567 355 in mente aliqua procederet a noticia et supposito
989 343 1575 381 y iste amor sit respectu alicuius obiecti delecta¬
984 373 1578 407 bilis cum tunc illa noticia sit verum quia est cognitio ali
985 399 1575 438 cuius respectu placentis igitur est verbum per diffini¬
982 427 1578 461 tionem verbi. ⁋ Ex quo sequitur quod primus amor men
984 456 1579 494 tis in illo casu procedit a verbo cons est falsum quia
980 482 1572 517 tunc idem esset causa et effectus respectu eiusdem quia omnem ver¬
982 509 1568 554 bum procedit ab amore secundum augustinum 6.
987 539 1578 582 pe tri. ca. 24 et. 12. ⁋ Probatur prima noticia pro¬
982 566 1571 606 cedit ab amore igitur primus amor non procedit a
976 595 1575 633 noticia Assumptum probatur quia prima noticia sensitiua fit
980 627 1580 663 a voluntate copulante sensum cum sensibili secundum
974 652 1572 689 augustinus sii. de tri. ca. 2 4 7 d 2 2 et quasi per totumli¬
978 679 1578 720 bru sed voluntas non copulat nisi per amonem cum non
982 707 1575 744 habeat alium actum quo sic copulet igitur quaelibet cognitio
982 743 1576 779 iensitiua procedit ab amore. ⁋ Probatur appetitus sen
985 763 1565 809 sitiuus potest esse sine cognitione igitur intellectiuus
984 792 1573 837 Assumptum probatur quia naturaliter quis habe¬
982 824 1577 866 ret tamen et sitim etiam si numquam sentiret aliquid ab
981 852 1568 894 extrinseco Item talis dilectio vel esset eadem cum
983 883 1570 918 intellectione presupposita vel non si sic cum ista intel¬
984 910 1565 952 lectio pari ratione possit fieri odium dei sicut dile¬
984 935 1571 979 ctio sequitur expositorie quod dilectio possit esse odi
973 964 1569 1008 um si non est intellectio igitur deus posset conser¬
980 994 1567 1035 uare dilectionem istam destructa ista intellectione et
981 1018 1569 1063 pari ratione omni intellectione destructa et tunc
974 1050 1568 1088 voluntas posset diligere incognitum contra augustinus
974 1077 1568 1122 et contra experientiam. ⁋ Et confitmatur quia tuc
982 1103 1570 1144 voluntas vere potest imperare cogitationi de ali¬
981 1130 1574 1168 quo actualiter non cogitato aut igitur illud ap¬
975 1160 1572 1201 prehenditur actu aut non. ⁋ Si non tunc voluntas
983 1194 1574 1233 pperatur volitione circa incognitum. si sic frustra
983 1221 1562 1264 pperaretur et hoc etiam erat contra casum. ⁋ Ad op
979 1246 1568 1289 positum quinto de tri. ca. 67 et 7 vtrobique enim
981 1273 1565 1319 dicit quod amor procedit de scientia et de ipsa mente
980 1299 1558 1347 ⁋ Probatur noticia presupponitur amori sicut pro¬
970 1328 1562 1377 bat augustinus 5 de tirii. ca. 10 et. 10. de tri. ca. 58 et qua
978 1358 1561 1402 si per totum librum. Et tertio de li. ar. dicit hoc ca.lo
974 1388 1565 1431 4 quod nihil potest amari nisi cognitum quamuis ali
975 1419 1568 1459 quid possit cognosci et non amari igitur cognitio
971 1446 1565 1485 est aliquo modo causa amoris et non  materialis nec
972 1472 1565 1518 finalis igitur effectiua igitur amor procedit a no
970 1503 1566 1543 ticia. ⁋ Item de hoc vide aristotelem tertio de a¬
974 1532 1562 1566 nima et commentatonem commento. 5o. ⁋ Item 12 me¬
971 1559 1573 1599 tha. commento 36 sicut appetitus in brutis anima¬
974 1587 1570 1624 libus est propter sensum qui apprehendit voluptuo
966 1617 1565 1651 sum ita voluntas siue defiderium intellectus est per
974 1643 1562 1683 intellectum. ⁋ Ad istud dubium respondetur affir
967 1672 1570 1715 matiue loquendo de amore qui est actus amandi
965 1704 1567 1740 vel appetendiper viam nature causatus et ideo a¬
973 1732 1564 1763 mor huiusmodi inter partes ymaginis proportio
967 1758 1563 1794 nalite spiritus sanctus in ymagine increata secundum augusti
973 1789 1562 1827 num vbi prius arguendo ad partem oppositam hu
973 1815 1557 1854 ius dubitationis. ⁋ Si instes per augustinum o.
967 1844 1566 1877 de tri. vbi quasi per totum dicit quod mens humana est
972 1874 1562 1910 ymago trinitatis increate ratione istius trinitati
965 1901 1563 1937 scilicet mentis noticie et amotur in qua trinitate no
966 1925 1560 1963 ticia procedit de mente et amor de noticia et tanm
970 1952 1560 1994 ibi secundum eum tam amor quam noticia sunt vna essentia
959 1982 1553 2022 mentisigitur amor ibi non distinguitur a noticia
961 2011 1560 2050 actualia qua procedit nec noticia actualis que est
957 2037 1560 2078 ibi proles a mente ipsa tamquam a parente. ⁋ Respondet
962 2069 1556 2107 vnus doctor quod amor et noticia tripliciter accipium
964 2096 1561 2140 tur vnomodo pro potentiis Aliomodo pro habi¬
