1778 2500
315 239 919 297 actualiter igitur probo assumptum quia cogitatio
317 287 919 326 ista potest esse conueniens licet sit respectu alicuius
316 311 921 351 odibilis et stante ista cognitione voluntas potest de
320 339 921 382 lectari sicut patet per experientiam ista delecta¬
319 369 914 409 tio non est respectu obiecti cogniti quia istum ymagina
325 396 923 434 tum non est sibi delectabile per positum igitur est re
321 424 923 468 spectu istius cognitionis et per consequens voluntas potest
319 453 927 491 velle istam cognitionem licet istam non intendat quia dele
323 481 921 522 ctatio huius est quoddam velle vel saltem velle aliquod
322 510 920 556 potest esse respectu eiusdem omni alia cognitione circunscri
323 537 927 583 pta eodem modo potest argui de delectatione sicut de
326 564 930 608 actu voluntatis non intellecto. ⁋ Ad primum isto
327 600 922 636 rum patet responsio ex dictis immediate ante istam
319 626 931 662 dubitationem. ⁋ Ad secundum dicendum quod oportet
322 652 928 689 voluntatem apprehendere istum actum quem de
324 684 921 718 bet suspendere et hoc eo modo quo suspendit sci
319 708 926 755 licet distincte vel in communi. ⁋ Ad tertium negat
321 735 933 776 assumptum quia non vult quemlibet effectum que li
321 771 928 807 bere producit sicut vult quodlibet obiectum quod
328 793 935 835 diligit tamen si effectum suum vellet tunc etiam illum
322 818 929 869 proportionaliter cognosceret vt quando voluntas
334 849 937 893 vult aliquid esse diligendum. ⁋ Ad quartum dicendum
332 878 930 929 quod si intellectus debeat obedire voluntati in illo ca
327 906 935 949 su oportet quod ipsamet obediat sibi ipsi cessando ab
330 934 939 977 omni volitione et ab actus imperati cognitione si
325 964 927 1003 detur alia pars non sequitur quod ipsa non sit libera.
325 995 930 1036 ⁋ Ad quintum minor est falsa de causa partiali ad
326 1021 930 1061 varios effectus determinabili libere ab alia cau
328 1049 937 1090 sa. ⁋ Ad sextum negatur assumptum. ⁋ Ad proba
330 1082 935 1119 tionem dicendum est quod habitibus vti non valemus
327 1106 931 1148 nisi cum de eorum vsu confusione vel diuisione a
324 1136 937 1178 ctualiter cogitamus. ⁋ Ad septimum dicitur quod li
331 1165 935 1200 cet talis species non minus dependeat in suo fieri a
320 1191 937 1235 sensibili quam volitio a cognitione prima naturali¬
331 1220 939 1259 ter tamen amplius dependet ab eo in essendo et
327 1248 936 1294 permanendo in aliquo subiecto. ⁋ Ad octauum ne¬
324 1280 937 1318 gatur maior quia executio non est libera nisi denomi
327 1312 942 1346 natione extriseca nec voluntas causat illam immediate
331 1335 934 1372 sed mediate vtute motiva quia ad hoc est articulus parisi¬
328 1366 932 1401 scilicet quod substantia creata nihil operetur ad extra per
325 1392 941 1432 solum velle hoc enim soli deo conuenit quia dicit et
328 1421 941 1462 facta sunt propter quod cessante volitione potest
332 1455 945 1485 executio exterior aliquandiu continuari. et quia so
330 1478 937 1515 lum est meritoria bonitate interioris volitionis ide
332 1506 935 1542 illa cessante non est exterior meritoria sic quod ad noui
338 1536 945 1572 meritum imputetur et ex hoc concedo quod abulans
333 1564 945 1597 ad ecclesiam si moreretur in instanti quo cessat ha
337 1591 940 1626 bere actum interiorem tantum premium habet in
338 1621 941 1656 celo quam si vltra procederet sine actu meritorio in¬
332 1647 945 1686 teriori. ⁋ Ad 6. dicitur quod assumitur falsum licet enim
341 1680 935 1713 quandoque delectemur de aliqua cogitatione tamen hoc no
343 1704 941 1741 nit sine apprehensione illius cogitationis. ⁋ Quin
339 1732 943 1773 tum dubium an partes ymaginis create sint equa¬
341 1764 936 1801 les quod non quia secundum augustinum. 13. li. de trini. ca
341 1791 940 1829 62 a singulis bina a binis singula maioribus mi
335 1816 938 1856 nora vicuntur et per hoc patet quod non sunt equales
338 1849 943 1884 ⁋ Sed respondetur quod ipse probat hoc secundum su¬
333 1871 945 1907 os actus in via et hoc est verum. ⁋ Contra si sic intel
332 1904 934 1940 ligeret tunc acciperet falsum quia a singulis sin
332 1930 944 1969 gula vincuntur quia numquam vincitur a memoria ab in
335 1960 946 1997 telligentia si intelligit actu memoria meminit suo
336 1990 945 2025 modo actu. ⁋ Item si sint equales tunc quid meno¬
339 2013 952 2054 ria memineret intellectus intelligeret sicut dicit.
332 2047 944 2081 augustinus 10. de tri ca. 26. Et magister allegat
343 2072 949 2113 libro primo di. tertia. falsitas probatur quia aut hoc
333 2104 943 2150 esset verum de intelligere actu primo aut de actu
949 227 1545 286 secuo non de actu primo quia hoc non est nisi meminem
952 276 1549 315 si de actu secundo falsum est quia multa habeo in meno
950 304 1552 342 ria quae non actualiter cogito. ⁋ Item memoria intelli
952 335 1550 376 gentia voluntas non distinguuntur realiter igitur. conse
960 362 1554 400 quentia patet per hyestl 3 de tri. et per ma li. primo.
951 390 1555 423 di. 3i vbi dicit quod equalitas et similitudo no sunt ni
958 423 1553 456 si vbi est distinctio realis Item si sic tunc iste par¬
958 445 1555 487 tes formet equales ratione suorum actuum in prima
960 478 1551 512 quando essent sanate a langore sicut dicit augu. 13. de
962 504 1556 538 tri. ca. 2 ⁋ Falsitas probatur quia voluntas ha
956 533 1559 568 bebit ibi adiuuans puta charitatem que non excedit
958 562 1556 598 secundum apostolum igitur voluntas plus amabit
962 589 1553 630 quam intellectus intelliget Item in prima erit perfectus
958 614 1557 656 amor sicut dicit augustinis 8. de tiri. ca. 8 de peruis si igitur
959 645 1560 684 cognitio equalis sit amori sequitur ibi quod mens ibi
965 677 1553 710 tantum cognoscet se quantum est sed deus ipsam non cogno
964 707 1555 744 scit nisi quantum ipsa est igitur mens ibi tantum se co
962 739 1536 770 gnoscit quam deus eam cognouit quod est impossibile.
964 747 1564 795 ⁋ Probatur tunc beatus in patria equaliter ama
968 791 1553 822 ret deum et omnia alia posito quod eque clare cogno
967 815 1562 852 scat deum et omnia alia quod est impossibile quia cogni
969 847 1561 880 tis equaliter bonis iequalibus magis amat bea
969 877 1561 907 tus magis bonum vt manifestum est. ⁋ Item actus ma
966 897 1562 937 lus hic i via non est volitus a beato quia tunc ipse
966 932 1557 971 peccaret nec nolitus quia tunc non haberet quicquid
967 958 1566 994 vult et tamen talem actum cognoscit igitur. ⁋ Ad
969 990 1568 1024 oppositum arguitur per augustinum. 10. de trini.
973 1018 1567 1051 ca 26. Et magister allegat vi. tertia. primi libri.
973 1045 1565 1078 item 17. de trinitate capitulo 66 dicit quod hec erunt equa
966 1075 1566 1112 lia quando crunt ab omni langore sanata. ⁋ Pro¬
973 1101 1573 1136 batur 8. de tri. in fine mens amor et noticia eius tria
965 1130 1571 1164 sunt quedam sunt et cum perfecta sunt et equalia sunt
971 1157 1575 1193 si enim mens minus se amat quam est Uerbi gratia si
972 1186 1569 1221 se tantum amet mens hominis quam amandum est corpus
968 1217 1572 1251 hominis cum plus sit ipsa quam corpus peccat et non
974 1241 1578 1279 amat perfectum amorem sui. ⁋ Et nota bene hanc
966 1268 1564 1309 auctoritatem augustinus quia probat solutionem quan¬
970 1298 1566 1340 dam prius positam quia tunc intellectus creatus con
974 1332 1560 1372 prehendit aliquid cum cognoscit illud ita perfe¬
973 1359 1559 1398 cte sicut ipsum est ens non autem sicut ipsum est co
968 1383 1571 1428 gnoscibile sicut dicit augustinus quod partes ymagi
969 1411 1561 1453 nis cum sint perfecte non minus mens non amat se quam
972 1438 1573 1485 est et non dicit non amat se quam est amabilis nam est infi¬
972 1469 1567 1506 nite amabilis infinite diuini amoris. ⁋ Ad illud
967 1499 1567 1539 dubium respondet et bene in quibusdam syd pasteu di¬
975 1525 1576 1563 cens quod pars dupliciter sumitur pro parte secundum
971 1560 1575 1593 fidem et pro parte secundum ymaginationem hanc di. de
974 1589 1571 1630 parte ponit commentator primo phi. commento. 1 et vo
979 1618 1576 1654 co inquit partem secundum fidem illud quod in re est pars
976 1640 1574 1679 et partem secundum ymaginationem voco totum consi¬
979 1668 1570 1708 deratum per modum temporis. ⁋ Et suppono quod per
972 1701 1568 1742 ymaginationem creatam intelligamus mentem huma
975 1726 1569 1764 nam et per partes potentias naturales eiusdem. s
974 1755 1577 1792 memoriam intelligentiam et voluntatem quarum que
979 1784 1570 1821 libet est tota suba anime que tamen significatur per
976 1814 1580 1849 quancumque istarum intensionem per modum partis. ⁋ Istas
977 1845 1579 1877 autem esse equales potest intelligi multipliciter vno¬
974 1867 1581 1908 modo ratione obiecti scilicet quod quicquid potest esse obiectum
974 1895 1576 1930 vnius potest esse cuiuslibet obiectum et quicquid est ob¬
974 1922 1571 1959 iectum vnius est obiectum alterius eodem modo ha
976 1953 1577 1990 bitu scilicet vel actu et sic conceditur quod sint equales sen
977 1982 1576 2023 per tam in via quam in prima et hoc vult augustinis 0. de tri. c.
978 2010 1573 2053 o. Aliomodo intelligitur hoc ratione suorum a¬
974 2040 1571 2076 etuum sic. scilicet quod nulla earum sit magis impedita in suo
982 2069 1572 2106 actu quam alia a suo sed quod quelibet habeat dispositi
979 2096 1578 2142 onem naturalem completam in nullo impeditam a sus
