1784 2500
164 258 764 308 vocentur. a. et. b. illi duo modi vel ille due formali¬
175 304 767 335 tates quae differunt a parte rei formaliter et tamen sunt eadem
170 331 763 363 res quero igitur de re seu de realitate essentie et for
164 357 762 387 malitate eiusdem aut sunt idem omnibus modis a par¬
166 387 762 417 te rei vel non et eodem modo ex alia parte de realitate
171 413 763 451 sapientie et formalitate eius si sic igitur sicut res vel
164 444 764 479 realitas essentie est res siue realitas sapientie ita
162 471 765 506 a. erit b. ita quod erunt eedem formalitates sicut sunt ea
166 500 759 531 dem realitas vel si non cum tamen vt dicit ista responsio
169 529 758 559 essentia id est res essentie et formalitas eius sint omnibus
169 555 756 588 modis idem igitur sicut formalitas b. siue sapientie non
162 585 755 616 est a siue formalitas essentie ita nec erit res essen
167 613 770 647 tiae quod tamen est falsum ex conclusione prima si realitas essen¬
167 640 760 675 tie et formalitas eius vel modus vel quantitiua ra
168 668 764 704 tio vel quicquid vocauerit illud non sunt idem omni
170 696 756 726 bus modis a parte rei igitur vt prius sequendo fan¬
163 723 762 758 tasiam oe pluribus formalitalibus eiusdem rei alia
164 755 754 786 erit formalitas realitatis essentie ab ipsa forma¬
160 779 767 821 litate essentie et de formalitate formalitatis essen
166 811 763 846 tie quero vt prius aut est eadem modis omnibus a
165 838 756 874 parte rei illi date et si sic sicut prius si non processus
163 868 762 898 in infinitum sequitur igitur quod non plus est conceden¬
169 892 761 933 dum de sapientia et essentia diuina quod sint plures for
164 921 760 956 malitates vel modi reales vel rationales quantita¬
165 952 763 983 tiue vel etiam entia absoluta inter se distincta a
163 981 755 1013 parte rei modo praexposito quam quod sint plures res vel
165 1007 756 1042 plures realitates vel plura entia absoluta sic di
160 1040 756 1072 stincta. ⁋ Dices forsitan quod distinguntur formali¬
165 1065 757 1097 ter vel non sunt idem formaliter non tamen sunt distincte
164 1091 762 1123 formalitates. ⁋ Sed hoc non valet pro istis quia nesci¬
162 1122 759 1158 unt videre quod possunt aliqua distigui formaliter vel
165 1151 758 1183 esse et non esse idem formaliter quin sint distincte
163 1176 758 1205 formalitates. ⁋ Tertia conclusio quod sapientia divi¬
162 1205 763 1240 na omnibus modis a parte rei est essentia diuina vel
165 1235 752 1267 eadem essentie quibus essentia diuina est eadem essen¬
159 1263 752 1299 tie diuine et sic de qualibet alia perfectione absolu
163 1291 759 1322 ta nec est inter eas aliqua distinctio penitus ex natu
154 1320 761 1356 ra rei vel non ydemptitas. ⁋ Et istudm mouet me mul
162 1347 753 1379 tum quia sancti hoc clamant sicut hoc patet vbique in li.
156 1374 757 1414 sententiarum vbi de hac materia fit mentio et hoc philosoph
158 1406 757 1433 contestantur quia vt dicit commentator 12 metha. con¬
155 1431 754 1463 mento 20. multiplicitas in deo non est nec differentia
161 1461 760 1495 nisi in intellectu non in esse inquit magna inquit dif
163 1485 763 1524 ferentia est inter ea quae differunt in esse et intellectu et
164 1517 762 1552 que differunt intellectu tantum. ⁋ Item tanta ydem¬
161 1546 756 1582 ptitas et simplicitas et vnitas ponenda est essentie
156 1575 755 1611 diuine ad quodlibet quod in diuinis ponatur a parte
156 1599 753 1634 rei quanta potest stare absque repugnatia manifesta
162 1630 754 1663 quia hoc videtur seruare summam simplicitatem dei
158 1658 751 1694 et vnitatem cum vnitate cuiuslibet infinite perfectio
152 1688 754 1720 nis simpliciter absque omni imperfectione. ⁋ Sed
152 1714 752 1744 nulla potest ostendi contradictio sequi ex hoc quod sa¬
163 1744 750 1775 pientia diuina sit omnibus modis a parte rei essen
159 1773 753 1805 tia diuina siue eadem quibus essentia diuina est ea
162 1796 760 1833 dem. sibi igitur minor patebit soluendo argumen
157 1825 750 1863 ta in contrarium. ⁋ Tertio diuina essentia nihil est
172 1856 750 1892 suin diuina sapientia sit illud nec econtra igitur diui
158 1886 746 1920 na sapientia et diuina essentia sunt per omnia adin¬
164 1912 756 1951 uicem idem sicut essentia essentie vel sapientia sibi
156 1939 748 1975 ipsi. ⁋ Quarto omnia entia vere in rebus pro quibus nulla
154 1971 748 2006 contradictoria possunt verificari simul sut inuicem summe
163 1994 748 2034 idem sed sic est de deitate et diuina sapientia igitur. ⁋ Dice
159 2023 751 2062 res si maior sit ea igitur ex opposito si aliquam non sunt inui
159 2052 747 2087 cem summe idem de illis potuerit veificari contradictoria
159 2077 753 2115 sed deitas et diuina essentia non sunt inuicem summe idem quia
155 2106 753 2156 non conuertitur idem cum deitas sit aliquid puta filius et tamen
796 256 1393 318 paternitas non est idem igitur de paternitate et deitate vel pro si¬
797 311 1384 347 lis possunt simul verificari aliqua contradictonia et si hoc igitur pro
791 334 1392 366 eadem re quia deitas et paternitas sunt idem. ⁋ Negatur vlti¬
799 364 1386 399 ma consequentia quia non plus valet quam ista pro essentia et paternita
799 395 1383 431 te verificantur conradictoria et deitas et paternitas sut alte
789 421 1393 456 rum istorum igitur contradictoria verificantur de altero istoru non
797 448 1393 489 enim sunt aliud idem nisi vel eadem deitas vel eadem
801 476 1389 512 paternitas vel eadem spiratio actiua et constat quod nec
790 509 1387 546 de eadeim deitate verificantur contradictoria nec etc. ⁋ Et
799 534 1386 566 nota quod istis termis pater et essentia verificantur contradicto
799 564 1393 596 ria non propter hoc quod poater immediate distinguatur for
793 592 1388 626 maliter vel alio mo ab essentia vel econtra sed propter
795 618 1388 655 hoc quod essentia est tres res disticte et ex hoc etiam es¬
795 645 1391 679 sentia est aliqua res scilicet filius quae res non est pater et secundem hoc
791 677 1389 709 aliquo dicunt quod essentia non distiguitur a patre immediate s
795 703 1386 736 mediante ita scilicet quod essentia est filius quae distinguitur a patre
797 731 1387 770 ⁋ Set argumentum forte aliter ymaginatur ac si esset ali¬
791 762 1392 792 quid idem in recui tam deitas quam relatio personalis vel
795 791 1391 821 personalis proprietas ydemptificaretur tanquam et aliquia eodem
798 820 1389 854 demptitato ab eisdem sed non est ita quod sit aliqud idem nisi
797 840 1392 883 eadem deitas pro qua non verificantur aliqua contradictoria
797 876 1387 905 vel eadem persona vel pro quo etiam nulla verificantur contradi¬
789 901 1387 937 ctoria et ita currendo per omnia quae darentur oe ydemptitate
788 929 1386 963 vere essentie ad paternitatem et econtra qualis autem sit
787 959 1389 994 et quanta tractabitur postea loco suo est igitur in argumen
791 987 1391 1017 to figura dictionis equalens huic contradictoria verifican
787 1016 1389 1048 tur de istis igitur de hoc istor vel de hoc istorum a. plu
785 1046 1388 1082 ribus determinati ad vnum aliquod eorundem non enim sequitur
790 1073 1385 1110 vna pars verificatur per hoc istor et alia pro alio igitur am
789 1098 1380 1139 bo veificantur pro hoc vel ambo pro illo. ⁋ Quinto sic per
789 1127 1380 1162 se indiuiduum illius abstracti per quod abstractum et etiam
791 1156 1382 1189 per concretum eiusdem bene respondetur ad quaestionem per quid
795 1188 1385 1223 est de deitate nullo modo distinguntur a parte rei a dei
782 1213 1387 1252 tate quia non posset certius vel essentialius ab intellectu
789 1245 1380 1278 ydemptitate esse istud quam quidditatiue. ⁋ Set ad que¬
792 1264 1386 1305 stionem factam per quid de deitate vel deo respondetur vere
790 1298 1383 1339 et bene quod ipsa est iusticia sapientia etc. iusta et sapiens
793 1328 1382 1357 ec. minor patet per ansel. monologio 16 vbi osten
787 1355 1380 1387 dit quod illi summe essentie idem est esse iustam quod est
791 1382 1382 1420 esse iusticiam et eodem modo et similiter de his quae
790 1412 1382 1444 de illa dici possunt et quod nihil horum monstret qua
790 1438 1386 1470 lis vel quanta sit sed quid sit et capitulo decimo
792 1465 1380 1499 septimo ostendit quod ita sit simplex vt illa que de eius
788 1492 1389 1529 essentia dici possunt vnum idemque in illa sunt et ni
790 1525 1381 1558 hil de ea dici possit substantialiter nisi in eo quod quid
789 1553 1380 1588 est et ex hoc concludit ibidem. dicens quam admodum
790 1580 1381 1612 itaque vnum est quicquid essentialiter de summa sub
788 1607 1387 1646 stantia dicitur ita ipsa vnomodo vna considerare
787 1637 1389 1670 est quicquid est essentialiter. ⁋ Et notanter dicit
791 1666 1389 1704 essentialiter propter notionalia et personalia quia
787 1695 1372 1732 essentia non est aliquid illorum essentialiter per
791 1721 1380 1759 se primo et ibidem. ⁋ Illa vero summa essentia
791 1751 1383 1786 nullomodo sic est aliquid vt istud idem secundum
789 1781 1376 1816 alium modum aut secundum illam consideratio¬
791 1808 1379 1846 iem non sic quia quicquid aliquomodo essentia¬
785 1834 1380 1864 liter est hoc est totum quod ipsa est. ⁋ Huic concor¬
789 1862 1381 1896 dat bene super cantica sermone. 85. cap. 20. dicens
786 1894 1380 1926 deus non aliunde bonus est quam vnde magnus est
788 1924 1382 1956 nec aliunde iustus aut sapiens quam vnde bonus et
782 1952 1388 1980 magnus nec aliunde fruibilis quoniam hec om¬
782 1977 1382 2013 nia vnus deus si quid igitur proprie de eo possit
784 2007 1388 2037 dici congruentius dicitur deus magnitudo iusti¬
781 2034 1377 2065 cia bonitas quam deus magnus bonus iustus hec ille
806 2063 1377 2094 Ex istis plane habetur minor supradicta quo ad
785 2088 1379 2121 abstractum et quo etiam ad concretum. Et vltra etiam
789 2118 1389 2165 quo ad alias quastiones alibi praetactas de modo loquendi
