1799 2500
352 273 949 326 omnem perfectionem simpliciter continentem in creatu¬
352 311 951 356 ris tamen significant perfectiones diuersas et accidentia
352 339 952 385 superaddita sicut velle et intelligere sunt distincti
353 366 951 412 actus seu accidentia in homine et quod tam velle quam intelli
350 395 945 443 gere est perfectio simpliciter eminentur attribuitur deo
371 430 945 464 Ad primum principale dico quod magister glosat hoc
353 451 947 494 vltimo ca.l huius di. de. voluntate praecedente vel ante
356 481 947 526 cedente. ⁋ Ad secundem patet vt prius dico tamen quod procedere qumo
360 512 951 551 natus est nasci et quomodo datus est spirari et nasci et
354 536 944 580 spirari realiter distinguntur sed ex hoc non sequitur
361 565 943 613 quod intellectus et voluntas in deo distinguntur vt prius
361 592 942 638 tactum est. ⁋ Ad tertium dico quod nec re nec ratione distir
352 622 956 673 guntur intellectus qui est deus et voluntas quae est deus nec
355 652 958 693 quocumque signo signatur vnum quin et reliquum eodem et
353 678 956 726 ideo non sequitur quod aliqua distinctio vel non ydempti¬
361 707 952 753 tas realis vel etiam distinctio rationis inter intelle¬
360 731 962 781 ctum et voluntatem in deo praesupponantur emanationibus
360 762 950 808 actiuis personarum passiuis tamen presupponitur distinctio
355 793 956 837 realis patris et filium quia principiu filium est solus pa¬
358 825 806 870 ter s iscl set pater et filius et sic est finis q. 10
459 847 954 913 ⁋Ueritur secunbo circa caum
408 885 957 933 fidem distinctionem. ⁋ Utrum deus sit realiter
462 925 951 969 e per se primo modo sapiens et intelligens
406 933 956 997 t sic de similibus videtur quod non quia creatum
358 992 957 1021 ra intellectualis est per accidens sapiens igitur deus.
368 1015 958 1053 ⁋ Consequentia probatur quia iste terminus sapiens
360 1042 959 1079 vnitate est communis deo et creature sapienti igitur vni con
365 1074 963 1109 uenit essentialiter pro suo significato et alteri et econ¬
355 1097 957 1132 uerso nam quod vni est substantia non est accidens alteri
366 1128 963 1165 primo phisicor. ⁋ Contra sepissime dicit augustinus
360 1153 963 1191 et recitatur in multis locis primi sententiarum quicquid
363 1185 967 1222 de deo ad se dicitur secudum substantiam dicitur sicut sapi
362 1215 967 1244 ens bonus et huiusmodi. ⁋ Et libro quarto allegat
366 1241 967 1278 magister di. d primi de hoc est esse quod est fortem esse
363 1271 956 1301 vel sapientem esse etc. et di. 45 cap. primo voluntas
365 1299 967 1330 siue volens de deo secudum essentiam dicitur non est enim
366 1326 967 1361 aliud velle et aliud esse patet hoc etiam per augusti¬
371 1356 957 1388 num in quinta probatione tertie conclusionis praeceden
373 1385 960 1413 tis questionis. ⁋ Prima conclusio omnis conceptus
366 1413 960 1448 simpliciter abstractus absolutus affirmatiuus con
365 1441 971 1477 munis deo et creature est conceptus quidditatiuus
365 1469 960 1504 illius rei simplicis que deus est et sibi conuenit in quid
404 1496 963 1530 Ad cuius probationem supponitur ex praecedenti que¬
367 1525 966 1561 stione nullam penitus esse distinctionem inter sapi¬
364 1556 968 1590 entiam quae deus et quancumque diuinam perfectionem ab
365 1582 965 1616 solutam. ⁋ Secundo priemitto quod illa res que deus est
366 1615 965 1647 potest tripliciter exponi per pronomen demonstrati¬
364 1637 971 1672 uum absque omni addito dicendo hoc vel cum ter¬
367 1666 967 1700 mino communi sibi addito. Dicendo hoc ens vel
366 1697 967 1729 hec res vel per nomen proprium quomodo hoc no
366 1726 971 1761 men sortes significat istam rem que est iste homo et
372 1756 962 1788 quia illius rei que deus est non habetur nomen ma
364 1784 959 1819 gis proprium quam sit hoc nomen deus vtor isto vt sit pro¬
373 1812 959 1845 prio nole illius rei siue sit proprium illi in significan
366 1840 957 1876 do siue non. ⁋ Tertio suppono quod idem conceptus con
366 1867 961 1898 ueniens sapientie intellectionis volitionis et sic de
367 1896 959 1930 similibus conueniunt deo et creature et ideo nomina
365 1925 959 1959 ista absoluta vniuoce dicuntur de deo et aliquibus
362 1953 962 1986 creaturis. his suppositis probatur prima conclusio
364 1982 961 2018 per auctoritatem anselmi in praecedenti quaestione posi¬
364 2009 966 2043 tam. ⁋ Item omnis talis conceptus abstractus est
366 2035 959 2067 quidditatiuus respectu cuiuslibet sui per se indiui
364 2066 965 2097 dui a quorum quodlibet immediate est abstrahibilis. sed
363 2092 954 2128 conceptus sapientie est sic immediate abstrahibilis
361 2119 984 2170 a sapientia creata et increata et similiter conceptus in¬
979 252 1583 312 tellectionis et sic de similibus mere absolutis et ab
982 299 1577 339 stractis tanquam commune quoddam transcendens a suis per
986 330 1585 367 se contentis igitur est conceptus quidditatiuus re
980 363 1573 397 spectu vtriusque maior patet quia non est maior ratio
983 388 1578 428 quod sit quidditatiuus vnius eorum quam alterius ex quo
986 420 1582 456 vtrumque eorum est per se fingulare suum eque minor
982 448 1577 487 patet ⁋ Tertio supposito conceptus sapi
984 472 1582 507 entie est communis deo et alicui creature igitur est abstrahi
983 500 1600 543 bilis ab eisdem. ⁋ Secunda conclusio conceptus concre
981 532 1580 565 ti dictorum abstractorum etiam praedicantur inquid de
992 560 1582 594 deo ita quod sicut hec est in quid deus vel deitas est sa
984 589 1586 628 pientia sic et ista deus vel deitas est sapiens vel hic
983 615 1584 651 est sapiens demonstrando deum probatur cuicunque
988 641 1588 682 precise eodem sui conueniunt talis conceptus ab¬
986 672 1591 705 stractus conueniat et talis concretus si illi conueniat
988 699 1590 735 inquid abstractus conueniet et concretus in quid consequentia
989 727 1591 767 patet inductiue namque eodem sui penitus est deus enti
984 755 1588 791 tas et ens ideo sicut est in quid hic est entitas ita est
993 785 1585 820 in quid hic est ens et econuerso sic etiam quia eodem sui est
988 815 1591 853 deitas et deus ideo sicut hec demonstrata deitate
990 848 1591 878 est in quid deitas ita est in quid deus sed deus eo
987 867 1590 905 dem sui omnimode est sapientia et sapiens volitio
995 901 1591 935 et volens igitur etc. ⁋ Contra hec demonstrata hu¬
988 925 1594 965 manitate tua est humanitas in quid et tamen hec
989 959 1587 991 non est homo in quid quia potest esse et non esse homo
992 990 1585 1024 puta si assumeretur a persona diuina. Similiter hec
996 1013 1588 1046 est inquid humanitas demonstrato toto sorte pre
991 1040 1587 1076 ter digitum et tamen hec non est in quid homo quia hic
992 1073 1586 1105 non est homo. similiter linea est longitudo et loga
992 1100 1588 1132 ratione eiusdem rei et tamen loquendo in quid et
994 1129 1595 1162 non longa in quid quia potest fieri breuis eadem
997 1158 1591 1190 longitudine remanente. ⁋ Ad primum ista instan¬
996 1183 1593 1217 tia non est ad propositum quia iste terminus ho¬
990 1210 1595 1245 mo vt sic sumitur est nomen suppositi et per conse
992 1243 1591 1277 quens terminus implicite negatiuus nulli rei in
990 1269 1595 1298 quid conueniens expresse solo pronomine demon
995 1296 1597 1331 stratiuo per idem ad secundum exemplum. ⁋ Ad
997 1325 1595 1359 tertium dicendum est quod sicut magnum et paruum
1000 1352 1595 1392 quandoque accipiuntur relatiue sicut patet et predi
1003 1381 1591 1415 camentis et quandoque absolute sicut patet per con
994 1410 1585 1444 mentatorem quinto methafisice vbi ponit hanc equi
1000 1443 1591 1472 uocationem ita etiam de longitudine latitudine
998 1467 1589 1500 et de longolato nam quandoque accipiuntur relati¬
993 1491 1595 1528 ue et ita est aliquid quod est latum respectu vnius
1002 1524 1595 1559 est strictum respectu alterius et quod est breue re¬
997 1551 1595 1583 spectu vnius est logum respectu alterius et sic huiusmodi ab¬
996 1578 1597 1618 stracta longitudo prout ponitur in diffinitione linee non
997 1613 1591 1643 correspondet huic latum. ⁋ Secundo modo accipitur absolutem
992 1637 1593 1670 tunc dicta abstracta correspondent eis et sicut hec est in quid
1001 1664 1592 1699 linea est longitudo ita est in quod linea est longa ⁋ Secundo
1004 1694 1596 1730 principaliter autem sic, sit a. conceptus proprius illius rei. simpliciter
990 1729 1597 1756 simplicis quae deus est. ⁋ Tunc sic omnis conceptus concretus abso
992 1753 1589 1784 lutus et positiuus qui praedicatur de a. equa essentialiter vel essen
998 1779 1597 1816 tialius sicut conceptus concretus adiectiuus quae sicut pars diffi
999 1807 1596 1842 nitionis alicuius rei praedicatur de conceptu proprio istius rei
994 1836 1592 1877 praedicatur de ai. in quid per se et primo modo quia hic non distiguitur
995 1862 1597 1901 quid contra quale substantiale sed conceptus alicuius sapientie est
991 1891 1594 1927 huiusmodi respectu. a. igitur maior patet per philosophy quia quaelibet pars diffi
1000 1923 1600 1956 nitionis praedicatur de suo diffinito per se primo modo ex primo
992 1950 1594 1991 posterior et aduersarii est hoc concedunt. ⁋ Ande et habent
994 1977 1589 2017 proresula quod illud praedicatur in quid et per se primo modo de aliquam quod prae¬
993 2004 1590 2043 dicatur de illo sicut diffinitio vel pars diffinitionis vel
992 2037 1593 2070 ipsamet. minor probatur quia tota causa quare talis
993 2065 1590 2103 pars diffinitionis vel quicumque conceptus concretus
994 2093 1585 2127 alius praedicatur per se primo modo de diffinito vel de alion
974 2120 1590 2168 alio est quia significatum suum vel abstracti sui est
