1797 2500
357 257 971 310 te ca. secundo. oe paruis in principio. ⁋ In deo nihil
362 308 952 343 secundum accidens dicitur quia in deo nihil est mutabile
363 331 948 373 assumptum patet per ma. in principio di. 30. vbi di
370 359 957 401 cit. Sunt eim quedam ex tempone de deo dicuntur eique tem
368 392 960 433 poraliter conueniunt et realitiue dicitur secundum ac
366 420 956 459 cidens et plura similia ponuntur ibidem. ⁋ Sed huio
365 446 955 486 rationi respondetur ibidem per ma. et augustinum
370 475 959 516 quod hoc non sit sic quod deo aliquid accedat sed creatur
365 506 955 542 vt ibidem declaratur de minimo qui fit precium
368 528 965 569 postquam non fuit precium. ⁋ Contra minimus non potest
365 559 963 598 fieri de non precio precium fine mutatione in nun¬
364 585 962 627 mo vel in alio sed non oportet fieri mutationem in
364 614 965 660 alio scilicet in instanti quo fit precium quia nec in re
369 646 965 684 ge nec in plebe sufficit enim precessisse statutum quo
366 675 967 713 sine alia mutatione nummus in tali instanti fit pre¬
372 701 967 739 cium. ⁋ Probatur sic dicitur in eadem auctoritate au
371 765 971 795 cus fine mutatione in vno vel in alio sed deus po¬
371 787 965 826 test fieri non amicus alicuius fine mutatione illius
371 842 973 883 ius fieri non amicus eius sine illius mutatione igitur
374 904 977 940 pio aliquem habentem amicum venialis peccati pu
370 927 970 961 ta cogitationem vel delectationem de aliqua il¬
369 958 972 993 lecebra qui actus ex sola mora ceteris paribus fiat
375 990 968 1024 mortale peccatum in instanti a tunc iste in instan
377 1015 972 1050 ti. a. non mutatur et tamen de nouo fit non amicus dei
373 1046 967 1078 vel igitur hoc fiet sine omni mutatione contra augu
373 1071 971 1105 et processum ibi sequentem vel mutatio erit in deo
380 1098 973 1137 ⁋ Aliter probatur idem assumptum supposito quod deus mo
381 1135 979 1161 do ante prandium det preceptum alicui quod citra occa¬
382 1158 979 1189 sum solis aliquid faciat vel facere incipiat et il¬
380 1181 973 1222 le cui precipitur velit adhuc differre illius precepti
377 1216 981 1248 executionem quod bene diupotest sine culpa perma
375 1243 974 1278 neat in tali voluntate omnino vniformiter vsque diu
382 1268 980 1310 post occasum solis et post meridien deus erit ami¬
381 1301 976 1333 cus eius et in solis occasu et post vsque quopenitem
376 1326 974 1363 at non erit amicus eius et iste cuius desinit esse amicus
373 1359 981 1391 non mutatur in aliquo igitur deus etc. ⁋ Item de
379 1385 977 1418 us est homo qui multipliciter est mutatus igitur deus
377 1412 974 1447 non est immutabilis. ⁋ Consequentia probatur quia
385 1442 976 1473 nullum idem simplex et indiuisibile est mutabile
383 1470 983 1504 et non mutabile quia tunc esset mutabile et non muta
379 1496 977 1533 bile quia ex termino priuatio sequitur terminus in
387 1527 982 1563 finitus primo posteriorum. ⁋ Ad oppositum est ma¬
382 1554 982 1588 gister in hac di. 8 ca. 4. vbi probat intentum suum per
383 1584 977 1617 b. augustinis. ⁋ Item iacobi primo apud quem non est trant
387 1613 982 1645 mutatio et illud malach. Ego deus et non mutor
379 1642 978 1677 distinctio mutatio etiam accipitur a sanctis quandoque
383 1672 977 1703 communissime pro omni noua inceptione rei vel an
381 1696 981 1731 nihilatione vel distinctione vel destructione vel causa
381 1724 987 1761 tione et ita secundum damascenum visio vocatur mu¬
388 1757 982 1788 tatio. ⁋ Secundo sumitur pro omni receptione for
378 1781 977 1817 me non prehabite vel pro desinere habere formam
382 1814 978 1847 prehabitam et sic materia dicentur mutari in primo
386 1837 986 1872 stanti sui esse si crearetur sub forma vel si totum com
390 1869 976 1904 positum ex eaet forma et isto modo loquitur au¬
382 1893 991 1933 gustinus sepe de materia prima quod fuerit mutata
379 1921 980 1959 in principio creationis ⁋ Tertio sumitur proprie pro
378 1950 982 1985 omni receptione noua forme vel situs in subiecto p
379 1984 984 2015 supposito vel pro perditione forme informantis
380 2008 984 2044 vel situs subiecto eodem remanente et sic sumitur
374 730 973 772 gu qua ibidem allegat. Magister de non amico fit ami¬
375 820 979 850 quod probatur quia deus potest de amico alicu¬
376 877 979 913 pari ratione econtra. ⁋ Antecedens probatur quia ca¬
379 2036 987 2076 communiter ab aristoteles phi. qui dicit mutare est
385 2066 985 2101 aliter se habere nunc quam prius. ⁋ Conclusio prima lo
385 2097 979 2125 quendo primo modo de mutatione solus deus se¬
378 2122 988 2168 cundum se est immutabilis de aliis a deo planum est se
982 255 1579 305 cundum fidem de deo etiam patet secundum fidem et philosopham
986 297 1584 335 quod deus est nec esse esse si enim non esset necesse esse neces
987 328 1591 362 sario esset prius aliquid eo secundum naturam quod pos¬
986 351 1587 387 set facere ipsum esse et ipsum non esse et per consequens quod
992 385 1585 422 ponebatur deus non esset deus. de hoc etiam vide
988 407 1596 444 di. 8 et etiam philosophyia dicit primum motonem omnino esse
996 433 1592 472 immobilem per se et per accidens. ⁋ Secunda conclu¬
990 466 1597 505 sio deus est per se secudum se immutabilis secundo modo et ter
989 493 1591 528 tio modo probatur quia deus non est secundum se formam a¬
1000 521 1596 556 liquam subiectiue recipere nec transferri de situ ad
999 555 1600 586 situm probatur per augustinum. 5 de tri. et ponitur in
999 576 1595 616 textu est cum deus sit actus purus nullius per se est per¬
998 608 1593 641 fectionis receptiuus. ⁋ Tertia conclusio non so
1002 634 1601 672 lum deus est secundum se immutabilis ad formam ipse ta
1006 667 1596 701 men solum est immutabilis secundum locum vel situm prima
1009 697 1594 727 pars probatur quia multa alia sunt a deo vel saltem
999 721 1600 759 sunt possibilia que non possunt per formas in eis re
1006 748 1605 785 ceptibiles subiectiue perfici quia aliter esset proces¬
1003 781 1602 815 sus in in finitum informis essentialiter ordinatis re
1006 806 1605 842 ceptibilibus in hoc subiecto questionis demonstra¬
1005 832 1607 871 to consequens est inconveniens igitur. secunda pars con
1007 863 1601 901 clusionis patet quia omnes subetur alie sunt locali¬
1009 888 1602 928 ter mobiles ve corporibus per philosopham patet etiam
1004 919 1605 955 de angelis per scripturam quia omnes sunt admi
1009 952 1609 983 stratorum spiritus etc igitur etiam de accidentibus et
1011 977 1610 1012 oe partibus su bstantarum non est dubium quia motis nobis
1009 1008 1603 1044 mouentur omnia que in nobis sunt. ⁋ Quarta
1009 1039 1611 1068 conclusio quod deus secundum aliquid est mobilis et mu
1015 1064 1611 1101 tatibilis vere quia rationem humanitatis assun¬
1011 1094 1600 1129 pte etc. de hoc vide satis diffuse euangelium ⁋ Se
1005 1118 1606 1156 hic attendedum est quod filium personalitas non transiuit se
1015 1153 1605 1185 cundum se de situ in situm nec mutabatur ad formam.
1029 1177 1613 1214 Sed ista sunt vera de dei filio secundum communica¬
1007 1207 1605 1241 tionem ydiomatum sicut omnes doctores clamant ipse ve¬
1011 1234 1607 1268 ro dicitur hoc ab humanitate sibi vnita non secundum ta
1008 1264 1604 1305 lem communicationem ydiomatum sed immediate sicut
1014 1289 1609 1326 calix dicitur deauratus ab auro sibi vnito vel sicut ferrum
1015 1318 1610 1355 secundum damascenum dicitur ignitum a forma ignis sibi
1010 1344 1609 1382 ignita vel ab accidentibus similibus accidentibus
1019 1372 1611 1416 ignis sed quod deus mutabatur non est nisi secundum
1016 1405 1615 1438 communionem ydiomatum vt sit sensus deus niuta
1014 1434 1615 1467 batur quia ipse erat ypostasis nature mutate vel sic
1011 1461 1614 1495 idest aliquid deo vnitum hypostatice mutabatur
1019 1493 1613 1523 vel natura ex cuius assumptione deus est ho mu¬
1011 1513 1611 1551 tabatur stante illa vnione hypostatica et sic de si¬
1014 1549 1614 1582 milibus et deus fuit mortuus id est deo ypostatice cor
1019 1577 1614 1609 pus vniebatur carens vita vel corpus mortuum
1018 1605 1619 1640 ⁋ Diceres pari ratione dei filius diceretur com¬
1016 1625 1621 1671 positum et creatura et huiusmodi. ⁋ Respondeo
1009 1658 1625 1700 quod non sequitur licet enim natura assumpta sit cre
1013 1689 1615 1723 atura et composita et aliud a deo et incepit esse et
1017 1715 1621 1749 fuerit creatura et sic de similibus quia tamen dei
1015 1747 1615 1784 filius non est natura illa assumpta non enim oporta
1017 1771 1624 1812 quod omnia communia relatiue illi nature dei filio con
1016 1799 1623 1839 ueniant quia non illa que non sunt nata conueni
1022 1829 1617 1866 re nisi illis quibus primo et immedia te conueni¬
1017 1857 1615 1892 unt Uerbi gratia licet homo sit albus ab albedi
1015 1887 1619 1924 ne tamen homo non est accidens ab albedine licet
1019 1916 1615 1952 albedo sit accidens et licet homo sit animatus ab
1019 1942 1617 1977 anima et anima sit pars non tamen propter hoc est
1015 1970 1617 2007 homo pars quia hoc quod hec dictio pars non est
1026 1999 1621 2035 predicatum vel terminus relatiuus natus den omi¬
1016 2033 1625 2065 nare sub hac denominatione nisi illud cui conue¬
1017 2054 1619 2093 nit primo et pari ratione nec hoc predicatum quod est
1021 2083 1620 2119 terminus relatiuus sibi compositus scilicet totum
1019 2110 1625 2160 vel compositum et eodemmodo est de istis predica¬
