1765 2500
214 260 809 314 est separatio partis a parte in composito moriente
213 308 803 347 sed dei filius vere moriebatur igitur vere fuit co
209 340 811 375 positus. ⁋ Respondetur quod si dei filius qui verissi
215 371 799 403 me pro nobis mortuus est et passus ita immedia
214 395 798 430 te et propriissime fuisset mortuus sicut corpus quia
207 429 799 462 erat pars assumpte humanitatis va leret conse
207 454 805 494 quentia nunc non valet sic quia sensus est Christus ve¬
210 481 798 512 re mortuus fuit idest Christus subsistebat in carne ve¬
213 508 805 546 re motiua per carentiam vite prius eam viuificam
213 537 802 576 tis vel animantis et cum hoc stat vera summa et
214 562 804 603 eterna simplicitas quia simplici vniri potest com
203 595 798 633 positum et ne de meo aliquid dixisse videar in hu
207 626 795 656 iusmodi expositionibus probo quod dixi testimo
205 654 797 688 niis aliorum. ⁋ Unde ambo. vt recitat Magister libro
209 680 795 718 tertio .25. ca. penultimo in fine emisit Christus spiritum
206 706 798 745 sed bene emisit ex carne Et consequenter vide to
204 735 787 769 tum capitulum sequens inuenies multa dicti
206 765 796 803 ad propositum et di. 22 ca. 3 mortem igitur dei fi
196 790 793 828 lius et in anima non ptulit et in maiestate non sen
195 819 797 866 sit sed participatione infirmitatis rex glorie cru¬
201 842 330 877 cifixus est.
247 880 796 951 Trca distinctionem deci
327 932 797 967 manseptimam Queritur primo vtrum cha
220 946 796 1007 ⁋Tritas seu gratia sit viatori necessaria
296 992 798 1027 v ad salutem quod non quia rectitudo volun
197 1017 797 1054 tatis videtur sufficere ad salutem sed gratia seu
199 1047 793 1082 charitas non est illa rectitudo nec pars illius re
192 1078 800 1112 ctitudinis quia secundum anselmum deus non po¬
193 1103 791 1141 test voluntati auferre rectitudinem sed charita¬
192 1132 796 1168 tem sepe auferre igitur etc. ⁋ Probatur obserua
193 1160 793 1195 tio mandatorum dei sufficit ad salutem mathei. 6.
187 1186 791 1223 si vis ad vitam ingredi serua mandata et alibi hoc
187 1214 798 1253 fac et viues sed precepta seruare potest homo si¬
186 1243 794 1284 ne charitate superaddita quia si non tunc nullus
197 1272 785 1308 pe ccaret non faciendo precepta quia nullus pec
189 1304 793 1340 cat non faciendo quod facere non potest per bea
195 1328 789 1369 tum augustinum de duabus animabus. ⁋ Et hie¬
193 1359 796 1397 ronymus dicitur in explanatione fidei execramur
189 1387 789 1422 eorum blaphemias qui dicunt deum aliquid impossi
192 1411 786 1451 bile precepisse. ⁋ Contra nullus potest esse saluus
189 1440 789 1477 nisi charus et gretus deo sed nullus potest esse cha
186 1469 793 1510 rus sine charitate et gratus sine gratia sicut nec
190 1495 784 1538 albus sine albedine igitur. ⁋ Probatur peccatum
186 1523 790 1563 est malum et infinitum igitur non potest tolli per
191 1550 791 1595 sola naturalia et si aliud requiritur illud voco gra
188 1580 790 1623 tiam. ⁋ In ista questione et in omnibus aliis de hac
188 1611 786 1647 materia suppono quod charitas infusa et gratia de
191 1636 781 1673 qua queritur idem sunt. Dist inctio de gratia seu cha
190 1669 791 1706 ritate quod aliquando sumitur pro gratia creata for¬
185 1695 788 1728 maliter animam informante. ⁋ Secundo pro increa
184 1722 781 1761 ta ad vitam eternam animam acceptante⁋ De per
182 1751 780 1789 ma loquitur decre talis intitulo de summa tri. et fi
180 1778 784 1819 de cagisur quod sub hiis verbis quantum ad effectum ba
181 1805 785 1846 ptismi in paruulis reperiuntur doctores quidem
183 1838 780 1879 theo opiniones habuisse contrarias quibusdam
183 1864 784 1902 ex ipsis dicentibus per virtutem baptismi paruu¬
179 1888 784 1931 lis quidem culpam remitti sed gratiam non confer¬
185 1922 781 1963 ri aliis afferentibus contra quod et culpa ipsis in ba
187 1948 782 1988 ptismo remittitur ac virtutes et informans gra¬
185 1981 785 2013 tia infunduntur quo ad habitum et si non pro illo
181 2004 782 2045 tempore quo vsum nos attendentes generalem ef
186 2030 781 2074 ficativa mortisx rit i qui per baptisma applicatur pa
178 2063 785 2101 riter omnibus baptizatis opinionem secundam que
183 2089 785 2131 dicit tam paruulis quam adultis conferri in baptismo
186 2118 789 2173 gratiam et virtutem tamquam probabiliorem et dictis
843 272 1435 328 sanctorum aut modernorum doctorum iheologo
843 320 1442 353 rum magis consonam et concordem sacro approban
842 345 1442 381 te consilio duximus eligendam. ⁋ De secunda loquitur
839 374 1435 417 io in cantica sua. d. dicens deus charitas est et ad
846 398 1433 439 illum tendit se ma. in presenti distinctione. ⁋ Se¬
838 429 1435 472 cunda distinctio est de necessitate scilicet simplici
840 458 1431 502 ter dicta et secundun quid id est secundum dei potentiam
839 486 1433 528 absolutam vel secundum legem statutam et communem.
841 514 1433 551 ⁋ Item premitto quod questio non est intelligenda ca
835 545 1436 584 the. quando sic nullam haberet veritatem quia salus non
830 576 1430 610 est necessaria igitur nihil ad eam est necessarium
839 600 1433 643 Antecedens patet quia de potentia dei ordinata potest quis
835 633 1434 670 non saluari intelligenda est igitur questio hypoteti
831 657 1436 700 ce ita scilicet si debeat pertingi ad salutem vtrum
834 687 1432 727 ad hoc gratia necessario requiratur. ⁋ Conclusio
835 719 1433 758 prima charitas increata est homini ad salutem ne
829 750 1429 786 cessaria probatur nullus potest pertingere ad fi¬
829 774 1433 808 nalem beatitudinem qui hic vocatur salus fine dei
832 800 1436 841 acceptatione et preordinatione et beatitudinis in
834 827 1433 867 homine creatione igitur ⁋ Secunda conclusio gra
829 855 1435 901 tia creata distincta ab ipsa beatitudine non est ab
835 882 1431 922 solute necessaria ad salutem probatur quia nuda
833 910 1435 956 substantia anime est finalis beatitudinis sufficiens ipsi
827 945 1433 980 us productiuum ⁋ Tertia conclusio nulla gratia
827 973 1432 1011 creata est ad salutem hominis necessaria secundum
827 996 1434 1035 communem legem dei probatur conclusio quia est vna
832 1026 1432 1068 vniuersalis cuius qualibet singularis est vera ⁋ Quar
827 1053 1432 1095 ta conclusio nec essario si aliquis saluari debeat de
831 1082 1432 1123 communi lege secundum eandem legen requiritur gratia
833 1114 1430 1151 creata que inforfiat ⁋ Probatur sine tali gratia
826 1139 1429 1180 nullus recte viuem potest nec liber esse potest a ser
823 1167 1431 1208 uitute peccati igitur consequentia tenet cum nulli
829 1196 1423 1235 possit esse salus de communi lege nisi liberetur a ser
829 1228 1432 1266 uitute peccati et viuat recte antecedens patet per augu
818 1249 1421 1293 stinum primo rectratationum capi. d et allegatur
818 1281 1424 1316 a ma. li. secundo. di. 26 ca. secundo. ⁋ Item probatur ra
818 1312 1425 1350 tione actus charitatis et dilectionis naturales non
823 1339 1432 1377 minus relinquunt habitum naturaliter causabilem
822 1369 1423 1404 cui correspondere possit habitus supernaturalis
822 1393 1421 1432 qui possit comprehendere tales actus quam actus fi
822 1422 1417 1465 dei vel spei vel iusticie aut alterius virtutis igitur
824 1451 1413 1488 nisi scriptura obuiet vel euidens ratio quare deum
816 1480 1412 1514 non infunderet habitum supernaturalem correspon
822 1507 1419 1547 dentem actui charitatis acquisite non plus debet
822 1534 1415 1577 hoc negari quam quod det fidem spem et iusticiam super
817 1567 1418 1599 naturalem correspondentes naturaliter acquist
821 1592 1418 1630 tis ⁋ Sed ratio non obuiat ymo magis hoc dictat
823 1622 1418 1655 quia charitas acquisita excellit quenmcumque alium ha
815 1643 1420 1689 bitum ceteris paribus rationabilibus igitur vi
814 1676 1410 1713 detur quod deus ibi debeat dare habitum super na¬
810 1704 1421 1744 turalem quam in aliis necetiam obuiat auentas nisi ma¬
815 1733 1408 1769 gistri que in hoc non tenetur communiter ymoprepon
821 1764 1416 1801 derat auctoritas ecclesie. nec obstat quod multe au¬
811 1788 1407 1830 ctoritates sanctorum quas Ma allegat dicunt quod
819 1819 1417 1857 tu sanctust charitas qua formaliter diligimus deum et
817 1845 1411 1883 prorimum ille enim vero dicunt eo quod efficit actum
818 1878 1401 1920 diligendi partialiter et specialiter quo gimus
816 1903 1404 1940 deum et proximum et sine cuius speciali fecepta
816 1930 1412 1971 tione nullus habitus sufficeret vt meritorie dili
817 1960 1406 1999 geremus deum et proximum sed hoc non excludit
814 1991 1403 2026 charitatem creatam que se habet tamquam aliud com
817 2016 1405 2055 principium. ⁋ Si quis autem saluare velit sentem¬
815 2048 1407 2087 tiam magistri dicere potest quod ipse loquitur de cha
817 2073 1406 2107 ritate illa sine qua nullus potest esse charus deo
817 2103 1400 2141 ad vitam eternam de quacumque potentia et sine quae
812 2132 1402 2177 etiam oe potentia dei absoluta nullus potest aliquod
