1799 2500
337 232 935 296 opus meritorium facere nec deum aut proximum
339 281 940 325 meritorie diligere et ista charitas est diuina ac¬
340 312 939 353 ceptatio que appropriate est ss licet tamen pro¬
337 336 937 386 prie et communiter etiam sit tota trinitas et iste conceptus es. ⁋ Set ta¬
338 365 936 413 men preter illam charitatem increatam dat deus
344 388 945 437 charitatem creatam sine qua etiam de facto nul¬
348 422 942 466 lum acceptat nec vt creditur acceptabit licet ab¬
348 451 939 497 solute sine ea posset et etiam ea posita posset non
338 478 945 522 acceptare habentem de sua potentia absoluta ad
350 510 954 552 beatitudinem. ⁋ Primum dubium contra dicta
352 536 950 582 sit illud quod in primo argumento principali ta¬
344 567 943 610 ctum est de rectitudine voluntatis. ⁋ Cuum corre¬
349 594 949 643 spondeo negando maiorem si intelligitur de rectitu
344 619 950 671 dine naturali quia secundum scripturam deus crea
347 648 956 695 uit hominem rectum et tamen secundum magistrum
350 676 954 729 licet homo vel angelus ex puris naturalibus sta
360 710 955 755 re potuerit non tamen proficere vt patet de ange
355 736 951 785 lis di. 3 secundi et de homine di. 20. eiuidem secundi et per
349 763 959 812 consequens rectitudo naturalis non sufficiebat
352 794 959 841 ad merendam vitam eternam: rectitudo gratuita be
356 822 958 866 ne sufficit sed ista includit gratiam et cum pro¬
351 849 958 896 batur quod non quia per ants tertio de li. ar. cap. 8 deus
347 879 954 928 non potest illam rectitudinem auferre voluntati
351 906 959 954 ⁋ Etu ratio sua est quia voluntatem esse rectam non
356 933 959 982 est nisi eam velle istud quod deus vult eam velle.
347 965 952 1012 Sed hanc rectitudinem non potest deus aufer
359 994 958 1038 re quia si sic aut igitur volens aut nolens non no
361 1030 960 1068 lens certum est quia tunc deus posset velle volu
357 1050 970 1098 tatem non velle illud quod vult eam velle pona¬
356 1079 961 1126 tur ista in esse et tunc implicantur contradicta ise
355 1106 967 1158 quod deus vel voluntatem non velle illud quod vult
359 1140 971 1181 eam velle. ⁋ Sed contra istam sententiam aguteur quia
358 1165 971 1214 nihil absolutum est libere causabile in voluntate
359 1195 972 1240 quin deus possit illud libere destruere conserua¬
359 1219 977 1268 ta voluntate igitur et rectitudinem si ipsa recti¬
359 1250 973 1296 tudo sit aliquid receptum in voluntate. ⁋ Ad ra¬
368 1281 975 1324 tionem anselmi dicitur quod deus volens etc. conce
372 1305 972 1351 ditur quod deus potest velle voluntatem non velle
372 1334 972 1377 illud quod vult eam velle saltem in sensu diuiso
369 1363 976 1410 sic quod non velit eam velle a esse vel sic quod velit nunc
370 1392 977 1439 eam velle. a esse et etiam nunc velit voluntatem
370 1420 975 1466 cras non velle a. esse. Item hoc de in esse et possi
371 1451 980 1496 bilis deus non vult voluntatem velle quod vult eam vellequia po
370 1476 977 1525 natur quod voluntas nihil velit tunc affirmatiua quae con¬
370 1507 976 1552 tradicit dicte negantiue falsa est igitur negatiua
371 1535 980 1576 vera est. ⁋ Si dicas quod licet non velit eam modo a
371 1563 979 1610 liquid velle tamen stat quod velit eam aliquid velle
371 1593 984 1641 pro futuro et tunc affirmatiua vera est et negati¬
369 1617 998 1667 ua sibi contradicens preconcessa falsa. ⁋ Contra si
372 1652 991 1694 a voluntas quam deus non velit aliquid velle in
371 1681 992 1727 futurum ymo velit quod ipsa num quam aliquid volet in fu
371 1711 996 1751 turum et similiter oe presenti tunc stat vtriusque pro
396 1736 982 1782 positionis concesse possibilitas probatur velle est presentis
376 1763 983 1810 temporis igitur patet igitur quod propositio ad quan
376 1795 993 1840 anselmus deducit non implicant contradictionem
388 1820 990 1869 quia licet bene sequitur deus aufert a ergo vult
375 1850 982 1895 aufe a. sit a. in voluntate velle illud quod deus
381 1877 984 1925 vult n velle non tamen sequitur aufert a igitur
377 1910 992 1951 a est sed potius sequitur igitur a. non est cuius op
395 1934 996 1979 positum oportet anselmum supponere si ad contra
399 1963 995 2012 lictionem debeat deducere tammen pro reuerentia
378 1990 996 2040 sua dicendum est quod ipse tunc habuit pro eodem hanc
377 2021 986 2068 deus non vult vosuntatem velle quod vult eam
385 2051 996 2096 velle et istam deus non vult voluntatem velle et
396 2074 988 2125 vult eam velle vel istam deus vult voluntatem vel
376 2105 1020 2167 le quod vult eam velle. ⁋ Nec tamen ista sequitur exposi
960 217 1573 282 tione in esse quod deus auferat rectitudinem volun
970 263 1571 311 tatis nisi intelligatur dictum suum sicut ipsemet
966 295 1572 337 dicit in libello posterius edito scilicet ve concor¬
968 318 1579 367 dia prestine et predesti. et gratie deli. ar. ca. 6 vbi
968 347 1579 394 dicit quandom iusticiam qua quis iustus est constat esse
971 381 1578 423 rectitudinem voluntatis que rectitudo tantum
973 406 1579 451 tunc est in aliquo cum ipse vult quod deus vult eun
977 435 1589 481 velle patet igitur quod deus eandem rectitudinem nul
969 464 1587 510 li inuito auferre potest nec potest hoc velle sed ne¬
967 483 1596 536 que velle potest vt eam habens nollens vlla neces
976 519 1583 569 sitate eam deserat hec ille. ⁋ Ex quo patet quod deus
974 546 1587 593 non potest rectitudinem voluntatis auferrem inui
976 575 1594 624 to vel ipsenolenti eam auferri et hoc totumnintelligen
975 605 1599 652 dum est oe potentia dei ordinata et quandiu volun¬
974 634 1591 681 tas persistit in hoc quod vult illud et non aliud nisi quod
983 665 1595 711 deus vult eam velle. ⁋ Contra voluntate volente
982 691 1594 739 recte cuilibet reddere quod suum est et habente
979 721 1598 767 etiam actum reflexum quo appetat et velit omni
983 749 1596 795 no actum priorem rectum tenere potest deus actum
981 780 1596 826 priorem tenere sine posteriori et tunc nolente vo¬
983 806 1600 854 luntate auferetur sibi sua rectitudor probatur re
983 834 1601 878 ctitudo non includit gratiam igitur ad dictum in
983 862 1601 911 solutione falsum antecedens probatur quia omnis iusti
983 893 1592 938 cia est rectitudo voluntatis propter se conseruata et
990 921 1603 966 omnis habens hanc rectitudinem iustus est vt pa
992 948 1598 996 tet per Anselmum vbi prius. ca. 14. ⁋ Idem igitur
985 977 1605 1026 est iusticia et rectitudo et iustus et rectus tunc sic
987 1005 1597 1053 omnibus habentibus gratiam promissam est vita
987 1035 1601 1079 eterna vt videtur patere per anteso vbi supra c. 12
992 1065 1604 1111 Sed non omnibus iustisi promissa est vita eter¬
987 1090 1600 1135 na vt patet per ansi. vbi supra ca i4. sed tamen il¬
995 1120 1601 1167 lis qui suntr iusti sine omni iniusticia illi enim pro
998 1150 1608 1196 prie et absolute sunt iusti et recti corde est enim a
986 1176 1606 1229 liquid secundum aliquid iustum et secundum ali
994 1205 1599 1253 quid iniustum vt qui castus est et inuidus talibus
996 1233 1603 1283 non promittitur beatitudo iustorum quando sicut ve¬
998 1261 1610 1312 ra beatitudo est sine omni indigentia ita nulli da¬
997 1291 1613 1339 tur nisi iusto sine omni iniusticia hec ille igitur Pro
989 1319 1610 1365 batur rectitudo voluntatis potest stare cum pec¬
998 1348 1611 1396 cato mortali igitur non includit gratiam antecedens pro¬
999 1374 1611 1426 batur quia secundum antio idem. 1. ca. voluntas non
999 1402 1611 1458 potest velle rectitudinem nisi habeat rectitudinem
1000 1435 1613 1482 et sit recta. ⁋ Sed constat quod homo existens in pec
999 1462 1618 1509 cato mortali velit rectitudinem et iusticiam vtl pa
1005 1488 1619 1539 tet de fornicario qui nescit fornicationenm. esse pec¬
1005 1519 1616 1567 citum et tamen diligit deum super omnia et vneult
1002 1546 1618 1593 rectitudinem et habet promptam voluntatem bene
1005 1576 1619 1621 faciendi licet non habeat scientiam Dicitur forte quod
1007 1604 1625 1651 illud dictum quod dicitur de rectitudine includente
1006 1631 1626 1684 gratiam intelligendum est de rectitudine que est sine
1008 1666 1623 1710 omni iniusticia iuxta prius dicta ⁋ Sed contra hoc
1004 1689 1629 1740 est processus anselmi postquam enim premisit in fi¬
1011 1717 1621 1765 ne cap. 12 quod non vult inoqui de alia geratia quam de il
1013 1748 1623 1793 la sine qua nullus saluatumr et post ca 13. diffiniuit
1007 1778 1630 1822 iusticiam quod ipsa est rectitudo voluntatis propter se
1010 1808 1623 1852 seruata dicit. ⁋ Si igitur possumus ostendem nullam
1015 1834 1634 1878 creaturam hanc adipisci hanc rectitudinem pos¬
1018 1861 1634 1905 se non per gratiam manifesta erit inter ipsam et li
1011 1890 1625 1939 berum arbitrium ad saluandum hominem con¬
1008 1917 1624 1964 cordia quam querimus Assumptum autem conse
1014 1947 1628 1992 quenter ostenditur sic voluntas non vult recte ni
1014 1973 1634 2024 si quia recta est nam sicut visus non est acutus quia
1019 2003 1633 2050 videt acute sed idcireo videt acute quia est acu¬
1019 2030 1635 2079 tus ita voluntas non est recta quia vult recte sed
1017 2060 1627 2108 econtra. Cum autem vult hanc rectitudinem pro¬
1000 2091 1629 2145 culdubio recte vult non igitur vult rectitudinem
