1765 2500
197 255 793 307 nisi quia recta est idem autem est voluntatem re¬
207 305 789 340 ctam esse et rectitudinem habere palam igitur
208 332 788 366 quia non vult rectitudinem nisi quia rectitudinem
201 361 788 394 habet licet enim possit velle rectitudinem quam
205 391 793 423 nondum habet vt cum vult maiorem habere quam ha
200 417 789 448 beat. ⁋ Dico autem nullam eam posse velle recti
200 447 791 476 tudinem si non habet rectitudinem qua illam ve¬
200 472 795 505 lit. Hanc autem rectitudinem non habet a se et
200 499 792 535 habere nequit aut volendo aut non volendo quip
199 531 792 566 pe nullus valet eam adipisci per se quia nequit
201 560 789 592 illam velle nisi illam habeat nec nolendo seu non
202 591 791 621 volendo hoc enim. nullius mens accipit igitur
200 614 798 650 non potest eam creatura habere neque a creatura
206 647 795 679 quia sicut creatura nequit creaturam saluare ita
203 675 791 706 non potest ei gratiam dare per quam debeat sal¬
195 701 789 734 uari sequitur igitur quod nullam rectitudinem ha¬
201 727 791 758 bet creatura quam dixi voluntatis nisi per dei gra
201 757 785 792 tiam. ⁋ Deo igitur largiente inuenimus grati¬
194 787 796 818 am eius ad saluandum hominem cum libero ar¬
197 812 795 846 bitrio concordare ita vt gratia sola posset homi¬
196 842 789 874 nem saluare nihil de eius libero arbitrio agente
200 871 791 904 sicu fit in infantibus et intelligentibus ipsa sic sen¬
200 900 792 934 per adiuuat liberum arbitrium naturale quod fine
194 928 796 962 ista in tali valet ad salutem dando voluntati recti¬
201 956 763 987 tudinem quam seruet per liberum arbitrium.
203 981 796 1018 ⁋ Iste processus plane habet quod omnis rectitudo
196 1014 794 1043 voluntatis includit vel requirit iam gratiam de¬
203 1038 788 1070 scriptam. ⁋ Nam da quod non probatur quin volen¬
200 1068 796 1102 do possit quis in volendo possit quis rectitudi¬
199 1094 792 1133 nem adipisci ad se nam hoc non improbatur nisi
197 1125 771 1160 per hoc quod nullus potest eam velle nisi habeat.
204 1153 799 1187 ⁋ Ad primum istorum concedendum est quod actum
195 1178 799 1212 rectum de quo arguitur posset. deus tollere con¬
195 1207 795 1243 seruando reflexum. ⁋ Sed tunc voluntas recta ad
206 1239 790 1272 huc manet habendo actum reflexum quia sicut di
199 1265 792 1298 ctum est nullus potest velle rectitudinem nisi ha¬
198 1294 801 1323 beat rectitudinem quamuis igitur voluntate in¬
197 1321 796 1356 uita possit sibi de potentia dei absoluta auferri
201 1352 795 1382 aliquis actus rectus seu rectitudo aliqua non ta
199 1378 791 1411 men omnis quia ipsa voluntas habendi quod ab ip¬
199 1409 798 1441 sa aufertur ceteris paribus sibi pro iusticia et re
205 1434 791 1468 ctitudine imputatur. ⁋ Aliter potest dici pro isto
200 1463 799 1500 argumento et toto isto dubio quod deum auferre pos¬
205 1491 797 1523 se rectitudinem voluntatis ab ipsa voluntate tri¬
198 1523 793 1553 pliciter potest intelligi. ⁋ Primo modo sic quod deus
207 1553 793 1583 possit omnem habitum vel actum iusticie vel re¬
206 1581 792 1611 ctitudinis acquisitum vel infusum auferre a vo¬
201 1603 798 1637 luntate que habet vel habuit talem actum vel ha
202 1632 798 1670 bitum etiam ipsa voluntate remanente et nihil
207 1663 796 1696 ad talem ablationem agente prime ipsa inuita et
206 1693 804 1726 renitente et sic conceditur quod hoc deus potest cum
198 1718 804 1746 quamlibet rem absolutam ab alia distincta deus
197 1744 793 1779 ab ea potest separare. ⁋ Secundo modo intelligi
206 1774 803 1805 tur sic quod accipiendo hominem innocentem in pu¬
202 1803 791 1834 ris naturalibus constitutum qui habet rectitudi
204 1830 792 1862 nem naturalem qui penitus habet se taliter ad
205 1860 803 1895 deum et in seipso qualiter debet se habere nec in
205 1888 797 1918 aliquo est obliquus per recessum a lege diuina.
211 1916 803 1947 Utrum tunc a tali possit auferre suam rectitudi¬
207 1944 800 1977 nem naturalem sine eo quod ipse voluntarie se diffor
198 1973 797 2009 met legi diuine et conceditur quod sic quia potest eum
204 2000 799 2036 annichilare licet tamen hoc non sit proprie aufer
198 2032 799 2063 re. ⁋ Tertio modo intelligitur sic quod dato homine
199 2058 796 2095 habente rectitudinem naturalem iuxta modum
208 2087 803 2123 predictum vel habentem rectitudinem actualem
214 2115 795 2163 vel habitualem vel vtroque modo iuxta primum
825 258 1412 311 modum predictum deus potest precise sine concursu
827 306 1416 337 voluntatis illius facere quod ille peccet actualiter se dif
826 332 1412 366 formando diuine legi vel quod habitualiter vel quo
824 362 1416 392 cumque alio modo difformiter se habeat vel difformis
822 393 1415 427 existat diuine legi ipso homine vel voluntate re¬
815 417 1415 449 manente et hoc est impossibile et sic patet quo¬
827 448 1418 481 modo verificari possunt dicta anselmi etc. ⁋ Ad se
826 475 1413 506 cundum concedo quod omnis iusticia seu rectitudo
818 502 1417 537 simpliciter non secundum quid sicut anselmus di
819 534 1420 561 stinguit capitulo nono requirit vel includit gra¬
821 560 1419 594 tiam gratuitiuam minor autem dicens quod non om
819 586 1411 620 nibus iustis promissa est vita eterna intelligitur
815 616 1422 649 de illis qui secudum quid sunt iusti et secundum quid
827 645 1421 674 iniusti quales describit ibidem. ⁋ Ad tertium pa
827 675 1422 709 tet per idem et hoc quod dicitur quod nullus potest
819 706 1417 736 velle rectitudinem nisi habeat rectitudinem. in¬
824 729 1421 767 telligendum est de velle sufficienti quo ita eligi¬
824 761 1417 791 tur rectitudo quia rectitudo est. hoc est quia de¬
823 787 1419 822 us vult et rationabile est omnino quod sic fiat. ⁋ Sed
826 815 1417 850 contra primam responsionem qua dictum est an¬
825 843 1423 874 selmus ibi capere negatiuam non impossibilem
825 872 1421 904 pro affirmatiua impossibili questione inaduertem
826 902 1421 937 ter ita quod non intendit aduertenter hanc negati¬
826 928 1423 964 uam esse impossibilem deus non vult me velle quod
827 960 1426 994 vult me velle. ⁋ Sed hanc affirmatiuam deus
829 985 1426 1014 vult voluntatem velle quod non viilt eam velle.
831 1013 1424 1052 ⁋ Contra dicta propositio est impossibilis etiam
822 1038 1419 1074 secundum dei potentiam absolutam igitur ante¬
826 1071 1422 1102 cedens ex quo infertur scilicet quod deus auterat a
823 1099 1421 1128 voluntate rectitudinem est simpliciter impossibi
823 1125 1426 1160 le quod est contra dicta in responsione vel conse¬
822 1155 1420 1189 quentia sua non valet quia ex possibili non sequi
825 1183 1418 1213 tur impossibile. ⁋ Probatur in principio capitu¬
828 1211 1421 1243 li octauo delibero arbitrio dicit quod totam substan¬
823 1242 1424 1274 tiam quam deus de nichilo facit potest reducere
823 1270 1421 1305 in nihil a voluntate vero habente rectirudinem
826 1297 1413 1331 non valet eam separare. ⁋ Sed prima pars istius
825 1326 1417 1355 dicti non potest intelligi oe potentia dei ordinata
823 1354 1423 1387 igitur nec secunda vel in eadem auctoritate equi¬
831 1380 1430 1411 uocat oe potentia dei quod non videtur verissimi
832 1413 1418 1447 le. ⁋ Ad primum istorum potest multipliciter re¬
832 1439 1418 1474 sponderi primo supponendo quod voluntas de facto
826 1466 1427 1496 velit et optet facere quod deus vult eam velle et hoc
831 1496 1424 1529 sine omni demerito annexo et culpa mortali et tunc
824 1524 1417 1560 potest dici quod si secundum legem nunc ordinatam de¬
829 1548 1423 1586 us sine illius demerito aufert rectitudinem et gra
828 1579 1427 1615 tiam a tali voluntate et tamen secundum illam le
827 1611 1420 1644 gem velit omnem voluntatem semel rectam sem
827 1640 1419 1673 per rectam esse nisi istam rectitudinem demerea¬
832 1668 1421 1700 tur et ista habet eam et non demereatur eam igi¬
830 1694 1425 1727 tur si deus voluntati sic se habenti tollit rectitu¬
827 1721 1418 1752 dinem igitur vult eam velle quod non vult eam
835 1750 1427 1787 velle vel vult eam habere rectitudinem quam non
834 1776 1430 1810 vult eam habere ista consequentia est bona et an¬
833 1807 1428 1837 tecedens est ita impossibile sicut consequens et si¬
833 1832 1434 1869 cut dictum est oe voluntate non demerente. ita et i
829 1862 1423 1897 am potest dici respectu voluntatis inuite vel re¬
830 1891 1426 1927 nuentis perdere beatitudinem. ⁋ Aliter potest di¬
830 1916 1430 1954 ci quod voluntas semel recta secundun legem dei tam
828 1948 1420 1981 ordinatam quam absolutam fieri non potest non recta culpabi
831 1973 1427 2011 liter sine suo demerito et hoc siue auferatur sibi for¬
833 2004 1419 2042 ma qualibet prius eam informans siue non. ⁋ Secundo dicitur quod
830 2033 1429 2069 secum anselmum auferre rectitudinem in voluntate est eam
833 2062 1424 2092 facere non velle aliqualiter et tamen deus vult talitr eam vellet
831 2091 1423 2126 sic est impossibile quod deus auferat rectitudinem a volun
830 2120 1424 2166 tate quia impossibile est quod deus auferat a voluntate illud
