1795 2500
177 240 773 293 sacra eloquia non contradicunt sed aliud est quod
178 287 769 318 sponte impenditur nature aliud quod preceptis
178 314 765 348 dominicis debetur ex charitate obedientie hii ni
181 345 759 378 mium et proximum diligunt et tamen ista sublimis
178 373 758 405 dilectionis premia non assequuntur quia amoren
180 401 765 436 suum non spiritualiter sed carnaliter impendunt
176 429 763 466 hec ille. Igitur opera facta ex motu pietatis natu
182 457 771 492 ralis vel affectionis carnalis non sunt meritoria
181 487 770 519 nec etiam ipsis peccatur quia peccatis tam veni
180 509 764 545 alibus quam mortalibus sacra eloquia contradicunt
176 541 762 576 Dicendum mihi videtur quod nulla talia sunt mer
178 568 768 603 toria vite eterne ex hoc solo quod talia sunt sed tan¬
176 599 771 632 tum ex hoc quod fiunt a persona deo chara bene mo¬
180 626 771 661 raliter: quod dico pro actibus indifferentibus li
175 654 771 687 citis vel pro actibus indeliberate elicitis sicut est
172 682 771 716 fricatio barbe vel huiusmodi ex hoc inquam sunt me
181 711 768 744 ritorii licet non ita meritorii sicut si mediante cha
181 741 766 774 ritate elicerentur. probatur contra responsionem
172 768 772 801 istam. ad primum principale potest argui quia se
173 796 771 828 cundum augustinum de doctrina christiana prece
180 826 764 860 pta dei sunt de lege nature igitur ex solis natura
176 855 768 888 libus impleri possunt. Dicendum quod non possunt me
172 886 770 917 ritorie impleri fine gratia possunt tamen opera
174 912 771 947 exteriora preceptorum pro maiori parte impleri
178 936 767 969 ex naturalibus fine gratia informante et sic forte
174 969 767 1007 intelliginaugustinus etiam actus intensiores na
176 995 769 1034 turaliter causabiles causentur si saltem quidam
180 1023 771 1058 vt est iste qui esset dei feruens amor super omnia
180 1050 771 1080 et aliorum propter ipsum estimo quod semper in ha¬
178 1079 771 1110 bente noticiam necessariam ad salutem eo ipso de
185 1106 766 1141 us infundat gratiam nec aliter esse potest de ista
184 1135 771 1170 lege statuta. ⁋ Tertium dubium sit istud quod tam
182 1166 771 1202 gitur in argumento primo principali ad opposi¬
177 1192 773 1229 tam partem questionis quod contradictio est aliquem
176 1222 770 1250 esse gratum sine gratia vel earum fine veritate.
180 1249 771 1282 Dicendum est quod nulla penitus est repugnantia quod
181 1277 775 1315 aliquis sit gratus deo et charus sine charitate si
176 1304 769 1336 bi formaliter inherente sed quod fine gratia et cha¬
182 1334 771 1370 ritate acceptante. ⁋ Quartum dubium sit istud
181 1363 777 1397 quod tangitur in secundo argumento quod pecca¬
180 1391 767 1425 tum mortale est infinitum. Dicendum quod licet pec
184 1418 773 1454 catum mortale sit malum infinitum ex hoc quod
175 1445 769 1478 sit contra preceptum boni infiniti vel in contem.
176 1474 772 1513 ptum boni infiniti et ita sit offensa rei infinite quod
181 1504 771 1539 aliqui vocant esse infinituim secundum extrinsecam
176 1530 775 1565 denominationem ab obiecto tamen secundum ma
177 1564 777 1596 gnitudinem intrinsecam entitatis actus peccati
174 1593 768 1623 non est infinitum ymo forte purum nihil est sicui
176 1619 765 1654 de peccato mortali pure omissionis et tali mode
183 1643 771 1682 infinitis quilibet actus diligendi deum super om
176 1673 773 1709 nia et quilibet habitus ad talem inclinans dici
178 1704 764 1736 posset infinitus isto etiam modo nunc diligo de
184 1735 770 1767 um infinite licet actu finito quia prefero eum in
178 1756 769 1788 amore meo incomparabiliter vitra omne aliuo
182 1788 768 1820 bonum existens vel possibile. ⁋ Ad formam tamen
177 1818 775 1853 dicendum quod peccatum taliter infinitum deleri po
185 1845 769 1874 test per gratiam infinitam que est dei acceptatio
183 1873 781 1904 ⁋ Contra istam responsionem probatur quod pecca¬
189 1897 781 1931 tum mortale temporale sit intensiue infinitum quia
186 1930 772 1965 per istud infinities venitur contra preceptum dei
185 1957 775 1991 quia infinita instantia ibi sunt. dicendum quod non in¬
183 1985 779 2021 finities nouiter et libere vel nouiter imputatur.
193 2014 771 2047 ⁋ Quintum dubium videtur quod gratia non sit ne
181 2042 771 2073 cessaria ad salutem sed potius impeditiua nan
180 2070 779 2118 si habens gratiam mortaliter peccet postea gra¬
797 246 1393 294 uius peccat quam si gratiam non habuisset nec habe¬
799 289 1392 324 retur gratia igitur est causa quare peccatum fit
797 323 1386 355 grauius. Respondetur negando consequentiam
801 347 1386 383 icilicet quod gratia est causa etiam etc. sed ipsemet non
796 372 1386 406 vtens gratia cum posset et deberet ex hoc quod ea non
801 403 1392 434 vtitur et quod eam perdit grauius peccat tamen gra
804 433 1387 464 tia est bene causa per accidens seu occasionalis
796 459 1391 492 etc. Item videtur probabiliter posse dici quod preha
800 485 1393 520 bens gratiam non grauius peccaret quam qui non
808 517 1387 551 prehabuerit ceteris paribus quia iste qui non ha¬
798 550 1386 580 bet eam tenetur eam habere sicut alius et quod non
805 572 1387 602 habet sibi imputatur ad peccatum nec excusat eum
803 599 1393 634 in aliquo vt videtur sed aggrauat. Et similiter
797 630 1387 662 diceretur de sciente et ignorante ex hoc scilicet quod
801 657 1391 693 scientia quam vnus habet et qua alter caret ne¬
804 687 1391 714 cessaria sit ad salutem sicut est scientia preceptor
805 709 1401 747 rum dei tunc enim qui ignorat eque teneretur sci
798 741 1397 778 re et punietur tam quia ignorat quam quia male ope
795 770 1401 804 ratur. ⁋ Sed contra ignorantia dummodo non sit
794 798 1396 828 affectata excusat a tanto licet non a toto et eadem
800 822 1403 863 ratione in proposito de carentia charitatis. Assum
802 854 1396 891 ptum probatur per illud Apostoli misericordiam
808 888 1401 918 consecutus sum quia ignorans feci et in euange¬
800 911 1401 947 lio dimitte illis quia nesciunt quid faciunt igi¬
798 937 1397 974 tur si talis scilicet simile peccatum committat cum
806 964 1396 999 sciente minus peccat. ⁋ Respondetur quod ceteris
804 997 1396 1033 paribus ignorans ignorantia scientie vel fidei
800 1026 1393 1057 quam homo obligatur habere non excusatur ma
803 1053 1401 1084 ledicto nec talis ignorantia attenuat suum pecca
800 1079 1395 1116 tum propter causam supradictam. ⁋ Sed instan¬
804 1108 1395 1143 tia procedit de ignorantia non affectata et vbi tam
802 1135 1399 1170 tum ignoranter peccatur sicut patet in Apostolo
802 1164 1397 1198 qui mere ignoranter peccauit omnino credens
796 1191 1394 1223 se benefacere ita quod ignorantia fuit in causal et
799 1223 1397 1257 non malitia. ⁋ Sed ignorans sic quod etiam si habe¬
800 1253 1397 1284 ret scientiam nichilominus peccaret talis vt esti¬
804 1283 1399 1313 mo nullatenus per ignorantiam excusatur. vnde
804 1309 1394 1339 etiam talis ignorantia prouenit ex malitia et vt
808 1335 1401 1370 sic est affectata explicite vel implicite. ⁋ Sex¬
806 1356 1394 1395 tum dubium est de cornelio qui vt videtur fuit in
800 1393 1393 1426 statu salutis ante habitam gratiam quia actus
805 1416 1397 1454 vel habetur quod orationes eius et elemofine deo
803 1448 1401 1483 erant accepte antequam haberet fidem. et per conse¬
803 1475 1402 1511 quens antequam haberet charitatem infusam que
803 1505 1401 1543 preexigit vel coexigit fidem oe potentia dei ordi¬
805 1535 1404 1569 nata. Dicendum vel quod non erat in statu salutis eo
801 1567 1399 1601 quod sibi deficerent fides et scientia ad salutem ne¬
801 1590 1397 1621 cessaria meruit tamen ve congruo fidem et noti¬
802 1619 1406 1651 tiam necessariam sibi a deo infundi vel dato sicut
802 1645 1403 1676 verisimilius est quod fuerit in statu salutis ante pe¬
800 1676 1403 1709 tri aduentum tunc habuit gratiam et fidem infu¬
800 1703 1399 1737 sam sed non acquisitam nec explicitam proprie
798 1732 1397 1764 circa trinitatem personarum et verbi in arnatio
805 1757 1398 1793 nem licet habuerit fidem vnius dei et hec pars
804 1790 1407 1823 secundum sanctos est vera quia gregorius in ome¬
802 1812 1399 1854 lia super epistolam ad galathas vult quod per ope¬
806 1842 1407 1879 ra bona prouenit ad fidem explicitam et non econ¬
800 1874 1406 1908 uerso hanc esse sententiam tenet gregorius super
810 1907 1403 1937 ezechielem et hec est via scoti super primum sen¬
809 1929 1407 1966 tentiarum. ⁋ Septimum dubium est de lege dei
809 1960 1399 1994 ordinata circa salutem dixi enim gratiam inhe¬
812 1988 1401 2021 rentem non esse necessariam ad salutem nisi ne¬
810 2016 1404 2047 cessitate secundum quid que necessitas est solum
814 2045 1404 2077 legis dei institute. ⁋ Contra lex illa est eterna igi
812 2074 1408 2120 tur est absolute necessaria antecedens patet quia
