1764 2500
325 281 924 322 supernaturalem primam conferendo et creatura
329 319 912 352 sic acceptata esset deo cara et digna vita eterna
334 349 918 386 igitur assumptum patet quia si non tunc nec istam
329 372 918 407 formam supernaturalem posset ei conferre sine alia
335 403 920 438 forma prima et sic in infinitum. ⁋ Consequentia pro
328 430 920 468 batur quia deus confert alicui talem charitatem
334 460 926 493 creatam aut vult sibi eam conferre immediate seu
334 487 924 524 primo absque alio dono sibi preuolito aut non. si sio
336 513 920 551 igitur nunc acceptat eum ad talem habitum eadem
332 542 929 580 posset oratione eum acceptare ad vitam eternam pri
330 570 923 606 mo et immediate. ⁋ Si vero dicatur quod non tunc pro
333 604 924 633 cederetur in infinitum sicut fuit illatum. ⁋ Item
334 632 920 660 non videtur quin sicut 3o et hieremias prius ex
336 653 932 687 istentes non charos acceptauit ad charitatem nul
334 686 928 721 lo alio dono preuolito ita etiam eos potuit acce
336 712 925 747 ptare immediate ad gloriam nam quare non. ⁋ Con
336 740 922 775 firmatur nam scriptura clamat quod deus preelegi
336 768 933 801 nos ante mundi constitutionem vt essemus sancti
332 794 926 832 Item quod predestinauit nos conformes fieri ymagi
330 827 932 859 nes filium sui. Item de iacob et esau cum nondum
337 852 929 888 essent etc. quero igitur quare deus preuult da¬
337 878 926 914 re gratiam suam isti et non illi omnibus tamen
336 908 936 942 aliis preexistentibus paribus ex parte vtriusque si
340 937 941 973 propter formam preexistentem quam vult sibi da¬
338 969 937 1001 re et non alteri propter quam prehabitam place¬
341 992 934 1027 ret sibi dare gratiam et tunc sequitur processus
343 1018 938 1053 in infinitum vt supra si ideo quia nunquam producat in
340 1051 935 1084 eo gratiam vult primo et immediate conferre gra¬
337 1074 933 1114 tiam prius non grato nec charo et pro tempore pre¬
339 1102 935 1140 stituto hoc exequitur eomodo per omnia posset
332 1136 922 1168 immediate velle conferre gloriam prius non ber
335 1160 937 1194 to nullo alio dono sibi preuolito et postea pro ten¬
330 1190 929 1224 pore prestituto sic exequetur. ⁋ Item sicut dicit do¬
334 1215 934 1251 ctor subtilis quod est vltimum in executione est
336 1244 933 1282 primum intentione. ⁋ Et ideo beatitudo est pri¬
339 1275 929 1309 mum volitum illi cui confertur gratia. igitur non
330 1301 933 1336 per gratiam acceptatur ad gloriam sed magis econ
341 1331 935 1364 uerso quia deus predestinauit eum ad gloriam.
342 1361 939 1390 ideo confert sibi gratiam et ideo cum gloria non
340 1389 940 1422 dependeat a gratia informante in aliquo genere
335 1415 931 1446 cause quia si in aliquo hoc esset in genere efficien
343 1441 937 1473 tis partialis et illam posset deus supplere non vi
339 1473 935 1504 detur quod ad hoc quod deus conferat non beato beati
340 1497 931 1531 tudinem oporteat precedere gratiam. ⁋ Item vi¬
337 1526 933 1558 detur quod sicut contulit anime christi gratiam et glo
334 1553 938 1590 riam ita potuisset anime po. sed si preacceptasset
337 1582 932 1617 eum secundum statum presentem ante sanctitatem
338 1611 933 1643 quam habuit ad gloriam sicut de facto fecit ad
334 1641 934 1675 gratiam ipse fuisset sibi charus et acceptus ad be
334 1667 940 1701 atitudinem et vitam eternam quia semel fruenti
342 1696 931 1728 deo beatifice non aufertur fruitio vel saltem non
338 1726 929 1758 oportet auferrit consequentia facta in minori pa
342 1752 935 1785 tet per descriptionem chari et accepti suppositam
342 1779 933 1813 igitur sine omni dono preuio. ⁋ Contrariam ta¬
342 1811 938 1842 men conclusionem tenet petrus de aureolie et eius
347 1839 936 1871 argumentum soluit okam di. presenti questione
339 1864 939 1901 prima. ⁋ Argumentum enim suum inter alia dif¬
344 1896 934 1927 ficilius est de transitu ve contradictorio in contra
344 1921 942 1956 dictorium quia si deus acceptet istum et prius non
338 1948 942 1987 acceptauit igitur hic est transitus ve contradicto
342 1982 946 2012 rio ad contradictorium et per consequens est hic
342 2008 946 2043 mutatio aliqua et non in volitione dei igitur in
344 2032 943 2066 isto et sic habetur intentum. ⁋ Respondet okam
341 2062 941 2098 quod potest esse transitus ve contradictorio in contra¬
342 2091 945 2126 d ictorium aliquando propter mutationem in al¬
338 2122 952 2164 tero extremo sicut de facto aliquis primo non ac¬
952 266 1547 320 ceptus deo postea sit acceptus per gratiam sibi in
959 315 1549 347 herentem. ⁋ Secundo modo propter mutationem
953 342 1549 376 in alio quod est neutrum extremum sicut deus ofi
954 369 1554 406 fensus alicui propter preces alterius posset sibi
956 400 1553 439 offensam remittere ipso non mutato ymo ignoran¬
955 429 1561 461 te ipso iuxta istum modum nummus postquam non erat
956 455 1557 491 precium sit precium propter mutationem volun¬
965 481 1561 514 tatis instituentium. ⁋ Tertio modo ad solam tran
955 514 1565 547 sitionem temporis actualem vel potentialem isto
964 541 1554 573 modo angelus de non conseruato fit conseruatus
964 568 1566 602 ad solam transitionem actualem vel potentialem
965 599 1565 634 temporis et sic etiam nummus fit precium in ali¬
967 624 1531 657 quo instanti vel tempore iuxta statutum regis.
967 648 1567 687 ⁋ Et in omnibus istis modis posset oe potentia dei ab¬
963 680 1567 716 soluta primo non acceptus postea fieri acceptus
959 712 1561 744 sine charitate supernaturali infusa quia deus iu
956 736 1567 773 xta primum modum posset statuere quod quicunque
964 766 1562 801 post peccatum mortale doleret de peccato remit¬
958 791 1560 831 teretur ei fine supernaturali forma infusa et qui¬
962 825 1566 859 cunque ad annos discretionis perueniens diligeret
960 851 1563 885 deum super omnia dilectione naturali esset in sta
965 881 1558 910 tu salutis quod si faceret talis fieret de non acce¬
970 909 1564 942 ptato acceptus per solam mutationem ad actum
964 934 1559 971 possibilem ex puris naturalibus et ita ad hoc non
966 965 1560 997 requireretur charitas supernaturalis. ⁋ Simili
958 992 1563 1026 ter secundo modo fieri posset de non acceptato ac
968 1021 1566 1052 ceptatus quia deus posset ordinare quod si quis ora
963 1047 1569 1081 ret pro eo daretur sibi vita eterna. ⁋ Tertio mo¬
962 1074 1561 1108 do hoc etiam posset fieri per solam transitionem
966 1103 1567 1134 temporis quando determinatum tempus vel in¬
966 1128 1573 1163 stans caderet super statuto possibili a deo institu¬
975 1155 1571 1194 o posset enim statuere quoddam tempus gratie
964 1191 1563 1224 quod quilibet ab a instanti et deinceps non ponens
970 1219 1535 1250 obil cere esset acceptus et charus et prius non.
962 1241 1566 1276 ⁋ Item aliter leuiter potest dici quod sicut deus ab
969 1270 1562 1306 eterno preordinauit dare charitatem anime 3o.
964 1303 1562 1335 preexistenti non chare ante infusionem gratie ita ta
971 1330 1568 1363 men quod nunquam deus incepit sibi velle dare charita¬
971 1357 1563 1388 tem nec vnquam ibi fit transitus ve contradictorio in
969 1385 1561 1422 contradictorium nisi quando deus sibi gratiam in¬
966 1412 1569 1442 fundit. ⁋ Ita diceretur de illo cui prius non bea¬
969 1439 1567 1474 to daret beatitudinem fine gratia creata preuia quod
967 1472 1562 1502 deus nunquam inciperet velle sibi dare beatitudinem
966 1499 1564 1531 et ita non fieret de non caro carus ante beatitu¬
966 1523 1561 1564 dinem sed de non beato beatus sicut nec in primo
966 1555 1564 1591 casu de non preordinato ad charitatem recipien¬
966 1582 1563 1614 dam sed de non recipiente recipiens. ⁋ Tertia con¬
966 1609 1571 1641 clusio principalis quod actum dilectionis dei et pro¬
962 1640 1566 1675 ximi circunstantionatum circunstantiis mere na¬
967 1666 1561 1697 turalibus ex parte voluntatis libere eum causan
968 1696 1569 1727 tis secundum dictamen rectum conscientie natu¬
968 1723 1565 1760 ralis posset deus oe potentia absoluta accepta¬
968 1753 1567 1782 re tanquam meritorium vite eterne: probatur quan¬
966 1782 1558 1813 do sunt plures actus in potestate alicuius quo¬
970 1809 1562 1844 rum neuter ex natura sua est dignus vita eterna
970 1835 1565 1871 vterque tamen est bonus qua ratione potest vnus
970 1865 1559 1895 illorum esse meritorius vite eterne et reliquus
964 1892 1563 1925 oe potentia absoluta sic est in proposito deus enim
968 1920 1557 1953 libere acceptat actum diligendi cum charitate
969 1945 1563 1982 infusa igitur pari ratione si vellet posset accepta
973 1981 1563 2010 re actum diligendi sine charitate. ⁋ Item actus
969 2008 1557 2039 diligendi elicitus ante charitatem infusam et
972 2035 1560 2070 post sunt eiusdem rationis quorum neuter habet
973 2058 1556 2095 circunstantiam malam. ⁋ Item actus diligen¬
970 2090 1559 2124 di deum super omnia libere causatus a volunta¬
970 2121 1563 2165 te magis habet rationem acceptabilis ex natura
