1808 2500
229 255 824 306 sua quam quicumque habitus viatoris. ⁋ Sed deus ali¬
222 306 825 337 quem acceptat ad vitam eternam propter solum
223 326 820 362 habitum sicut patet oe paruulo baptizato igitur
228 358 828 391 potest hoc solum facere propter actum diligendi
226 388 821 417 deum super omnia: maior patet tamen quia ille a
224 416 822 445 ctus est magis meritorius vt ita loquar nam habi
223 443 819 474 tus nullum meritum est cum omne meritum saltem
225 470 821 507 partialiter procedat de li. ar. vt patet per Magister di.
220 502 816 534 27 ca. quinto et consequenter tunc quia in ptate volunta
218 528 822 563 tis de his autem que sunt in potestate nostra lauda
225 557 820 589 mur vel vituperamur igitur. ⁋ Secundus articu
222 583 821 618 lus habet mouere dubia et soluere primum. ⁋ Utrum
216 613 823 650 simul stet quod charitas que est quedam qualitas super¬
216 643 819 680 naturalis infundet animam viatoris et tamen quod
219 671 822 705 deus non acceptet eum ad vitam eternam. ⁋ Et
214 695 820 727 arguitur primo quod non per aliquos sentientes per¬
214 725 811 756 tem negatiuam sic forme opposite habent forma¬
214 754 818 788 liter effectus oppositos ex natura rei ex quo ini¬
219 783 816 817 quitas ex natura ret est odibilis deo et dat esse odi
213 809 809 846 tum non apparet cur non sit possibilis alia forma
213 842 808 874 creata sibi opposita que det formaliter ex natura
212 869 816 898 rei esse dilectum vel acceptum igitur. ⁋ Preterea
205 896 813 929 deus ex natura rei diligit omnem diligentem se et
214 924 815 959 habentem habitualem charitatem tamen quia a
212 954 818 988 mor ex virtute procedens secundum rectam ratio¬
208 980 816 1016 nem meretur reamationem vt patet 8 ethicorum
215 1011 811 1039 cum quia prouerbiorum octauo dicitur. ⁋ Ego di¬
208 1033 819 1074 ligentes me diligo. ⁋ Et io. 14 qui diligit me dili
204 1068 809 1102 getur a patre meo et ego diligam eum. ⁋ Item qui
209 1095 818 1127 cumque ex natura rei diligit charitatem et ceteras
212 1118 808 1153 virtutes diligit etiam et participantes illas vir
215 1150 809 1181 tutes. ⁋ Sed deus immutabiliter et de necessita
206 1179 811 1209 te nature diligit charitatem et iusticiam et omnem
213 1208 809 1242 virtutemimmutabiliter et per consequens immuta
204 1234 812 1266 biliter vult sui dilectionem etiam nullus est iu¬
203 1262 813 1300 stus qui iusticiam non diligit secundum augusti¬
205 1290 811 1328 num. ⁋ Unde philosophus dicit tertio ethicorum quod non est
211 1321 809 1355 iustus qui non gaudet de iustis operationibus igitur
207 1349 812 1384 deus ea necessitate qua diligit suam iusticiam et
209 1377 817 1410 complacet in suo amore complacet in anima par¬
214 1404 812 1442 ticipante iusticiam et ipsius habitualem amorem.
214 1433 810 1470 ⁋ Item deo secundum veritatem acceptum est quie¬
205 1463 809 1495 quid delectabile et acceptabile et pulchrum di¬
206 1491 809 1526 cit enim philosophus tertio ethicorum quod virtuosus tanquam
208 1517 813 1556 bene dispositus est mensura et regula illorum quae
200 1551 809 1585 delectabilia sunt et complacibilia sed virtutes sunt
200 1572 809 1611 huiusmodi et maxime amor dei. ⁋ Opposita con¬
207 1606 813 1636 clusio mihi videtur vera scilicet quod quacumque forma
211 1631 811 1670 supernaturali huiusmodi posita in anima potest
201 1661 809 1691 ipsa esse non accepta deo ad vitam eternam oe po
205 1688 793 1719 tentia dei absoluta ponatur de facto per temp
204 1717 803 1748 magnum stat huiusmodi forma in anima cum caren¬
205 1745 810 1783 tia actus beatifici igitur posset deus in perpetuum
206 1776 811 1808 conseruare illam formam in hoc subiecto sine a¬
207 1799 813 1838 ctu beatifico igitur. ⁋ Item quacumque forma in ani
201 1831 813 1868 ma posita posset deus velle annihilare animam
202 1866 811 1898 ante quam sibi daret beatitudinem et numquam eam recrea
199 1889 809 1927 te spiondo antecedens probatur quia deus quicquid contingentur
206 1920 798 1953 creat potest contingenter annihilare. ⁋ Item deus
198 1947 807 1986 potest illam charitatem annihilare remanente a¬
207 1978 804 2010 nima ⁋ Item stante quocumque peccato in anima po
205 2003 798 2042 test deus ome potentia absoluta non velle dare isti pe¬
202 2032 798 2063 nam eternam igitur a simili. ⁋ Item actus chari
206 2060 798 2092 tatis ex natura sua non est acceptabilis sic quod ipso
207 2088 797 2123 posito in anima necessitetur deus animam accepta
207 2118 805 2156 re ad vitam eternam igitur nec habitus. ⁋ Ad ar
859 261 1448 312 gumenta in contrarium sufficienter respondet okan
854 307 1451 338 di. 17 primi. q. prima. ⁋ Secundum dubium est quia
853 331 1451 370 si charitas creata sit ponenda aut igitur propter
857 360 1452 403 substantiam actus hoc non quia tunc per actum posset
854 389 1451 428 homo experiri se esse in charitate. falsitas patet
854 422 1428 457 cum nemo sciat vtrum amore vel odio dignus sit.
856 446 1447 483 ⁋ Et apostolus nihil mihi constitutus sum ⁋ Aut
851 474 1448 512 secundo propter conditiones naturales actus et
855 501 1443 543 hoc non quia ille ponuntur posita substantia actus. ⁋ Aut
851 533 1451 566 propter conditionem meriti et hoc non quia fine
859 563 1444 596 ali habitu posset deus acceptare omnem actum
848 588 1446 628 hominis vt prius visum et etiam non ideo acceptat
852 621 1448 655 deus aliquam ad tantum premium in celo quia
844 645 1442 679 sibi contulit tantam charitatem sed potius econ¬
850 674 1440 707 uerso. ⁋ Dicendum quod propter quodlibet horum tri
854 706 1445 742 um charitas creata de lege communi primo propter
853 729 1447 772 substantiam actus quia in actum intensiorem potest vo
847 756 1449 799 luntas cum ea quam sine ea et non sequitur quod homo
846 787 1448 823 possit scire se esse in charitate cum actus eiusdem
854 815 1449 852 speciei voluntas possit producere cum charitate et
848 844 1443 886 tamen sine charitate etiam dato quod actus procedens
847 874 1442 908 ex charitate esset alterius speciei ab illo qui ha¬
843 900 1451 936 betur sine charitate adhuc nos non possemus ex
855 933 1439 964 periri illos actus specifice distingui nisi solum ar
847 963 1449 998 guitiue. ⁋ Et vlterius dicendum quod sicut facit ad
847 984 1450 1025 substantiam actus ita proportionabiliter ad conditiones
844 1017 1443 1053 naturales actus facit etiam charitas ad tertium
849 1044 1444 1075 modum quia acceptum est deo quod voluntas libera
842 1072 1451 1108 vtitur principio sibi dato ad amorem dei et proxi
845 1099 1442 1136 mi nec argumentum probat nisi quod oe potentia dei ab
838 1129 1442 1167 soluta non esset opus tali habitu et etiam bene pro
846 1156 1441 1191 bat quod prius primitate finis vult deus sibi dare vi
844 1184 1446 1220 tam eternam. ⁋ Contra arguitur sicut arguit do
842 1213 1451 1245 ctor subtiu illud quo hoc vel voluntas meritorie
847 1240 1449 1273 agit est forma agentis et hoc non potest esse pura
842 1271 1443 1301 natura quia tunc ex solis naturalibus possets me¬
841 1298 1447 1339 ritorie agere quod videtur esse error pelagii eti¬
841 1327 1448 1356 am requiritur supernaturale et non sufficit fides
841 1355 1450 1394 vel spes que manent in peccatore igitur requiri
843 1383 1440 1413 tur charitas. ⁋ Item si non hoc videtur quod specia¬
847 1411 1450 1444 is assistentia spitu sanctus sufficeret sed hoc non videtur quia
844 1441 1444 1468 nulla actio est in potestate agentis nisi ipsum ha¬
839 1468 1438 1504 beat formam per quam possit agere sicut enim coassi
839 1496 1440 1532 stentia extrinse . piritus sanctus scilicet vel alterius non est in
836 1526 1440 1562 potestate voluntatis sed precise per assistentia ss
843 1556 1438 1589 et non per formam intrinsecam voluntas ageret
839 1584 1443 1616 probatur spiritus sanctus moueat specialiter voluntatem in
845 1612 1441 1649 actione meritorie sequitur quod ipsa motio est causa
843 1640 1446 1668 tio alicuius in ipsa voluntate et quod voluntas re¬
835 1668 1440 1697 spectu illius non habeat aliquam causalitatem ni¬
834 1696 1437 1732 si tantum receptionem passiuam: illud igitur vel
839 1724 1439 1762 est actus diligendi et ita sequitur quod actus diligen
845 1751 1432 1789 li meritorius nullomodo fit a voluntate vel il¬
843 1784 1441 1820 lud est aliquid ad naturaliter precedens actum di¬
831 1809 1440 1845 ligendi et illud voco habitum. ⁋ Probatur ni¬
831 1837 1438 1871 hil oditum est a deo quin deus reperiat in eo ali¬
835 1865 1439 1900 quod odibile ex natura rei quod dat formaliter
839 1898 1434 1929 esse oditum igitur per oppositum nullus accepta
831 1924 1430 1957 tur a deo nisi quatinus in eo est aliquid quod ex
837 1956 1430 1990 natura rei reddit acceptum. ⁋ Item nullus potest
830 1985 1439 2018 ons circunstantias quas requirit actus moralis
831 2011 1436 2044 perfecte conseruare ex habitu virtutis acquisite
833 2040 1428 2073 quia ex secundo ethicorum medium attingere est
835 2069 1431 2100 difficile igitur multo fortius ex puris naturalibus
833 2095 1426 2129 non poterit homo attingere ad integritatem cir¬
835 2124 1437 2162 cunstantiam quas exigit actus dilectionis diuine
