1789 2500
345 244 939 297 meritorie. ⁋ Item impossibile est ad actum illum ex
338 290 944 328 puris naturalibus attingere ex quo actualiter vel
343 321 935 353 virtualiter impletur omne diuinum mandatum
342 347 939 376 igitur etc. ⁋ Item si actus charitatis esset totalis
349 376 939 410 ab extrinseco scilicet a spiritu sanctuo non esset voluntarius igitur
344 408 932 438 nec meritorius. ⁋ Ad primum istorum est dicendu
344 436 942 469 quod sco. non potest tenere quod ista argumenta concludant
338 464 943 497 cum vt supra tetigi ipse tenuenrit quod deus potentia
340 489 945 523 absoluta acceptaret aliquem ad vitam beatam si
348 519 937 550 ne tali formagis. dicendum igitur quod principium vita
345 545 940 579 le agendi quandoque est cum forma nec oportet quod semper
344 576 939 607 agat per aliam formam sibi intrinsecam nec sequi¬
339 600 943 636 tur quod voluntas ex puris naturalibus etc. o quod ad
348 631 944 664 actum meritorium concurreret singulariter coassi
346 658 938 696 stenta spiritus sanctusiam pelagius est secundum potentiam
342 687 948 718 dei ordinatam. ⁋ Ad secundum dicitur quod licet spe
343 714 943 744 cialis assistentia preuia spiritu sancto non sit in ptante volun¬
345 741 948 776 tati quia ex mera dei gratia nec ipsa potest meri homo
350 772 947 806 ve condigno ve congruo vero potest tamen quod ipse
353 799 949 836 iam assistens sibi cooperetur est in libera sui ptante
348 829 944 862 quia sic dedit seipsum deus in comprincipium ex
346 855 953 890 mera sua gratia et liberalitate misericordie sue
350 886 941 919 ⁋ Aliter potest dici quod etiam in potestate voluntatis
351 916 945 948 est ss sibi coassistere et ipsum preuennire non quidem
348 943 945 975 diuinanter sic quod diuina voluntas subiecta sit huma
346 970 944 1003 ne. Sed illatiue et complacenter quia deus vult ho
344 996 946 1028 minem preuenire et dare sibi ptantem agendi me¬
345 1029 951 1063 ritorie ex quo inferti spiritus sanctos ibi coassistere huic con
346 1062 949 1094 cordat sypisus d. quod illud argumentum etiam conclu
342 1086 919 1120 deret equaliter si poeneretur charitas creata.
353 1106 945 1149 ⁋ Et ideo cum voluntas est iusta tunc sic. sisitu sanctus in ptan¬
350 1141 950 1172 te voluntatis sicut charitas creata quantum per
348 1170 944 1199 tinet ad actionem quia libere potest voluntas habe
347 1199 944 1232 pe spitu sanctos ad comprincipiandum et acceptandum actum
343 1224 944 1262 suum ita dico facit de facto cum charitate creata
346 1256 948 1289 et oe potentia absoluta posset sine ea. ⁋ Ad tertium
352 1280 944 1312 negatur quod voluntas solum se habeat passiue re¬
352 1309 942 1341 spectu illius causationis. ⁋ Ad quartum dicitur
346 1340 944 1373 quod aliquis posset esse oditus sine forma detestabili
357 1365 949 1402 sibi inherbente patet oe paruulo non baptizato quia
346 1394 945 1427 si talis forma sibi inhereret quero a quo esset cau
354 1424 944 1455 sata non a deo vt patet nec a paru ilo quia nulla
351 1453 957 1487 talis forma causatur nisi mediante actu volunta
359 1483 959 1515 rio nec ab aliquo alio vt patet discurrenti per sin
358 1510 946 1541 gulas causas. ⁋ Similiter transeunte actu morta
357 1540 952 1569 lis peccati possibile est nullam formam remane¬
354 1566 956 1602 re que non prefuit ante peccatum Item autem de pec
353 1594 957 1627 cato omissionis. ⁋ Item deus posset talem formam
359 1625 955 1657 odibilem corrumpere sine infulione charitatis et
352 1649 952 1682 tunc esset oditus sine tali forma. ⁋ Ad quintum
350 1678 951 1714 dicendum est quod esset repugnantia quin omnes
353 1708 957 1742 circunstantie necessarie essent cote et quin ad eas
355 1734 955 1770 posset homo attingere si placeret deo. Ad sextum
362 1764 951 1798 dicendum quod actus talis non fieret ex puris natu¬
350 1795 947 1828 ralibus eo quod ibi esset specialis concursusitus sanc ⁋ Ad
350 1821 953 1857 septimum patet ex dictis quomodo talis actus est
358 1848 953 1879 in potestate voluntatis et meritorius ex diuina or
361 1877 955 1908 dinatione et denia mina volente concurrere dum volun
354 1907 955 1940 tas sic vult agere et etiam acceptante actum ad
361 1935 948 1968 meritum. ⁋ Tertium dubium vtrum omnis actus
358 1960 949 1996 meritorius diligendi deum propter deum princi¬
358 1992 952 2028 pietur partialiter a charitate infusa. dicendum quod
355 2024 946 2053 non est bene euidens vtrum actus ille quem volun
353 2049 957 2081 tas et charitas infusa comprincipiant sit similis
361 2074 953 2110 et eiusdem speciei cum actu quem sola voluntas
355 2108 955 2145 causat vel non. ⁋ Et ideo si dicitur quod sunt eiusdem
970 252 1565 297 speciei sicut credo tunc de facto omnis actus me
970 292 1572 322 ritor ius talis speciei est partialiter a charitate
977 321 1569 349 mediate vel immediate quia nullus actus de fa¬
972 348 1573 381 cto est meritorius nisi elicitus vel habitus ab ha
973 375 1573 409 bente charitatem. ⁋ Sed voluntas in formata cha
976 403 1571 435 ritate de facto nullum actum quem charitas po¬
982 429 1573 463 test comprincipiare comprincipiat se sola licet se
977 458 1571 490 cus esset si deus suspenderet actionem charitatis
978 487 1574 522 igitur. ⁋ Si autem omnis actus quem comprinci
976 516 1575 554 proiat charitas sit alterius speciei ab actu quem vel
984 547 1573 579 qualem voluntas per se sufficeret sine charitate
974 570 1580 610 principiare tunc credo absque affectione quod non opor
978 605 1574 635 tet secundum leges dei ordinatas quod omnis actus vo
979 631 1571 665 luntatis ad hoc quod sit meritorius sit comprincipia
987 658 1579 690 tiue a charitate licet oporteat vt ipsa voluntas in
984 686 1581 720 formata sit charitate per quam ipsa prima acce¬
976 712 1582 753 ptetur et actus eius vero secundum leges recti di
976 740 1578 776 ctaminis practici quia per hoc quod voluntas infor¬
981 770 1575 805 matur charitate non videtur quod priuetur potesta¬
987 795 1583 831 te eliciendi actum moraliter bonum eiusdem spe¬
986 826 1579 861 ciei cum illo quem posset absque charitate gratia
979 852 1583 887 enim vel gloria non priuat naturam sed perficit.
990 884 1576 919 ⁋ Et ideo licet possit modo cum charitate in ali¬
983 911 1583 947 quem actum diligendi deum super omnia et ita de
983 941 1585 972 similibus speciei superioris et nobilioris quam
982 971 1583 1004 prius potuit per se tamen adhuc poterit inactum
985 998 1587 1032 diligendi deum super omnia et ita de aliis in qua¬
985 1025 1579 1060 lem potuit ante et talis esset meritorius eo quod cha
985 1055 1583 1087 ritas licet non comprincipiaret ealem actum ta¬
984 1084 1575 1115 men gratificaret personamret actus eius. Ut in
987 1106 1572 1143 q. precedenti dixi de operibus carnalis pietantis se
979 1140 1580 1171 cundum gregorium. ⁋ Quartum dubium vtrum
984 1168 1576 1197 omnis actus eiusdem speciei cum actu meritorio
980 1196 1576 1230 sit meritorius propter illud quod iam tactum est
990 1226 1577 1258 quia ante charitatem frequenter elicitur actus
988 1256 1577 1287 vel potest naturaliter elici eiusdem speciei cum illo
984 1283 1581 1316 quem voluntas sola principiare posset habita cha
987 1311 1585 1343 ritate. ⁋ Et tunc queritur Utrum omnis actus
985 1339 1567 1372 eiusdem speciei cum illo actu quem voluntas pro
985 1365 1573 1400 ducit non comprincipiante charitate licet chari¬
984 1395 1575 1425 tatem habeat sit meritorius secundum leges dei
988 1422 1580 1455 ordinatas. ⁋ Dicendum quod non quia voluntas ianm
983 1450 1579 1480 habens charitatem totiens potest producere ta¬
992 1476 1583 1515 les actus similes meritorios quod annihilata chari
986 1508 1577 1540 tate per vnum peccatum mortale relinqueretur
991 1539 1585 1570 adhuc habitus acquisitus mediante quo voluntas
990 1565 1578 1598 principiare posset actus similes et eiusdem speciei
988 1593 1575 1627 cum prioribus et tamen isti non essent meritorii pro
988 1622 1582 1656 pter cessationem charitatis igitur. ⁋ Quintum
986 1652 1576 1683 dubium propter quid ponatur charitas requiri in
987 1677 1582 1710 actu meritorio de lege communi dei. ⁋ Huic dubio
985 1707 1579 1738 bene respondet doctor subtilis libro primo di. 17
982 1734 1581 1768 o. prima. ar. primo. quod ex nullo actu quem experimur
984 1765 1579 1798 possumus euidenter concludere necessitatem eius
986 1793 1582 1822 nec ex substantia actus nec ex intensione actus nec ex de
986 1820 1580 1854 lectatione neque ex facilitate in operando neque ex
984 1847 1579 1880 bonitate neque ex rectitudine morali nec ex confor
988 1876 1579 1910 mitate ad rectam rationem et hoc siue rectam secundum
985 1905 1583 1938 dictamen prudentie siue secundum dictamen fidei
990 1931 1578 1964 quia quocumque istorum dato etc. vide in principio ar
984 1962 1583 1994 ticuli et deinceps quere ibi. ⁋ Et ideo respondet
991 1989 1578 2023 vltra omnia hec creditur esse vna conditio in actu
985 2017 1582 2050 videlicet quod est acceptabilis deo secundum ordi¬
980 2047 1572 2081 nationem diuinam ad vitam eternam tanquam meri
984 2074 1589 2104 tum condignum ad premium. ⁋ Sextum dubium
982 2103 1574 2145 est istud sicut etiam iste doctor dubitat quare iste
