1765 2500
353 246 953 301 primum in contrarium subtiliter et diffuse laborat
362 292 955 327 ico li. 4 di. 6 questione secunda et ibi habetur ple¬
360 323 949 355 ne istud quod tenet okam de solo transitu temporis
357 352 953 384 ⁋ Respondendum est igitur sicut in questione pre
363 378 953 412 cedente articulo primo et semper aduertendum
360 404 958 439 est quod quem deus semel acceptat ad vitam eternam illum
354 433 957 465 ab eterno acceptabit et determinate licet ille non
359 460 957 496 secundum quemlibet statum suum sit dignus vita eter¬
362 488 955 526 na et ideo si pro aliquo tempore est in statu secundum
368 520 951 555 quam est indignus vita eterna deus posset ab eter
366 544 962 581 no ordinasse quod statim pro tempore sequenti velit
366 575 953 608 acceptare statum suum vt ipse secundum talem sta
366 604 950 635 tum, sit dignus vita eterna absque alia mutatione in
363 630 955 666 ter transi tu temponis. ⁋ Sed contra ponitur quod nullum tem
372 658 962 694 pus sit et fiat argumentum de angelo qui peccauit in in
364 686 964 721 stanti hic respondet quod licet non sit tempus actuale tamen
369 715 965 748 fit tempus potentiale et de illo procedit ymagina¬
369 743 957 779 tio sicut prius. ⁋ Sed licet ista sit vna euasio tantm
366 772 960 807 grauiter est conceptibile quomodo isto homine s
363 800 959 836 forte existente in culpa per vnum diem ipse idem
366 833 965 863 omnino eodemmodo se habens et non aliter in die sequan
366 858 967 893 ti non sit in culpa et sit gratus deo cum vtique deus
372 886 961 920 in sua dilectione et acceptatione sit immutabilis
367 915 961 948 nec dicatur diligere aliquem vno tempore alio ve¬
368 945 963 976 ro tempore non nisi referendo hoc ad dilectionis
372 975 961 1004 effectum vt patet per ma. li 3 di. 32 ⁋ Sed secundum di
367 999 956 1035 ctam responsionem nullus apparet effectus dile
375 1027 965 1059 ctionis in isto homine igitur fortoposset dici quod per
367 1053 957 1083 die illam quando est in culpa. Ideo dicitur peccator quia no
367 1081 965 1115 habet se conformiter diuine legi sicut tenetur sed
372 1112 963 1145 talis obligatio ad conformitatem illius legis ces¬
371 1141 959 1173 sat in die sequenti ex voluntate et ordinatione di
370 1170 962 1202 uina per solam mutationem temporis ⁋ Ista euasio
370 1196 964 1228 est subtilis sed adhuc non apparet hic quid sit mu
376 1224 962 1258 tatum ratione cuius mutationis possunt verifica
377 1252 977 1289 ri ista duo contradictoria successiue iste est peccator
374 1287 975 1314 et iste non est peccator mutatio namque temporis omni¬
375 1315 964 1345 no impertinenter se habet ad hoc nec est simile de prae
374 1339 970 1371 cipe vel de alio homine faciente statutum de nummo vel de
374 1366 966 1399 aliquo ordinate qui peccauit in ipsum quod aliquo
375 1396 969 1427 tempore elapso debeat non esse in offensa quo ad
370 1427 970 1460 ipsum quia ibi erit realis mutatio vel in affectione prin
371 1456 966 1483 cipis vel alicuius alterius licet igitur dicta con¬
378 1477 973 1511 tradictoria successiue possit verificari absque infu¬
377 1508 969 1540 sione noui habitus tamen difficile est videre quin opor¬
377 1534 974 1568 teat ibi esse actum nouum vel effectum vel muta
379 1564 969 1598 tionem aliquam circa illum qui debet fieri non pec
374 1593 971 1631 cator postquam fuit peccator. ⁋ Ad secundum dicendum
380 1622 973 1656 quod iniusticia potest duplicitur accipi vnomodo prout est
376 1653 970 1685 priuatio vel carentia talis forme que est iusticia
376 1679 971 1715 vel charitas in subiecto apto nato et sic includerm
378 1708 967 1740 repugnantiam tollere iniusticiam vel talem priuatio¬
376 1736 967 1767 nem nisi per positionem habitus et hoc idem dico
381 1763 969 1797 generaliter de quacumque praeuatione sic dicta. ⁋ Alio
375 1793 969 1827 modo potest vocari iniusticia seu praeuatio iusticie
381 1821 965 1851 carentia iusticie siue charitatis in subiecto apto
368 1850 972 1882 nato illam recipere quando tenetur illam non habre iuxta
378 1877 962 1911 modum philosophy in postpredicamentis et quinto metha
383 1906 971 1936 et isto modo iusticia scilicet habitus ille et priua
376 1933 964 1965 tio iusticie non sunt immediata circa idem subie
378 1960 972 1994 ctum ymo posset aliquis non habere iusticiam et cum
376 1986 976 2021 hoc non obligari ad eam habendum et tunc non esset
381 2019 969 2056 priuatus iusticia nec haberet iusticiam sic sumpta pra
383 2046 977 2083 uatione iusticie ex quo patet solutio rationis quia secun
387 2075 971 2104 do modo inusticia non est precise priuatio habitus
383 2103 975 2152 iusticie nisi pro tempore quando talis habitus debet inesse
983 244 1580 297 ⁋ Et ideo si deus tollit obligationem talis debiti sine
983 292 1587 326 infusione habitus tunc cessat esse talis priuati o si
986 322 1581 354 ne positione alicuius habitus absoluti. Aliter re
997 347 1587 384 pondetur quod peccatum vel iniusticia non est formaliter
988 378 1586 412 priuatio alicuius habitus sed est priuatio alicu
990 405 1591 439 ius rectitudinis debite inesse et secundum legem
990 433 1581 468 ordinatam ad habendum talem rectitudinem requiritur
992 458 1590 496 habitus non tamen oportet absolute loquendo quod recti
986 489 1589 520 tudo debita inesse consistit in conformiter se habe
996 520 1597 551 re obligationi diuine siue positiue siue negatiue
992 543 1583 576 et igitur talis si est in peccato mortali quia difformiter
990 575 1589 607 se habet obligationi deus posset facere eum non esse
994 602 1588 634 in peccato vel tollendo illam obligationem vel facien
993 630 1595 664 do quod ipse conformiter se habeat illi obligationi con
998 659 1592 693 missiue vel omissiue vel acceptando vitam suam ⁋ Et
998 687 1598 723 sic etiam diceretur quod talis mutaretur ad habsondum se
999 719 1593 749 conformiter legi omie cui prius se habebat diffor
995 742 1588 775 miter. ⁋ Ad tertium patet ex dictis quia licet de facto
999 772 1594 807 sic quod sit quis qui non est dignus etc. tamen deus posset
994 800 1595 839 aliter ordinare. ⁋ Ad quartum patet sicut ad primum
997 832 1594 863 quia talis diuersitas nec esset in voluntate diuina nec
997 856 1588 889 in illo qui sit charus deo tamen oriretur a voluntate
1001 885 1587 921 diuina per istum modum quia deus si eternaliter ordi
1003 918 1592 950 nasset quod iste si morentur circa a punireretur perpetue
1016 943 1594 976 Si vero in a. et deinceps non sequitur quod iste pro
1000 972 1596 1005 toto tempore citra. a est indignus vita eterna se
1000 998 1591 1033 cundum presentem statum et si attingat A vel tran
999 1027 1594 1063 seat statim est dignus vita eterna et hoc non propter
1007 1059 1603 1088 variationem vel diuersitatem in actu dei nec in isto
998 1082 1595 1115 si solum propter transitum temporis. ⁋ Ad confir
994 1110 1594 1146 mationem dicendum quod ibi est alietas et diuersitas
997 1143 1601 1174 ex perte obiectorum quia actus ille diuinus est colla¬
994 1168 1599 1202 tiuus istius peccatoris ad diuersa tempora et dispo
997 1199 1592 1231 sitiuus de eo aliter et aliter secundum alietatem
1001 1227 1595 1262 temporum. ⁋ Ideo ad successionem ta lium tempo¬
1001 1252 1603 1287 rum circa ipsum absque mutatione sui sed non si¬
1001 1284 1589 1315 ne mutatione que fieret si decederet aliter se hab
1003 1313 1592 1344 et aliter quo ad acceptari vel non acceptari ⁋ Ad
1004 1337 1601 1372 quintum per idem. ⁋ Ad primum argumentum al
1006 1367 1592 1401 terius doctoris patet ex dictis quia non procedit
998 1398 1595 1429 nisi de lege dei ordinata. ⁋ Ad secundum antece
1009 1424 1558 1453 dens et tota ratio est oe potentia dei ordinata
1003 1446 1603 1486 ⁋ Ad tertium et quartum per idem et etiam in quaer
1003 1476 1595 1513 to assumitur falsum scilicet quod deus esset acceptor
1000 1507 1601 1540 personarum etc. nec instantia est oe paruulis qui¬
1007 1540 1601 1570 bus absque eorum merito deus confert vitam eter
1002 1566 1596 1597 nam. ⁋ Ad quintum negatur maior absolute et vni
1003 1594 1601 1626 uersaliter accepta quia esse charum vel acceptum
1000 1621 1604 1659 deo non est per se denominatio ab aliqua forma in
1008 1652 1602 1686 trinseca sed sufficit extrinsecum scilicet accepta
1005 1682 1597 1711 tio diuina licet iam de facto ita sit quod aliqua qua
1006 1707 1594 1740 litas requiritur scilicet gratia vt patet ex dictis.
1006 1738 1605 1772 ⁋ Primum dubium si peccatum mortale et gratia informans
1000 1762 1596 1799 non habent ex naturis suis formalem repug nantiam vt pre
1001 1794 1599 1826 dictum est igitur posset deus oe potentia absoluta
1004 1824 1595 1856 acceptare aliquem actum ex genere illius qui rema
1005 1850 1598 1881 neret in culpo mortali ad vitam eternam. consequen
1003 1876 1603 1909 tia patet quia omnem habentem talem gratiam po¬
1009 1903 1601 1940 test deus oe potentia absoluta acceptare ad praemium
1012 1934 1602 1966 eternum pro actu bono ex genere a voluntate et ta
1007 1960 1600 1995 li gratia seu charitate prouemente non obstante
1014 1994 1604 2027 quocumque quod stare posset per eandem potentiam
1011 2022 1597 2055 cum illa charitate maxime quia non plus repu
1008 2050 1594 2082 gnaret formaliter visio dei aut fruitio beatifica
1002 2076 1601 2115 peccato quam ipsa gratia. Falsitas probatur quia tunc
1010 2105 1598 2153 precise secundum eundem statum esset acceptus
