1792 2500
350 233 933 286 infundatur gratia creata sit igitur talis petrus tunc ista
350 278 941 315 ab eterno fuisset vera petro infundetur gratia informans
343 307 935 344 in hac vita igitur per nullam potentiam dei poterit esse fal
347 339 935 370 sa saltem ante positionem rei inesse scilicet antequam petro in
351 365 939 398 fundatur gratia igitur nec de potentia dei absoluta
350 398 939 433 poterit iustificari sine infusione gratie quod est con¬
345 423 936 459 tra prius drcta. ⁋ Si enim poterit esse falsa talis pro
356 448 941 483 positio vel igitur ab eterno et ponatur inesse tunc siml
347 483 945 513 fuisset vera et falsa vel ex tempore vel in aliquo in¬
351 510 949 545 stanti et tunc posset propositio de futuro vera incipe
347 533 943 576 re esse falsa sed hoc non esset per mutationem ex parte
351 567 944 601 creature quia talis nondum est igitur ex parte voluntatis
348 595 942 627 diuine. sed hoc est impossibile quia secundum augustinus
358 619 949 655 2 confes. deus non potest modo velle vnum et modo ali
363 649 942 685 id sicut creatura. ⁋ Respondetur quod talis propositio
357 675 951 711 ab eterno fuisset vera et potest ab eterno fuisse fal
351 708 953 742 sa. ⁋ Sed si secunda ponitur inesse non conceditur prima etc.
360 737 945 771 etiam posset incipere esse falsa per positionem rei futu
365 761 949 799 te inesse tunc non fieret mutatio in voluntate dei sed
361 794 953 827 in re. ⁋ Quartum dubium aliquis potest deo reddere
363 825 955 856 omnem hononem debitum sine gratia creata igitur et me¬
355 851 957 881 reri et per consequens talis gratia non requiritur de lege communi. Re
359 876 957 909 spondetur negando antecedens ⁋ Quintum dubium sicut iu
360 902 963 941 stificatio sit per gratiam ita per peccatum mortale tollitur
356 933 958 972 gratia vel igitur tollitur ab habente gratiam et tunc
362 960 958 995 peccatum mortale stat cum gratia vel tollitur a non haben
351 987 956 1027 te et hoc est oppositum in adiecto. Probatur vel dabitur
358 1014 962 1054 vltimum instans esse gratie vel primum non esse. si vl
363 1044 961 1083 timum vel illud est primum instans demeriti et tunc pec¬
356 1078 956 1111 catum mortale stabit simul cum gratia per illud instans
361 1104 957 1140 vel illud vltimum instans gratie precedit demeritum et
362 1133 955 1168 tunc inter hoc instans et primum instans demeriti erit
359 1160 960 1195 tempus medium in quo iste nec erit in peccato mor
357 1191 961 1224 tali nec in gratia et tunc etiam ante demeritum per tem
362 1216 960 1254 pus perdet gratiam et ita non propter demeritum. si
366 1247 965 1282 primu non esse tunc stat argumentu pecedens. ⁋ Ad pri¬
354 1272 961 1307 mum istor dicendum est quod deus primo auferi grartiam quando
363 1299 956 1337 ipsa primo non est quia non est aliud deum gratiam auferre
355 1331 956 1364 nisi eam non conseruare. ⁋ Ad secundum conceditur primum
355 1363 963 1391 instans non esse et quod impossibile est vltimum instans
362 1381 966 1420 esse gratie. ⁋ Diceres petrus in hoc instanti habens gratiam li
356 1414 964 1449 ber est quod immediate post hoc aliquid et aliqualitur volet
358 1441 959 1475 et non necessario bene vel male venialiter igitur potest imme
359 1469 968 1502 diate post hoc velle male mortaliter stante tamen quod nunc
355 1498 969 1535 sit in gratia igitur est possibile quod hoc sit vltimum instans
366 1532 961 1561 esse gratie petri. ⁋ Respondetur quod si stante casu im¬
366 1556 960 1590 mediate post hoc volet nulla tamen volitione post hoc
363 1586 961 1620 volet. Et ideo non stat simul quod nunc sit in gratia et quod in¬
364 1618 967 1648 mediate post hoc volet aliqua volitione quae sit pec¬
362 1636 972 1677 catum mortale sed erit tempus antequam peccet mortaliter
372 1669 962 1702 quia prerequiritur cognitio et tempus in quo possit esse de
374 1696 969 1730 liberatio quod tempus optet esse notabile et perceptibile.
376 1728 962 1763 ⁋ Et si dicis voluntas potest immediate post hoc moue
373 1754 967 1789 re se localiter etiam dato quod nunc non moueat se locali
373 1784 964 1816 ter vel aliqud aliud igitur multo fortius potest immediate
368 1816 967 1847 post hoc velle licet nunc non velit quia nihil estcam in po
375 1844 967 1875 testate voluntatis etc. Dicendum quod non est simile quia per
364 1867 962 1902 volitionem praecedentem potest incipere aliquid mouere lo
366 1897 976 1930 caliter sic etiam per voluntatem pecedentem malam quam
366 1924 970 1957 nunc haberet posset facere quod tota volitio immediate
366 1955 966 1991 post sequens hoc esset peccatum mortale sed hoc est contra
372 1982 967 2016 casum neum. ⁋ Credo tamen quod licet communiter sit dandum pri
370 2010 965 2040 mum instans non esse gratie tamen possibile est dare vltimum
371 2039 973 2072 instans esse gratie etc. prout patuit superius in vna que¬
378 2067 967 2101 tione prime di. ve consimili materia. ⁋ Sextum du¬
371 2094 967 2146 bium si gratia sit necessaria modo praedicto maxime videretur
971 241 1577 281 ad hoc vt mediante ipsa meritorie resistatur tenta¬
967 276 1583 310 tioni accipiatur igitur gratia mima quam solet deus crea
971 306 1576 338 re et quero. ⁋ Utru ista sufficit cum naturalibus vt re
979 327 1579 370 istatur tentationi maxime vel non si non igitur hoc in
973 366 1579 394 casu aliquis esset in gratia et tamen non posset per eam meri¬
973 385 1578 425 torie vitare peccatum si sic igitur frustra ageret deus in mar
976 416 1580 452 tyribus et aliis sanctis quia frustra fit per maius quod potest
981 446 1586 481 fieri per minus. ⁋ Dicendum etiam propter aliam causam
976 474 1572 510 necessaria est gratia et concedo quod minima gratia quam deus
985 503 1580 540 olet dare baptizatis sicut est gratia paruulorum licet
977 532 1580 567 maior sit quam circuncisorum solum sufficeret cum naturali
986 559 1591 593 pus ad resistendum fortissime tentationi vtpote vbi
977 592 1585 624 mors imminet ne perdetur non tamen sequitur quod maior gratia su
984 620 1587 655 perfluat tum quia per eam facilius resistitur tum quia magis
981 644 1587 680 meritorie et feruentius per maiorem gratiam resisti potest si
982 678 1596 711 naturalia sint paria. ⁋ Septimum dubium viator potest
985 704 1591 735 ex solis naturalibus vitare omnem culpam per magistrum
993 728 1592 768 i. 2 di. 24 ca. primo igitur omnem penam igitur et pertinget si
984 761 1582 794 ne gratia ad gloriam. ⁋ Respondetur quod antecedens verificatur pro
987 789 1589 822 tem pore status innocentie quia tunc in solis naturalibus
993 819 1588 851 ideo erat dignus pena nec gloria igitur si tunc mortuus
987 842 1591 877 fuisset neui fuisset sibi de vita etc. secus autem est de sta
990 870 1592 909 tu nature lapse. ⁋ Octauum dubium videtur quod gratia non
993 903 1591 936 requiratur decommuni lege ad iusticiam et rectitudinem volun
999 933 1589 968 atis quia gratiam deus auferre potest voluntatiloe poten¬
994 960 1593 992 tia ordinata ipsa voluntate diuina rectitudinem autem
994 990 1591 1023 non vt patet per anselmum igitur. Prima pars antecedentis probatur quia
992 1016 1592 1052 praecipiat deus alicui quod per vnam horam nullum actum vel
999 1046 1585 1079 colendi vel nolendi causet et non obstante praecepto
991 1073 1594 1106 talis in illa hora habeat actualem volitionem ser¬
996 1100 1587 1138 nandi rectitudinem tunc patet propositum. ⁋ Respondetur
997 1130 1597 1160 legando antecedens. Ad probationem dicitur quod in illo casu
1001 1158 1595 1190 ste libere agit contra preceptum et ita voluntarie
998 1191 1595 1223 intecedenter perdit gratiam et rectitudinem licet
997 1217 1597 1249 actualitur formaliter et consequenter inuoluntarie perdat
999 1244 1587 1277 rectitudinem quam tunc vult habere licet male quia
995 1270 1599 1303 contra preceptum. ⁋ Ad argumentum principale ne¬
996 1303 1589 1334 gatur antecedens. ⁋ Ad probationem dicitur quamuis de facto re
999 1329 1595 1363 nissio culpeet infuso gratie se concomitentur non tamen
992 1358 1592 1388 oportet hoc simplicitur et in aliquo casu secundum prius
996 1388 1594 1420 dicta foret possibile quod remissio culpe non esset mu¬
1003 1416 1587 1450 atio acquisitiua nec deperditiua seu priuatiua sub¬
995 1438 1597 1478 iectiue in peccatore quia iustificatur. ⁋ Sed esset
999 1471 1588 1504 deum ab eterno sic ordinasse quod si attingeret a. in¬
995 1498 1597 1533 stans deinceps non obligaretur ad penam de hoc
1005 1527 1587 1559 ide prius dicta si quis tamen velit illud vocare
996 1557 1593 1590 absolui ab ista duplici obligatione mutari deper
991 1584 1589 1617 ditiue et ita vti extensiue est signato vocabuli mu
999 1612 1596 1643 tationis deperditiue sicut facit sco. non iusto dice
999 1640 1597 1675 re posset quod remissio culpe sit mutatio deperditiua
1005 1672 1567 1718 luis per eam deperditur obligatio ad penam.
1169 1726 1600 1787 Tlarto circa distinctio¬
1165 1777 1603 1822 nem decimam septimam. quero vtrum
1173 1812 1590 1847 gratia vel alia forma augmentabilis
1138 1834 1602 1877 augmentatur per diminutionem sui
1154 1867 1595 1904 ci contrarii. ⁋ Arguitur praemo quod non quia si sic
999 1896 1595 1927 tunc contraria possent simul esse in eodem subie¬
996 1927 1600 1957 cto saltem in gradibus remissis. Ettunc non vi¬
998 1954 1600 1986 deretur naturalis repugnantia quin in gradibus
1004 1983 1597 2018 intensis cum gradus intensi et remissi sint eius¬
1001 2011 1597 2043 dem speciei et per consequens non contrarian¬
1002 2039 1593 2075 tur adinuicem consequens est contra totam phi
1007 2067 1593 2099 osophiam et contra sanctos dicit enim augustinus ench. ca.
1002 2099 1601 2141 17 et ponitur tertio sententiarum di. 30 ca. 6 quod
