1805 2500
218 271 817 322 dicentis paruulis quidem qui nec dum propria vo¬
223 311 812 345 luntate credere nec penitentiam pro facto quod ori
215 341 809 373 ginaliter trahunt agere possunt sacramentum fidei
219 370 806 401 quod est sacramentum baptismi quandiu rationis
217 397 817 435 eorum etas capax esse non potest sufficere ad salu
219 424 814 455 tem hec ille supple tu firmissie crede ⁋ Et ad pro¬
216 456 808 489 positum sequitur in proposito in decretis ex eo in
215 487 805 519 quit quod in fine huius auctoritatis dicitur quandiura
223 513 806 545 tionis etas etc. uidenter datur intelligi nulli post
216 537 809 571 baptismum peccata imputari si non sit adultus siue im
212 566 806 600 pubes et nisi rationis sit capax et consequenter ibiudum
217 599 813 626 ostenditur per augustinum quod simile est de huius¬
214 622 806 659 modi et de brutis animalibus igitur sicut bruta pec
216 653 810 687 care non possunt ita nec carentes omnino vsu ra¬
215 680 804 718 tionis nouiter dico⁋ Et si dicas quod hec auctoritas
209 709 804 740 non sufficit tibi quia dicit nulli post baptismum etc.
213 734 806 773 igitur non habes de omnibus sicut proposuisti Dicendum
211 768 804 798 quod hoc addit propter originale vel propter alia pec
206 796 803 828 cata contracta antequam amitteretur vsus rationis
209 819 810 860 quia non obstante carentia vsus rationis semper
211 848 802 881 imputantur nisi per baptismum quo ad alia fue¬
207 877 806 907 rint relaxata. probatur in ca. merito. Dicitur si¬
209 910 801 941 cut et intitulatur ibi textui. s d. certomodo de in
206 933 804 966 iuriis et per consequens ita respicit infideles sicut
205 963 801 999 Christianos sane sunt quidam qui miuriam facere non pos
209 990 800 1025 sunt sed solum pati vt puta furiosus et pubes qui
207 1018 805 1052 doli capax non est ⁋ Item eodem casio . mens alienata
211 1049 799 1081 corpore cum sui compos non sit eorum que admit
210 1073 804 1106 tit reatum non contrahit quia facultatem delibe¬
203 1101 804 1138 randi non habuit vnde pupillo et furioso homini in
209 1130 808 1164 maleficiis subuenitur vt non eis imputentur ad pe
206 1157 796 1191 nam que ex mentis deliberatione non processerun
202 1190 799 1223 item super dicto cap. merito. Dicit apparatus qui
203 1216 805 1248 omnino nescit quid facit vt puer ebrius et furio
203 1240 806 1279 sus non peccat Sed dices quod intendebat de illis qui
205 1271 801 1304 carent vsu rationis non ex culpa sua. ⁋ Contra hanc
207 1300 801 1337 distinctionem de alienatis mente et ex culpa sua vel
203 1326 797 1367 sine culpa recitat apparatus in principio 13 q . 1.
201 1357 802 1393 d. quod quidm sic distingunt secundum hanc distinctio
199 1384 797 1423 nem non admitto. q. d. indistincte furiosus non pec
199 1415 801 1445 cat ex facto in furia. ⁋ Item in glosadi. 6 capi. 1
209 1438 805 1480 vbi tractatur oe pollutione nocturna recitat opi
202 1468 801 1509 nionem que ex illo textu elicit quod aliquis peccat in
207 1496 803 1534 dormitione et in fursa et per consequens aliquis ne
207 1520 807 1565 sciens peccat mortaliter et venialiter et operatur
209 1550 803 1585 bonum et meretur vitam eternam quod non est verum
209 1581 804 1619 vt dicit glosa ymo nullomodo peccat. ⁋ Et si obii
201 1603 808 1653 cias per verba textus quibus innuitur quod animus
202 1639 802 1672 contrahat aliquem reatum ex tali pollutione Rnpon¬
206 1663 792 1698 det glosa quod polluti in dormiendo mens nec rea est in
202 1689 799 1733 somno. nec rea post somnum sed tunc fuit rea quam
207 1718 800 1760 do se ingurgitauit et post addit manifeste inquit.
207 1747 788 1783 ⁋ Probatur quod hoc in somno non peccat sed prius pec
207 1779 793 1815 cauit igitur similiter sic est in furia propter eandem
201 1805 794 1837 rationem. ⁋ Ad primum argumentum contra secun¬
207 1831 792 1870 dam conclusionem dicti dubii Respondetur quod taliter
203 1859 795 1900 imponenda est prima vt consimiles actus abhoreat
203 1891 801 1928 et etiam in terrorem aliorum Sed quid si non ex cul¬
198 1920 791 1963 pa sua incidit in furiam Respondet io 1⁋ q. 1. Si quis
198 1950 792 1986 insaniens dicitur quod istis imponitur penitentia et
200 1975 789 2013 tamen non deliquerunt et hoc fit ad cautellam nec di¬
206 2001 795 2042 sciplina ecclesie deseratur. Item di. 5 capi. eos qui¬
196 2029 793 2072 non et cal si quis dicitur non voluntate sed casu ho
203 2058 794 2093 micidium fecerit prior Canon septem annis peni¬
207 2086 794 2122 tentiam agere iussit secundus quinque mandauit igitur
198 2116 798 2167 pnima iniungitur alicui profacto in quo tamen est
840 280 1438 326 sine culpa contrarium tenet brixi i1n apparatu 6 de fu
840 319 1439 359 rioso hec inquit opinio non est approbanda quia sa
841 346 1435 383 tis ipso furore punitur. ⁋ Ad secundum dicendum
847 372 1438 410 quod casu occidenti est imponenda pnima dum tamen cui
841 407 1428 444 pa precessit casum. ⁋ Contra extra de homicidio
843 431 1429 463 ca. Significasti precipitur iniungi penitentia cle¬
845 461 1433 498 rico cuius equus inuito et non potenti tenere inter
845 485 1440 526 fecit mulierem. et ipse etiam non iciuit prius vitium
841 518 1431 555 equi igitur vbi nec est culpa in facto nec precessit
840 541 1430 580 factum. ⁋ Confirmatur quia ibidem super verbo con
845 572 1432 607 petentem dicit glosa leuis debet esse penitentia
841 605 1432 638 vbi in culpa non fuit igitur potest dici si certum est
843 632 1433 668 quod non fuisset in culpa non imponeretur sibi peni¬
841 660 1432 694 tentia vnde super verbo. ⁋ Ad cautellam dicit glo
834 687 1428 723 sa propter ambiguum duplicitati qu a credendum
841 712 1432 749 videtur illi clerico dicendum quod hoc esset in foro
837 743 1427 778 conscientie sed non oportet in foro publico et est
833 766 1434 805 hoc solet fieri perper abiguitatem de negligentia commis
837 797 1437 829 sionis vel omissionis et vt etiam alii caueanthuiusmodi pe
842 828 1433 865 ricula potest enim aliquis puniri fine culpa sua sed
837 855 1433 888 non sine causa sicut declarat inmocentius super ca.
835 884 1437 921 grauem extra de sententia excommunicationis et di¬
831 916 1436 953 cit ibis quod hoc est ad meritum illius qui sustinet si patien
834 938 1435 979 ter tolleret non tam est credo vt prius dixi quod in fo¬
837 968 1439 1000 ro conscientie propter euentum talis infortunum vbi
842 992 1441 1036 iuenitur certitudinaliter quis ab omni culpa prece¬
842 1021 1434 1063 denti immunis quod esset sibi imponenda aliqua penitem
834 1050 1433 1087 tia nisi ille timeret se peccasse quod videretur ve
833 1076 1434 1118 risimile. ex quo deo confiteretur. Ideo ad pacifi¬
832 1109 1439 1148 candam suam conscientiam scrupulosam crederem pe
835 1134 1434 1170 nitentiam ei aliquantam imponendam cum instructione ta
831 1164 1434 1204 men debita de veritate. ⁋ De foro autem publico iu
830 1195 1433 1231 dicii propter duplicitatis ambiguitatem et ad ter
833 1220 1430 1256 rorem et vt talis et alii melius caueant in futurum
830 1251 1428 1283 expedit penas imponere competentes tamen. Si
841 1277 1426 1311 queraturan in foro publico aliquis sit sine culpa pu
831 1305 1426 1341 niendus Respondetur quod non regulariter quia hoc
828 1336 1428 1367 esset peruersum et contra iusticiam vt frustra quo
833 1361 1430 1395 rundam voluntatibus suis quis priuaretur officiis
835 1390 1431 1428 quem sua culpa vel facinus a gradu quo fugitur non
828 1414 1431 1458 deiecit 10. di. peruersum et per alia multa capitu
833 1443 1427 1483 la ⁋ Posset idem probari nam pena est mensura etoru
832 1473 1428 1509 dinatio culpe. Unde in deutero secundum quanti¬
826 1500 1432 1535 tatem delicti erit plagarum modus et licet non regu
831 1528 1427 1568 lariter quandoquetamen sine culpa punitur li. 6 vbi hoc
825 1559 1430 1596 notat 10. mo. et io. andree causa autem solet his ver
827 1584 1435 1626 sibus denominari paupertas odium vitium fauor
835 1615 1417 1649 et zelus ordo personas spoliant et loca iure suo
827 1642 1425 1683 paupertas vt cum vniuntur due ecclesie tunc alte
825 1673 1423 1706 ra amittit dignitatem suam. 4 q. 3 vnio 6 ca id i.
831 1697 1429 1740 temporis odium ciuium interficientium epientum suum
830 1728 1419 1765 extra de penis feliciter li. 6 vitium scilicet lepre extra
824 1751 1424 1791 de clerico egrotante tua et ita posset probari de
824 1784 1422 1817 aliis indirectorio iuti scilicet tabule i9 5 hysodoter retro
826 1811 1419 1850 de penis ca. 10. pro residuis nec mirum si alquis ex caus
826 1838 1417 1877 non ex culpa sua punitur Quia alnn vnus punitur
827 1870 1416 1910 pro alio no quidem pena eterna quia de hac dicit scri¬
826 1899 1410 1937 ptura filius non portabit iniquitatem patris et hoc
825 1929 1417 1958 intelligitur de pena sensus. nam pena damni paruu¬
835 1951 1415 1990 i puniuntur eternaliter pro peccato ade tamen est
823 1980 1422 2020 habent peccatum proprium secundum anselmum
833 2014 1415 2043 pena vero temporalis quedam est corporalis et ta¬
822 2042 1417 2077 li sepe punitur vnus pro alio quedam spiritualis
827 2066 1421 2108 et illa est quaedruplex quedam excommunicatio et ista nulius pu
821 2098 1424 2139 nitur pro alio 24. q. 3 ⁋ Si habes secunda interdi
820 2122 1428 2177 ctum loci tertia remotio ab oblationibus quarta
