1797 2500
234 248 842 306 consequens est falsum igitur essentia et proprietas
231 301 832 334 non sunt idem. ⁋ Item deitas est de se necesse esse
243 326 833 366 proprietas non igitur hec non est ista minor patet quia
233 355 826 387 alias essent ibi tria necesse esse. ⁋ Item nihil vnum
239 385 830 418 et idem est perfectior simpliciter et non perfectior
233 409 834 448 simpliciter sed deitas est perfectior simpliciter re
232 439 832 475 latio non tunc enim aliqua perfectio simpliciter de
237 467 832 503 esset vni persone quam alia haberet. ⁋ Item augu
231 496 826 535 stinus septimo de tri. ca. 4 non est eo verbum quo
231 525 831 561 sapientia et eadem ratione nec eo pater quo sapien
233 553 830 588 tia igitur nec eo verbum vel pater quo essentia quia
230 586 825 615 eo est sapientia quo essentia sicut habetur ibidem tunc
230 610 826 645 sic pater non est deitate pater et pater paternitate
231 641 824 673 est pater igitur paternitas non est deitas. ⁋ Item
229 670 827 700 augustinus quinto detri. ca. 5 et. 6 nihil in deo se
230 700 827 736 cundumri deo secundum accidens dicitur nec tamen omne quod
231 726 827 757 dicitur secundum substantiam dicitur licet in creatu¬
223 754 822 787 ris alterum oporteat quia pater ibidem non dici¬
231 782 823 821 tur pater secundum substantiam nec filius dicitur filius
225 810 828 842 secundum substantiam sed secundum relationem quia re¬
220 836 826 874 latio vt dicit non est accidens hoc non videtur stare
225 868 824 900 nisi relatio vel relatiuum ibi distinguatur a substantia
246 894 828 930 Item probari potest per anselmum oe processu spi
231 930 819 962 ritus sancti ca id est non idem inquit significat nomen
220 950 823 987 patris aut filium quod nomen dei non enim idem est esse
231 984 819 1019 deum quod esse patremaut filium hec ille Irgitur de¬
218 1012 831 1050 us et pater non sunt idem. Item nullum incommuni
223 1037 827 1079 cabile tribus personis est communicabile tribus per
220 1064 822 1100 sonis sed pater est in communicabilis deitas communi¬
225 1096 824 1129 cabilis igitur et eodemmodo arutemr de filio et spiritu san
218 1125 818 1159 cto ⁋ Item sequitur nullus ho est non homo igitur
222 1150 819 1188 iste hoc non est non homo demonstrato filio dei igitur
218 1179 824 1220 iste homoc non est essentia dmnia quia essentia denia est non hoc acci
222 1207 821 1246 piendo negatiue quia non est homo secundum ma.
221 1240 823 1277 li. 3 di 5 ca. 3 ⁋ Et vltra per sillogismum expositorium
220 1266 818 1297 iste homo non est essentia diuina sed iste homo est fi¬
218 1293 814 1332 lius dei igitur filius dei non est essentia diuina quod
218 1322 819 1356 est intentum Probatur sic deitas est pater igitur
213 1351 813 1386 deitas non est filius et vltra igitur deitas non est fi¬
216 1378 824 1415 lius et cum deitas sit aliquid etiam filius igitur dei
217 1409 816 1444 tas dicitur a filio. Prima consequentia patet quia
213 1438 818 1471 omnis pater in diuinis non est filius. Secunda conse¬
222 1467 822 1499 quentia patet per regulam philosophi quod affirmatiua de prae¬
214 1494 820 1527 dicato infinito infert negatiuam oe predicato finito
223 1519 803 1553 ⁋ Ad primum istorum dicendum est quod istud argu.
228 1552 818 1586 recitat anselmus de incarnatione verbi ca. secundo.
215 1576 823 1612 ⁋ Pro opinione illius qui dixerat filium non pos¬
214 1602 813 1639 se incarnari fine patre de vna quippe et eadem re
218 1634 815 1670 non est vera simul affirmatio et negatio nec sub
219 1662 817 1705 eadem voce non enim idem petrus est apostolus et non apo
218 1689 812 1720 stolus nec sub eodem nomine vt petrus est aposto¬
216 1717 816 1753 lus et symodo non est apostolus sed pater et filius sunt
216 1749 818 1788 vna et eadem numero igitur non est verum aliquid
218 1778 812 1809 debere affirmari de filio et negari de patre autem
217 1806 813 1846 conuerso igitur si filius est incarnatus igitur et pater
212 1831 819 1869 Sed subdit anselmus hec ratiocinatio si recta est
212 1862 810 1902 vere est heresis sabellii sicut consequenter deducit.
219 1890 812 1926 ⁋ Et ca. 7 resumit ideo argu vnam inquit t eandem rem in
213 1918 812 1955 possibile est simul esse et non esse. ⁋ Et tunc respondent ego
211 1951 812 1983 dico si filius incarnatus est et filius non est vna et
214 1976 810 2013 eadem persona numero que pater est sed alia non
210 2006 808 2036 est idcirco necesse patrem quodcumque esse incarnatum
214 2036 809 2070 vult dicere et bene quod non obstante quod pater et filius
213 2061 814 2097 sunt vna res quia tamen cum hoc stat distinctio earum
210 2090 805 2133 personalis inter se et de omnibus distinctis vel pr
217 2122 816 2168 omnibus distinctis possant aliqua contradictoria ve¬
864 254 1466 312 rificari sed non omnia Ideo non oportet filio incar¬
859 307 1464 344 nato patrem incarnari ad vitandum contradictorio
864 332 1468 366 rum verificationem de eodem similiter in propo¬
865 360 1464 395 sito licet deitas et paternitas sint idem et non di¬
865 388 1459 428 stinguntur non tamen oportet quodlibet contradicto
865 417 1461 460 rium verificatum de essentia verificari pro patre
869 451 1458 483 ec econuerso propter quod dico quod non oportet om
863 477 1461 509 nia pro quibus verificantur contradictoria distigui
857 506 1453 538 etiam posita constantia eorum sed tamen posita costam
855 533 1460 567 tia talium necesse est si vtrumque est et contradictoria
862 563 1464 600 verificantur de eis quod distinguantur vel quod sint res di
854 584 1462 623 stincte et per hoc dico ad regulam thopicam quod
858 617 1455 659 libet vt communiter vbi aliquid verificatur pro hoc
853 646 1450 682 et non pro isto posita constantia istorum ista diffe¬
856 676 1442 712 rant non tamen oportet sed sufficit quod differant vel quoe
852 706 1448 743 sint res distincte vel differentes ita etiam suffecisset
854 736 1451 772 pho secundum sicut primum licet secundum opinio
850 761 1452 797 nem suam nullibi contingeret dare secundum si¬
854 793 1460 822 ne primo. ⁋ Aliter respondet okam id ist di. 2 q. vlti
856 819 1451 856 ma quod contradictio est via potissima ad probandum
850 850 1458 887 distinctionem realem quam ibi est negatio simplici
856 877 1460 911 ter ita quod per nullam circumlocutionem potest alte
857 905 1455 939 rum contradictoriorum verificari de illo a quo ne
855 934 1451 973 gatur reliquum et sic non est in proposito quia licet
858 962 1455 1000 essentia sit communicabilis et non pater tamen pater est ista
852 988 1461 1029 res que est communicabilis et de sic de similibus Huic
855 1021 1459 1051 concordat multum sirans dicendo quod cum dicitur
856 1049 1461 1081 pater non est filius ibi non est opositio contradictoria
852 1077 1460 1109 de qua loquitur phphuns quia ipse non loquitur nisi
854 1104 1460 1136 de illa in qua pars negatiua negat essentiam affir¬
855 1131 1458 1171 matam in alia et si sic negaret falsa et eodemmodo cum
854 1160 1453 1199 dicitur pater in diuinis non est homo falsa esset hec
850 1185 1455 1222 si negatio negaret essentiam affirmatam in hac pater
856 1219 1461 1256 est homo quia hec est falsa pater non est essentia quae
854 1249 1457 1281 est hemo hec ille. ⁋ Sed via prior planior est licet
854 1276 1454 1305 et ista vera sit quia scilicet contradictio est via potissi¬
846 1302 1455 1339 ma arguendi distinctionem realemposita constantia eorum
856 1331 1458 1370 pro quibus verificatur distinctionem inquam vel il¬
854 1361 1458 1395 lorum pro quibus verificatur quod non semper opor
856 1388 1454 1422 tet vel illorum que illa sunt et hoc secundum in
848 1416 1451 1454 proposito verum est Sed tunc ad philosophum primo phisi
855 1449 1453 1485 corum et septimo methaphisice. Dicendum est quod
849 1474 1453 1512 optime arguit in vtroque loco quia licet non omnia
847 1500 1448 1535 contradictoria arguant ista realiter distingui pro
850 1529 1445 1564 quibus verificantur posita eorum constantia sed vel
848 1554 1450 1595 hoc sufficiat vel quod ipsa sint res distincte cum ista con¬
853 1589 1453 1628 tradictoria que sunt esse et non esse semper arguunt
853 1614 1446 1652 vnum ist orum pro quibus verificatur non esse rela
845 1645 1452 1676 tiuum. ⁋ Similiter si oe vno possit verificari esse vn
847 1669 1452 1711 quam siue hoc quod eo ipso verificetur vel verificari pos¬
849 1697 1445 1738 sit de retracto sequitur posita constantia talium
848 1727 1455 1768 non solum quod vnum non sit omne illud quod relatum ve¬
845 1759 1447 1796 rumetiam quod vnum realiter a reliquo dicitur et sic
843 1788 1441 1822 arguit ibi aristoteles ideo bene vnde in proposito
846 1812 1443 1851 si deitas posset esse non exesente paternitate dicerem
847 1840 1444 1883 deitatem realiter distingui a paternitate. ⁋ Ad se
850 1868 1438 1906 cundum principale dicendum quod ista propositio esse su
846 1900 1445 1939 mitur ab essentia distingui penes equiuocationem
848 1930 1434 1963 eo quod subiectum primo potest sumi materialiter pro
842 1957 1448 1997 ista voce esse et verum est quod vna istarum vocum gran
842 1989 1439 2025 maticaliter deriuatur ab alia. ⁋ Secundo significa
843 2011 1442 2048 tiue nominaliter et tunc non plus sumitur esse ab es¬
845 2039 1444 2079 sentia quam econuerso quia omne esse sic nominaliter sum
844 2068 1437 2105 ptum non est nisi ipsa essentia diuina que est et econ¬
842 2101 1432 2132 uerso. ⁋ Tertio verbaliter et sic non est aliquid si¬
843 2130 1443 2173 cut nec currere et sic de similibus nisi equiuoce lo¬
