1767 2500
340 233 935 293 sibi conuenit paternitas est pater. ⁋ Ideo dicimus
347 282 935 322 quod paternitas vel generare constituit patrem lo¬
339 310 933 346 quendo methapho. ⁋ Ad 10 dicendum quod est ibi idem
341 343 931 374 in deo dici ad intellectum augustinus non secundum subr
343 366 933 406 stantiam quod non nomine absoluto sed relatiuo significari vel
345 399 933 435 exprimi hoc autem nomen pater vel filius est nomen
338 428 932 461 relatiuum quia pater filium pater sed cum hoc stat quod
339 452 930 493 pater ad se id est non relatiue deus est vel substantia. Und
340 482 940 522 septimo de tri. ca 3 dicit quod si pater non est aliquid
344 515 937 550 ad seipsum non est iam qui relatiue dicatur ad ali¬
348 537 941 578 quid igitur ex verbis suis non potest haberi quin pa
343 565 941 603 ter sit substantia et etiam paternitas quia secundum eum
340 593 935 631 deus hoc est quod habetur etc. igitur deus est pater itas igitur et eaem per con
345 624 937 659 uersionem paternitas est deus et per consequens pa¬
353 653 933 687 ternitas illa est substantia quod est intentum et hec omnia sa
345 679 939 714 uantur per hoc quod illa paternitas essentialiter et ad
343 708 939 747 se deus est sed personaliter et non ad se paternitas
342 735 939 769 est seu pater. ⁋ Et per idem patet ad i1. quia dictum
345 764 933 798 anselmi intelligendum est quod non significant conuerti
344 790 936 826 biliter idem. ⁋ Ad 12 dicendum quod ly communicabui
345 820 937 861 le potest sumi dupliciter in praedicato scilicet adiectiue
351 851 940 889 et substantiue primomodo est ista negatiua vera
349 880 934 914 nullum incommunicabile tribus personis est commi
345 905 941 944 nicabile tribus personis quia nullum tale potest
347 931 941 972 communicari tribus personis secundomodo negan¬
349 959 942 997 da est quia quelibet persona diuina est res que est
345 987 928 1029 communicabilis tribus personis scilicet essentia.
353 1016 946 1059 ⁋ Ad 13. negatur quod essentia diuina sit non homo ac
348 1043 944 1083 cipiendo ly non homo negatiue scilicet quod essentia di
355 1073 940 1112 uina non sit homo. ⁋ Ad Magister dicendum quod ipse ponit
349 1103 944 1139 vtrumque. dicit enim sic in fine capituli allegati ideoque
348 1130 947 1166 non sic dicitur natura diuina esse homo vel facta esse
353 1157 940 1198 hoc sicut dei filius quidam tamen indifferenter vtrumque
353 1192 941 1222 concessit hec illemet secundum dictum ma. impro
348 1214 941 1249 bat Tamen potest dici quod magister negat istam essentia di
351 1248 949 1278 uina est homo sumptam secundum predicationem for
352 1266 945 1306 malem et tunc bene quia sic non est vera sed solum
357 1300 953 1336 secundum predicationem ydentificam siue sub aliis
350 1329 953 1364 verbis ipsa est vera sumpto predicato substantiue
354 1356 953 1390 sed non adiectiue. Sed tunc restat dubitatio vtrum
353 1389 953 1419 hec sit vera iste hoc est non hoc sumpto ly non infinite vi¬
350 1416 954 1448 detur quod sic quia iste hoc est essentia quae est non hoc cum
357 1438 948 1477 ipsa sit pater que est non homo igitur filius est non
352 1471 945 1506 homo. ⁋ Respondetur neganda est cuius ratio pa¬
352 1502 953 1532 tebit di. 4 vbi ponam vias et artem soluendi circa
352 1525 951 1559 diuina huiusmodi paralogismos. ⁋ Nam paralo¬
347 1550 955 1597 gismus qui est hic reducitur ad hunc pralegismum
352 1581 953 1623 vel similem hec essentia est non homo hec essentia
364 1612 955 1647 est filius igitur filius dei est non homo qui pralogis
360 1644 945 1677 mus in suis similibus soluetur post. ⁋ Ad 14 ne
358 1672 954 1704 gatur ista consequentia deitas est non filius igitur
362 1700 952 1730 deitas non est filius nec regula philosophy locum habet
360 1724 955 1758 in illa de predicato infinito vbi solum est predica
357 1754 949 1788 tio ydentifica vel vbi subiccetum supponit pro re con
353 1781 951 1816 muni illi pro quo supponit terminus infinitus in
361 1809 956 1849 predicato et etiam alteri sicut non sequitur secundum
357 1839 953 1873 opinionem quorundam platonicorum homo commu¬
357 1866 951 1901 nis est non sor igitur homo communis non est sor quia
364 1894 949 1928 antecedens apud illos et apud pigam est verum et consequens fal
367 1923 949 1957 sum. ⁋ Tertium dubium principale est vtrum pa¬
366 1950 954 1985 ter vel hoc demonstrato patre sit formaliter enti
367 1976 950 2012 tas aliqua vt hic vocetur predicatio formalis di
367 2005 949 2045 stincta contra ydentificam quod sic videtur quod hec predi
366 2040 955 2069 catio est formalis pater est res igitur et ista pater
368 2065 946 2100 est entitas cum res et entitas conuertuntur igitur es
368 2091 955 2141 consequenti sicut tres persone sunt tres res ita etiam
974 234 1569 284 sunt tres entitates. ⁋ Sed contra omnis entitas
970 280 1572 312 est essentia aliqua et econuerso igitur si essent ibi
971 310 1571 342 tres entitates ibi essent tres essentie hoc non vi¬
968 337 1569 373 detur sanum quia tunc essent ibi tres deitates quod
970 369 1579 398 est contra fidem Probatur si paternitas ita sit for¬
974 396 1579 427 maliter quedam entitas igitur esset formaliter quae¬
972 422 1573 455 dam bonitas et per consequens deitas non esset ita di
977 450 1577 483 ligibilis sicut paternitas vel sicut paternitas et
970 482 1575 511 deitas simul. ⁋ Ista enim personalis et proprie bo¬
972 503 1577 543 nitas videtur sibi vendicare aliquem gradum dile¬
975 540 1575 568 ctionis super gradum debitum essentiali bonita¬
968 561 1575 598 ti communi omnibus personis Probatur si pater
972 585 1579 625 nitas sic sitf ormaliter entitas aut bonitas vel igi
972 620 1573 654 tur finita vel infinita non finita constat si infinita igi
970 646 1574 683 tur aliqua perfectio simpliciter deest filio que con
974 673 1572 709 petit patri et econtra. ⁋ Ad istud dubium credo quod
973 694 1655 746 sic sit sicut probat ratio prima ⁋ Ad primum in con Ad 1
976 732 1576 764 trarium dicitur quod si ly essentia sumeretur transcen
972 760 1573 794 denter conuertibiliter cum ly entitas videtur mul
978 789 1570 820 tis concedi posse quod tres persone sunt tres essentie
980 820 1571 849 et quod ibi est essentia generans et essentia generata
973 846 1568 880 et hec est via sirantso in lectura et similiter in glosa
974 872 1577 905 quinto de itri. ca. 13. ⁋ Sed ego dico quod hoc vocabu
982 904 1575 937 lum essentia non solet ita sumi communiter in pro
972 931 1574 969 posito sed tantum pro essentia diuina seu deitate
984 956 1578 996 que est communis tribus personis et tunc non sequi
979 983 1553 1016 tur ibi sunt tres entitates igitur tres essentie.
991 1010 1666 1061 Ad secundum conceditur quod paternitas est forma Ad 2
976 1042 1575 1075 liter bonitas eadem que est essentia ymo essentia
976 1070 1574 1106 est bonitas cuiuslibet suppositi tam essentialis quam
982 1102 1584 1136 personalis ideo ipsa est diligibilis omni dilectione
978 1131 1556 1160 debita essentie vel persone et etiam econuerso.
986 1144 1666 1191 ⁋ Ad tertium dicendum est quod personalis bonitas in Ad 5
976 1183 1579 1219 diuinis est formaliter deitas et est infinita et secun
978 1216 1574 1244 dum hoc aliqui communiter conce dunt quod in diuinis
981 1240 1582 1272 sunt tres perfectiones et tres infinitates et tria in
976 1268 1578 1305 finita sicut tres entitates pluralitate tamen sola
976 1298 1588 1332 personali non essentiali et quod vna persona esset aliqua
982 1322 1590 1361 infinitas et aliqua perfectio simpliciter que alia
982 1354 1581 1391 non esset et videtur aliquibus quod non apparet cau
976 1380 1583 1415 sa quare istud debeat negari sed hoc non erit sumen
976 1411 1580 1441 do perfectionem simpliciter sicut communiter sumunt
982 1440 1584 1473 doctores pro eo quod in quolibet est melius ipsum
984 1466 1582 1497 quam non ipsum pro esse tale quale cuilibet melius es
986 1491 1582 1528 set esse quam non esse tale id est quale si sic est melius quam si
983 1520 1589 1557 non sit tale. ⁋ Sic enim loquendo pater non est aliqua
992 1548 1576 1584 perfectio simpliciter quin filius sit illa et econver
987 1584 1579 1612 io sed sumendo perfectionem simpliciter pro perfectio
982 1608 1580 1642 ne infinita sine omni imperfectione videtur quibus
988 1637 1578 1668 dam quod ibi possunt concedi multe per fectiones vt di
989 1665 1580 1696 ctum est ista sunt recitata solummodo ex personis sic
987 1691 1582 1726 dicentium quos in hoc non video reprobandos quae
982 1720 1578 1751 ad sensum quicquid sit de verbis sine omni media
989 1748 1585 1783 assertione. ⁋ Unde nota quod ratio infiniti congruit
984 1779 1583 1810 quantitati sed in diuinis solum est vna quantitas
988 1805 1588 1839 seu magnitudo essentialis igitur ibi non sunt plu
988 1836 1582 1865 res infinitates et eodemmodo de perfectione et bo¬
990 1861 1582 1897 nitate. Unde si concederetur quod ibi essent tria infi
984 1891 1580 1923 nita non tamen sequitur igitur tres infinitates nec
987 1918 1577 1951 etiam sequitur ibi sunt tria perfecta igitur tres per
995 1945 1579 1977 fectiones nec sequitur tres boni ergo tria bona
988 1976 1580 2008 quia vna infinitas vna perfectio et vna bonitas
987 2005 1581 2033 est qua talia sunt infinita perfecta et bona nihil ta
988 2031 1583 2063 men cogit ad ponendum tria talia infinita sed suffi
988 2057 1576 2094 cit quod tres persone sint vnum infinitum vel vnus infi
982 2086 1582 2130 nitus etc. Quia secundum anselmum oe processione
