1767 2500
323 266 913 315 de actu signato sic de hac essentia verificatur quod sit
322 306 914 348 filius hec essentia est pater igitur de patre verificatur
320 335 915 377 quod est filius vel negatiue de hoc patre verificatur
320 364 916 405 quod generat de hac essentia non verificatur quod gene¬
325 390 919 428 rat igitur hec essentia non est pater. ⁋ Et in vniuer
327 418 915 459 salibus argui potest affirmatiue et negatiue proportio¬
331 446 923 484 naliter sicut prius in illis de actu excercito. Item in
327 473 914 512 illis de actu excercito in plurali nunero posset sid
331 502 915 540 argui pater generat et filius generatur et pater et filius
329 532 922 568 sunt idem igitur idem generat et generatur vel sic vt
331 563 927 599 supra tactu est in primo dubio precedentis questio¬
328 586 926 625 nis in actu signato de essentia et de patre verifican
331 619 926 654 tur contradictoria vel sic de patre et filio verifican
329 644 921 680 tur contradictoria filius et pater sunt idem vel pa¬
331 677 931 712 ter et filius sunt deitas igitur de eodem verifican
332 706 930 741 tur contradictoria vel sic in alia forma negatiue
334 729 923 771 pro nullo eodem verificantur simul contradicto
336 758 927 796 ria pro paternitate et essentia verificantur contradicto
334 783 931 827 ria similiter pro patre et filio verificantur contradi
335 813 929 850 ctoria igitur pater et essentia non sunt idem similiter
335 840 924 879 igitur pater et filius non sunt idem. Circa istos et similes
338 875 928 913 paralogismos soluendos primo ponam conclusiones
333 896 929 937 negatiuas aliquas et affrmatiuas circa artem
332 930 925 966 aliorum et in sequenti questione ponam viam et artem
342 957 925 994 cui plus assentio. hic primo videndum est an regula
334 987 935 1023 anselmi de hoc sufficiat communiter allegata omnia sunt
338 1011 935 1050 vnum vbi non obuiat relationis oppositio. Uerba
337 1039 924 1077 autem eius oe procession spitus sancto sunt ista sit igitur huius vni
342 1069 935 1104 tatis et huius relationis commune se contemperant vt nec
344 1094 938 1136 pluralitas quae sequitur relationem transiet ad ea in qui
334 1125 931 1165 bus predicte vnitatis simplicitas sonat vnitatem
332 1154 927 1193 nec vnitas cohibeat pluralitatem vbi eadem rela¬
336 1187 935 1217 tio signatur quatenus nec vnitas amittat aliquando su¬
340 1207 933 1247 um consequens vbi non obuiat aliqua relationis oppositio
341 1242 935 1275 nec relatio perdat quod suum est nisi vbi obsistat vni¬
335 1264 931 1306 tas iuseparabilis. Uult dicere quod ex essentiali vni
338 1300 929 1332 tate non posset inferr consequens quod repugnat perso¬
336 1326 927 1364 narum pluralitati nec econtra ex pluralitate perso¬
333 1355 935 1388 narum quod repuguat vnitati essentiali deitatis et perso¬
338 1382 933 1416 narum in deitate dicendum est quod sic quo ad hoc vt scia
336 1405 933 1447 mus circa materiam vnitatis dei et distictionis perso¬
340 1439 941 1473 narum discernere paralogismum a fillogismo non autem
341 1464 943 1499 ad assignandum quis defectus sit in tali paralogis
343 1493 942 1530 mo vt plane videatur quae sit causa apparentie et non
342 1525 939 1560 existentie. per istam enim artem bene scio quod non sequitur iste
346 1553 935 1589 pater generat iste pater est essentia igitur essentia gene
347 1579 941 1614 rat quia per regulam anselmi praedictam constat quod nihil
344 1606 945 1646 possum bene concludere de essentia ex actu personali
344 1632 943 1672 quod tollat vnitatem et indistictionem vel indiuisionem in
346 1663 944 1696 essentia generare autem infert eam rem quae generat disti
341 1692 935 1728 gui a genito nihil enim seipsum gignit. Eodem modo si
340 1720 944 1754 sic argueretur pater distinguitur a filio sed hec essen
342 1751 941 1782 tia est pater igitur hec essentia distinguitur a filio. si¬
347 1775 945 1807 militer arguitur sic hec essentia est indistincta a filio
348 1804 939 1836 hec essentia est pater igitur pater est indistinctus a filio
351 1830 939 1869 hec igitur ars supponenda est sicut vera et bona pro
352 1860 940 1897 defectu sciendo. Et si dicatur quod ars ista deficiat in isto
358 1891 943 1930 paralogismo hec essentia st sancto hec essentia est pater
360 1915 944 1950 gitur patert spitu sanctos hic enim non obuiat relationis oppo
350 1945 941 1979 sitio. quia paternitas non est relatio a siritu sancto Respon
350 1977 947 2005 detur quod vtique obuiat relationis oppositior quia pater
342 2002 938 2036 seu paternitas realiter seu formaliter est spiratio
343 2024 949 2064 actiua. ⁋ Sed quae posset esse cam quare deficit talis sil¬
343 2061 949 2093 logismus sufficit ne dicere quod in talibus non est vnitas
346 2088 949 2123 medii et ideo fit fallatia accidentis sicut dicit Can¬
349 2117 948 2165 psale et okam in suis responsionibus ordinariis vide
943 260 1555 309 tur quod sic nam hec essentia est tres res abiuicem disti¬
945 299 1557 339 cte scilicet tres persone igitur eius vnitas non sufficit ad
945 334 1557 364 concludendum extrem m de extremo. ⁋ Sed contra ar
951 357 1559 393 guit Campsale arti. 4 huius. q. et de hac materia quae¬
948 384 1566 419 stio intelligatur vbicumque quotauero eu post in hac quaesti
947 415 1565 446 one praemo sic nisi vnitas essentie sufficiat ad bonum sil
953 442 1559 476 logismum esset diuina essentia quasi triplicata in
957 473 1554 504 tribus personis quia non esset in diuinis personis eadem
955 503 1554 535 tali ydemptitate qualis requiritur esse in re. ad hoc quod
953 530 1555 564 conceptus istius rei sit medium sillogismi non peccarent
956 556 1563 594 per variationem medii et per consequens ipsa essentia esset in
963 587 1567 622 personis diuersis diuersificata et multiplicata mul¬
956 609 1555 646 tiplicatione opposita illi vnitati et ydemptitati sed
963 643 1559 675 ons est falsum quia si dicatur sic triplicata tunc est triplex
960 669 1558 707 deus quod est inconueniens. ⁋ Secundo sic deitas persona
961 696 1561 730 rum aut est vna et eadem tanta vnitate et ydemptitate es¬
956 722 1570 762 sentiali quanta hec essentia huius angeli sibi ipsi vel
964 759 1573 786 non si sic cum essentia illius angeli sit tanta vnitate et
967 782 1570 816 ydemptitate eadem sibi ipsi quam respectu quorucunque
958 813 1565 847 praedicator suus conceptus natus est esse medium boni fillo¬
962 836 1566 877 gismi in quo non sit variatio medii sequitur quod multo
966 866 1561 901 fortius sic erit in proposito si dicitur quod non igitur est aliqua
958 893 1571 933 diuersitas opposita illi vnitati vel saltem minus re¬
969 918 1565 961 pugnabit sibiipsi talis diuersitas quam essentia istius
965 950 1565 988 angeli. ⁋ Tertio ista vnitas sufficit ad contradi¬
964 977 1564 1017 ctionem et tamen ad contradictionem requiritur maxima
961 1007 1565 1043 vnitas rei significate cum contradictio sit oppositio
968 1036 1557 1069 vnius et eiusdem rei et secundum idem et eodemmodo ista aut con
963 1069 1565 1102 tradicunt hec essentia est demonstrando essentiam patris
964 1091 1567 1130 hec essentia non est demonstrando essentiam filum igitur
959 1118 1565 1158 etc. ⁋ Quarto sic idem penitus est medium in sillogits
959 1149 1564 1186 mo in quo obuiat relationis oppposito et in sillogitus
960 1181 1566 1213 mo in quo non obuiat relatiois oppositio igitur non
960 1209 1568 1246 plus est variatio medii in vno quam in alio quia si est similis
968 1239 1562 1270 vnitas medum vtrobique similis est variatio vel non
966 1266 1567 1296 variatio vtrobique. antec edens patet in istis sillo¬
962 1291 1565 1329 gismis. hec essentia est deitas. hec essentia est pa¬
961 1316 1571 1354 ternitas. igitur paternitas est deitas. ⁋ Alius est
966 1344 1569 1385 iste hec essentia est paternitas hec essentia est fili
964 1374 1569 1414 atio. igitur filiatio est paternitas in quibus patet
964 1403 1565 1444 quod penitus idem est medium. ⁋ Apparet mihi quod
971 1438 1565 1469 quo ad multos paralogismos soluendos in hac
962 1460 1569 1495 materia ista causa est bona et sufficiens vtpote si
971 1489 1565 1524 arguitur sic hec essentia est pater hec essentia est
970 1518 1575 1550 filius igitur filius est pater communitas enim me¬
968 1543 1561 1584 dum termini que communitas ex hoc prouenit quod
967 1579 1575 1610 deitas realiter communis est patri et filio obstat
972 1599 1565 1638 ne possit concludi extremum de extremo non plus
976 1631 1569 1668 quam hic vbi est sola communitas signi homo est sor¬
972 1660 1575 1697 tes homo est plato. ⁋ Et probatur secundum phi¬
976 1690 1571 1724 losophum medio existente sufficienter hoc ad ne¬
976 1718 1572 1749 cesse est extrema coniungi. ⁋ Contra non est simi¬
972 1746 1573 1784 le quia in exemplo adducto medius terminus sup¬
972 1780 1569 1811 ponit pro alio et alio sed in nostro proposito me¬
968 1807 1571 1840 dius terminus supponit pro eodem indetermina¬
973 1831 1567 1866 to et indiuisibili. Probatur arguit Campsale quia
976 1861 1571 1891 quantumcunque in proposito obuiet relationis oppo¬
977 1890 1562 1919 sitio tamen non est ibi plus variatio medum quam in alio
978 1915 1575 1953 illogismo in quo non obuiat relationis oppositio
974 1945 1572 1976 quia subiectum premissarum eque significat ean¬
972 1973 1568 2005 dem rem et pro eadem supponit hic et ibi igitur
982 2004 1564 2039 oportet aliam viam dare quare bonitas sillogis
981 2031 1562 2065 mi impediatur. Item quod essentia sit tres res reali
982 2061 1573 2090 ter distincte hoc non arguit ibi variationem me¬
973 2085 1571 2120 dim quia non tollit quin subiectum maioris et
979 2116 1544 2164 minoris eque signat eandem essentiam sici
