1762 2500
329 293 918 350 exponi vno modid est essentia est res quae non generat et sic
334 337 920 376 est falsa ex capitulo damnnamus quia essentia est pater
336 363 917 404 qui generat. ⁋ Alio modo sic essentia non generat. i
328 392 923 429 istam res vt essentia non generat sed vt est pater: simi
334 425 917 460 liter cum arguitur hec essentia est communicabilis hec pater
336 449 925 486 nitas non est communicabilis igitur. ⁋ R espondet quod si minor
329 475 921 514 intelligatur sic quod hec paternitas non est istam res communi¬
335 502 929 543 cabilis falsa est si vero intelligatur sic quod ex hoc quod est essen
337 533 925 571 tia est communicabilis et non ex hoc quod est paternitas vera esta
346 562 922 602 ⁋ Respondeo quod non quia essentia communis nullo modo genera
335 588 928 627 nec vt est essentia nec vt est pater qui ipsa nullo modo
333 619 933 655 distinguitur a filio et si ipsa vt est pater generaret
339 645 935 683 filium distingueretur ab eo vt est pater sicut argu
339 672 932 711 it magister di. quinta primi et di. 4 et multis aliis locis con
336 707 925 740 clusio falsa. Item si essentia communis vt est pater geni
340 729 925 771 ratur igitur essentia generat contra decretum consequent
347 761 934 801 patet quia hec modificatio vel reduplicatio vt est pa¬
341 785 928 825 ter non est determinatio distrahens vel diminuens
341 819 931 854 igitur. ⁋ Sextum dubium an sufficiat illa distinctio
342 843 937 881 de deitate singulorum vel singulis deitatis quam
346 871 940 909 tenet pigam. videtur quod sic inductiue quia si sic argu
340 902 935 940 atur in primo modo prime figure vbi maior est appa
338 927 939 964 rentia omnis deitas est pater omnis filius in diuinis est
349 959 938 995 deitas. igitur si maior distinguitur penes equiuoca
345 986 933 1022 tionem eo quod posset fieri distributio pro singulis de¬
340 1011 937 1050 tatis et tunc est falsa et discursus bonus vel pro deita
344 1040 939 1081 te singulor et tunc est vera sed minor non sumitur sub
346 1067 942 1109 ea. Exemplum patet in ista omne animal fuit in archa
344 1096 937 1136 noe etc. ⁋ Ista responsio concordat cum syrant. qui
344 1127 939 1164 distinguit propositiones huiusmodi per equiuocationem
344 1151 942 1191 eo quod iste terminus essentia diuina vel deitas vel
345 1182 936 1220 substantia diuina supponere potest singulariter pro
347 1207 939 1244 deitate que est tres persone vel personaliter pro
348 1237 933 1275 hac vel ista quae deitas est. ⁋ Et primo modo loquendi
345 1262 942 1302 deitas non generat nec distinguitur ab aliqua perso¬
346 1295 940 1334 na nec est incommunicabilis et sic de similibus sicut dicunt
350 1321 943 1362 ambo isti. ⁋ Secundo modo generat et distinguitur
347 1347 943 1385 et est incommunicabilis et sic de similibus. vnde secundum
344 1377 944 1419 syrans. in suppositione personali iste terminus dei
347 1402 945 1447 tas vel diuina essentia stat pro tribus personis disium
356 1439 934 1475 ctiue sicut iste terminus deus in hac propositione de
343 1460 941 1506 generat et sicut etiam ista habet tres singulares qua
349 1491 947 1530 rum vnica tantum vera est silicet ista iste deus pater ge¬
355 1515 942 1556 nerat sic ista essentia diuina generat accepto sub
349 1544 948 1582 iecto personaliter habet tres singulares scilicet
347 1572 948 1613 hec essentia pater generat hec essentia filius gene¬
349 1604 944 1644 rat hec essentia spiritus sanctus generat quarum
354 1634 954 1673 prima est vera. ⁋ In suppositione vero simplici. stat
358 1659 951 1701 pro natura communi tantum ita quod non distributi¬
352 1688 949 1728 ue pro tribus personis et sic non habet nisi vnicam
355 1718 955 1753 singularem que est falsa hec ille. ⁋ Ista in maiori
352 1749 952 1788 parte sunt vera et rationabiliter dicta iam pro eis
356 1777 949 1814 arguo. primo per Magister li. 3 di. 5 cap. primo post me¬
361 1802 946 1836 dium vbi allegat augustinus dicentem quod illa natura est
359 1835 955 1866 semper genita emaneat ex patre naturam nram fine pec
363 1862 950 1897 cato suscepit. ⁋ Et post subdit Magister vbi vehemeni
356 1889 955 1921 moueri possumus quod eam genitam eternaliter ex pa
361 1919 962 1950 tre dicit nisi forte naturam pro persona hic accipiat
365 1948 958 1980 non pro natura tribus personis communi igitur potest secun¬
362 1969 959 2007 dum eum sic dupliciter sumi. ⁋ Item di. 5 primi li
364 2002 954 2036 bri dicimus quod nec pater genuit diuinam essentiam etc.
368 2031 956 2063 et subdit hiclaunt nomine essentie intelligimus diuinam na¬
365 2060 955 2093 turam quae communis est tribus personis per hoc renuens quod alio
364 2091 953 2120 modo sumi possit ymo et ibi consequenter exponendo au¬
367 2115 951 2147 ctoritatem sanctor contra se quae dicunt naturam genera
369 2141 964 2188 re vel genitam esse exponit naturam pro persona que est
953 291 1554 337 natura. Probatur ista distinctio videtur bona quia
954 331 1561 371 primum sensum quo ad suppositum simplicem dat de¬
953 359 1558 393 cretum. dicens quod natura diuina nec generat etc. ⁋ Set
958 388 1553 422 secundum oe suppositione personali videtur habe
959 415 1557 450 re augustinus. hylarius et ambrosius in auctorita¬
959 442 1551 479 tibus allegatis a magistro. Item richardus 4
960 467 1556 508 de trinitate capi 7 nomen substantie non tam quisquam
958 497 1552 536 quid significatur pro quid oe proprietate commu
955 525 1559 563 ni et illud quidem solemus accipere responsuri quod
956 558 1563 594 animal sit vel homo vel equus vel huiusmodi per
959 581 1554 617 quio oe proprietate singulari postquam constat de il
965 610 1564 646 lo de quo querimus quod sit homo et querimus quid
958 638 1568 678 mathias vel bertholdus per quid interrogamus vt
966 668 1561 705 certificemur de qualitate substantie per quis vt
958 695 1561 731 certificemur oe proprietate persone. hec ille igitur
959 725 1567 759 substantia secundum eum accipi potest et pro natura con¬
963 750 1563 788 muni et quandoque pro persona. Secundum hanc distinctio
968 779 1567 814 nem respondere possunt quod ad omnia argumenta non
966 805 1563 842 solum affirmatiua sicut iam exemplificatum est in
968 835 1568 876 primo modo perse sed etiam negatiua vt si sic argui
968 862 1566 899 tur in. 4. prime figure nullus pater in diuinis est
972 892 1568 928 filius quedam essentia diuina est pater igitur que¬
968 922 1571 962 dam essentia diuina non est filius conclusio est vera
970 948 1561 986 quo ad hunc intellectum id est quedam persona diui
967 982 1568 1013 na que est essentia diuina non est filius. ⁋ Dices per
967 1007 1577 1037 Magister contra istos si quedam essentia diuina non eit
971 1031 1567 1068 filius et constat quod quedam essentia diuina est filius
974 1061 1570 1097 igitur due sunt essentie diuine quarum vna est fili
974 1091 1572 1125 us et alia non. dicit pigam quod non sequitur plus quod
971 1119 1573 1153 sint due essentie quam contra magister quod sunt duo dii vnus
973 1146 1575 1186 genitus et alius non. ⁋ Et si dicatur quod sunt diiplures plu
975 1176 1575 1212 ralitate personali non essentiali consimiliter vi¬
972 1200 1581 1240 deretur esse dicendum quod sunt plures essentie divi
975 1235 1579 1265 ne personaliter seu pluralitate personali non essen
969 1263 1573 1294 tiali. ⁋ Alii tamen vitant hoc dicere ad quenmcumque intelle¬
974 1287 1573 1323 ctum scilicet quod plures sint dii sicut vitat ma et alii docto¬
980 1311 1577 1352 res communiter et illi etiam simplicitur habent hoc negare ad
972 1346 1571 1377 quemcumque sensum de essentus licet ista via sit pulchie proba
979 1370 1575 1407 bilis praecipue cum nomina sint ad placitum et in intellectu
979 1402 1577 1431 non discrepant a verbis fidei nisi voce tenus et verba non
977 1425 1565 1463 faciunt heresim sed sensus et etiam forsan vt praeuisum est au
975 1452 1573 1492 ctoritates sanctor plane contra ma. et determinatio¬
972 1486 1565 1519 nem ecclesie secundum vocem requirunt talem distictionem
982 1512 1577 1549 ⁋ Ista tamen via est insufficiens quia accepto isto pralogis¬
974 1538 1575 1577 mo omnis deitas est pater omnis filius in diuinis est deitas igitur
975 1570 1571 1608 omnis filius in diuinis est pater dicetur quod maior est falsa sumpto
975 1595 1576 1630 subiecto pro singiis deitatis secundum pigam vel personaliter
981 1625 1576 1660 secum syrantus. quod idem est dicere ad mentem istorum sed vera est
981 1652 1576 1693 pro deitate singulor et tunc minor non subsumitur secundum
979 1681 1575 1723 pigam. ⁋ Contra sumo maionem in sensu concesso et mino¬
984 1708 1580 1751 rem sub ea in eodem sensu sic omnis deitas singulorum est pater
984 1743 1577 1774 omnis filius est deitas singulor ergo omnis filius est pa¬
981 1771 1569 1802 ter conclusio est falsa et premisse vere igitur ars ista
982 1794 1583 1833 soluendi non est sufficiens. ⁋ Quia secundum pigan
991 1828 1579 1860 maior est vera sed constat quod non plus deitas singu¬
991 1852 1573 1892 lorum est pater quod filius est deitas singulor igitur
989 1882 1577 1918 etiam minor est vera et debite sumpta in eodem
984 1908 1575 1947 sensu sub maiore. ⁋ Similiter arguitur contra syratio
986 1939 1578 1973 omnis deitas communis tribus est pater omnis filius in diuinis
986 1962 1584 2001 est deitas communis tribus personis igitur omnis filius in diuinis est
990 1995 1568 2032 pater conclusio falsa et premisse vere igitur. ⁋ Simitus
986 2023 1582 2056 omnis pater in diuinis generat omnis deitas communis tribus est
986 2051 1580 2089 pater igitur omnis deitas communis tribus generat. Item
986 2082 1576 2114 iste pater generat iste pater est essentia communis
984 2111 1572 2146 tribus igitur essentia communis tribus generat. ⁋ Ex quibus
990 2134 1586 2187 patet quod per suam distinctionem non soluitur difficultas
