1802 2500
244 248 836 296 ⁋ Ad primum conceditur ista consequentia om¬
248 295 837 330 nis deitas est pater igitur tantum pater est dei¬
246 321 840 352 tas nec exclusiua debet exponi per istam nihil quod
240 349 832 388 non est pater est deitas sed sic pater est deitas et nihil
238 381 830 416 aliud a patre est deitas. ⁋ Ad secundum dicendum
239 410 828 446 quod ista est de omni per quam notatur quod omne illud pro
241 438 830 470 quo distribuitur vel supponit suum subiectum est
237 464 830 497 illud pro quo supponit suum predicatum sed non
241 494 833 521 oportet quod omne quod est idem pro quo suppo¬
244 520 824 556 nit vel distribuitur subiectum quod tali conueniat prae
236 548 832 586 dicatum omnis igitur sillogismus bonus regulatur
240 575 834 615 per dici de omni vel de nullo vel per proprietatem ter
237 608 831 639 mini medii vel minoris extremitatis sufficientem
242 631 822 667 ⁋ Ad quartum paralogismum principalem dicendi
247 657 832 694 sicut ad tertium quod nec sua affirmatiua est de omni
236 689 833 725 nec negatiua de nullo nec sufficienter vniuersal re
237 719 833 757 spectu talis conclusionis inferende ⁋ Ad quattuor
241 745 823 787 sequentes respectu verbi adiectiui dicendum est per
235 776 823 811 omnia sicut ad istos quattuor primos diceres pa
228 798 825 844 ter generat igitur essentia generat hic autemr ab infe¬
228 826 823 871 riori ad superius affirmatiue respondetur quod non
233 860 820 895 debite infertur sed bene sequitur igitur essentia est
237 891 824 923 res que generat nec etiam ly pater est per se inferius
227 921 827 953 ad ly essentia vt prius notatum est ⁋ Diceres hec
235 946 822 985 est falsa nihil quod est essentia generat igitur hec est vera es
232 974 825 1013 sentia generat eo quod contradicunt negatur quod contra
228 1001 826 1041 dicant nec sequitur ista propositio essentia gene¬
225 1029 827 1064 rat est antecedens ad istam aliquid quod est essentia est res que
231 1059 826 1092 generat que est contradictoria prioris negatiue igi
230 1089 822 1121 tur ipsa est eius contradictoria quia non oportet omne
223 1120 819 1154 quod contradicit consequenti contradicem antecedenti sicut ista
229 1142 815 1180 nullus homo currit contradicit isti aliquis hoc cui
223 1167 812 1209 rit non tamen isti sor currit. Unde ista essentia gene
231 1200 821 1234 rat habet se per modum singularis. ⁋ Ad nonum
221 1226 823 1262 de actu signato supposita distinctione communi et
223 1253 817 1293 sumpto subiecto maioris personaliter vel verius
224 1282 811 1324 materialiter prosibi simili in alia supponenteperso
226 1312 814 1347 naliter ad hunc sensum idest de hoc signo hec essen
224 1338 812 1378 tia pro deitate communi verificatur quod sit filius verbi
224 1368 816 1406 gratia in ista hec essentia est filius dicendum est vltra
222 1398 820 1431 per omnia sicut supra ad primum paralogismum
223 1426 816 1466 ⁋ Ad 10 sicut ad secundum resoluendo illam de
223 1451 823 1485 actu signato in vnam de actu excercito ⁋ Ad 1i. de a¬
225 1479 818 1511 ctu excercito in pososophy numero dicendum est quod illa con¬
224 1506 813 1547 clusio non sequitur sed ista igitur idem est illud quod
214 1534 819 1574 generat et quod generatur Unde licet secundum
221 1565 809 1600 platonicos sor. et plato sunt idem scilicet homo communis
212 1591 818 1631 et sor generet et plato generetur non tamen ille idem
214 1615 809 1660 homo communis generat et generatur et ideo aristote
215 1645 810 1689 les nondum improbat opinionem platonis loquens
218 1676 814 1714 adhuc indifferenter ad suam opinionem et platonicam
212 1700 817 1743 dixit in prologo mediante quod actus et omnes gene
220 1736 818 1767 rationes circa singulare sunt non enim hominem me
219 1761 819 1800 dicas sanat nisi secundum accidens sed an talliam
218 1789 812 1830 aut socratem aut aliquid sic dictorum cui esse hominem
217 1819 819 1851 accidit et septimo metha. quando non valent ydee
216 1847 808 1888 vel quidditates communes ad generationem per hoc in
215 1875 817 1919 nuit quod non oportet vt propria propriorum con
216 1902 806 1938 ueniant communi saltem mediante verbo adiectiuo¬
220 1929 812 1967 ⁋ Ad 12 dicendum quod non sequitur illa conclusio ista
214 1957 812 1997 de his que significant idem verificantur contradi
216 1984 810 2023 ctoria. ⁋ Ad 13. quando autem pro nullo eodem verifi
218 2013 816 2055 cantur etc. negatur discursus sed bene sequitur quod
217 2039 811 2083 isti termini pater et essentia non sunt idem eo quod in mi
220 2070 810 2112 nori qua dicitur oe paternitate et essentia verifica
211 2096 834 2153 tur contradictoria ly paternitate et essentia suppo
874 254 1467 310 nunt materialiter pro sibi similibus supponentibus
869 297 1459 342 personaliter Uerbi gratiaim istis proportionibus
872 333 1456 366 pater generat essentia non generat si autem in mino¬
869 361 1454 392 re dicitur pro patre et essentia verificantur contra¬
864 384 1455 428 dictoria tunc sequitur ista conclusio quod pater et essen
866 414 1454 454 tia non sunt idem vel quod pater est aliqua res que non
864 445 1455 483 est essentia vel quod essentia sit aliqua res que non est pa
869 469 1455 507 ter et illa conclusio disiunctiua verificatur pro ter¬
858 499 1455 534 tia parte. Consimiliter respondendum est ad omnes
866 524 1447 563 formas consimiles ⁋ Tertius articulus Primum
857 554 1453 592 dubium isti termini conuertuntur homo et idem quod est
858 579 1451 628 homo deus et idem quod est deus et sic de aliis que
864 609 1454 651 igitur necessitas docendi modum istum arguendi omne
865 641 1453 680 illud quod est deitas vel idem deitati etc. Probatur
861 668 1455 711 sic arguendo per circumlocutionem deficit sillogis
859 698 1450 740 mus igitur antecedens patet hoc omne illud quod est ge¬
852 722 1460 767 nerans generat deitas est illud quod est generans igi
858 752 1458 790 tur deitas generat. ⁋ Ad primum negatur quod illi
857 783 1454 820 termini conuertuntur patet quia pater in diuinis est
858 810 1456 851 illud quod est homo quia est deus qui est homo vel dei
857 840 1454 876 tas que est homo et tamen pater in diuinis non est ho¬
860 865 1453 910 mo. ⁋ Ad secundum negatur maior sed secus est sic
860 896 1455 939 arguendo omne illud quod generat generat etc. quia tunc
852 925 1446 961 dicendum est quod ista circulocutio non sufficimplusquam ter
853 954 1456 989 minus simplex nec illa propositio in tali discursu est
859 979 1449 1022 sufficienter de omni ideo oportet ista circumloqui quod
853 1006 1447 1051 habeatur simpliciter vniuersalis propositio et de
857 1038 1455 1078 omni sic scilicet omne idem ei quod generat. generat et
855 1066 1454 1099 tunc erit simpliciter de omni sed falsa sicut et con¬
849 1097 1448 1133 clusio illata et ideo generaliter dicendum est quod o¬
851 1124 1451 1163 portet sic circumloqui terminum medium ad hoc quod
855 1152 1446 1185 propositio sit de omni simpliciter vel regulariter de
845 1178 1448 1221 nullo et tunc numquam deficiet discursus. ⁋ Secundum
849 1207 1445 1248 dubium est contra secundum modum soluendi praeta¬
848 1235 1452 1271 ctum quo dicebatur quod hec est sufficienter vniuersa¬
853 1260 1443 1302 lis omnis deitas est pater quia sic tunc conuerteretur
845 1290 1454 1330 in istam omne non pater est non deitas quod patet fal
847 1316 1448 1362 sum de filio et spiritus sancto consequentia tenet quia omnis vuiuer¬
847 1346 1445 1390 salis potest conuerti per transpositionem in vniuer¬
850 1374 1447 1415 salem affirmatiuam de eisdem terminis infinitis sequi
849 1402 1446 1442 tur enim omnis homo est animal igitur omne non animal
845 1431 1450 1475 est non ho⁋ Probatur omnis vniuersal negativa est conuertibitus
848 1458 1448 1501 simpliciter ex primo priorum sed ista nulla deitas
852 1487 1446 1524 communis tribus personis generat non est conuerti¬
847 1514 1449 1558 bilis quia hec falsa nihil quod generat est deitas
844 1544 1449 1587 et similiter ista nullum generans est deitas Respon
848 1572 1438 1612 detur quod iste instantie multum facerent pro primo
850 1601 1443 1641 respondendi supra ad tertium paralogismum sed
850 1627 1443 1671 sufimendo secundum modum dicendum esset quod re¬
841 1653 1443 1699 gule conuersionum non tenent vniuersaliter nisi vbi
844 1687 1443 1728 est predicatio affirmatiua formalis seu per inhe
847 1714 1444 1754 rentiam non autem vbi solum modo est predicatio ydenti
844 1739 1443 1786 fica qualiter est in proposito et ambabus instantuns
849 1766 1436 1806 ⁋ Aliter respondetur quod non sunt sufficienter vni¬
844 1798 1438 1840 uersales ad hoc quod valeat talis conuersio sicut nec
840 1822 1434 1871 sunt sufficienter vniuersales ad regulandum sillo
841 1854 1444 1902 gismos de quibus dictum est. ⁋ Nota quod nulla pro¬
841 1885 1442 1925 positio in qua verbum vel nomen adiectiuum im
845 1915 1442 1953 mediate et formaliter dicitur de subiecto Uerbi
842 1938 1434 1981 gratia homo est albus homo generat etc. Et idem
837 1970 1438 2008 est iudicium oe participio formaliter siue de sua
842 1994 1431 2039 forma est conuertibilis quia tale predicatum adie
837 2023 1426 2064 ctiuum nominale vel verbale vel participiale non
841 2052 1434 2097 est natum supponere in propositione ita vt possit
845 2083 1424 2118 esse subiectum proponnis si tamen ipsa talis resol¬
824 2104 1435 2154 uitur in aliquam propositionem vbi tale adiectiuum
