1776 2500
356 258 952 315 phisicor sed generatio in diuins secundum dicta non erit
353 306 947 340 ab hoc cum non sit elicita igitur actiua generatio
362 331 957 368 non est in diuinis. dicendum secundum doctorem istum
353 361 956 396 negando consequentiam quia non est de ratione generationis
355 391 957 426 actiue in diuinis sic esse ad hoc elicitiue sed sufficit
360 420 955 450 quod sit huius constitutiue sic enim dicit pe. aureo et
354 444 957 478 bene tenendo personas constitui quod generatio acti¬
352 471 959 511 ua formaliter et intrinsece constituit patrem sed
359 501 949 536 ego loco huius dicam communem opinionem loquen¬
363 528 955 561 do quod pater sit formaliter generatio actiua seu fi¬
354 558 948 594 lii productio. Item tertio instat vnus doctor con¬
360 585 955 621 tra pe. aureo in hoc puncto sic ex quo ponis quod ge
356 614 951 650 neratio passiua est illatio generationis actiue ad
355 648 950 676 modum loquendi doctoris sex principiorum et per te
365 674 948 708 non ponis quod sit illatio essentie in patre igitur ponis
355 702 950 732 in patre inter essentiam et generationem tantam
359 728 960 765 non ydemptitatem quanta requiritur ad saluandum
358 758 950 792 quod essentia esset principium elicitiuum generatio
354 784 958 818 nis actiue. ⁋ Item quia de facto nulla est distinctio
358 814 952 846 magna vel parua et per te pe. aureo. in persona pa
364 840 954 874 tris inter essentiam et paternitatem et per consequens tantum est
366 868 960 904 ibi pater et tunc idem est ac si quererem vtrum pa
366 900 956 931 ter sit principium elicitiuum generationis et essentia tunc
362 931 959 960 cum idem sit patri elicere generationem et genera¬
369 953 958 985 re quare non conceditur igitur est principium eli
364 986 952 1017 citiuum generationis actiue. ⁋ Ad primum ego ne¬
362 1012 952 1045 go consequentiam quia licet ponam quod generatio actiua pa¬
364 1038 962 1073 tris inferat passiuam filium et non essentia patris et
365 1063 954 1097 ita ponam quod essentia patris sit aliquid puta filia¬
366 1094 961 1125 tio et paternitas non est illud nullam tamen pono di
363 1123 963 1153 stinctionem inter paternitatem et essentiam quia pa¬
367 1148 961 1186 ternitas est ita essentia et econuerso quod non per
364 1178 957 1212 mittitur quecumque distictio parua vel magna inter
367 1203 961 1245 essentiam et relationem quia tamen essentia esse ali¬
365 1234 957 1268 quam rem et generationem actiuam non esse istam non
363 1264 955 1304 ponit non ydemptitem quanta requiritur ad hoc quod
364 1292 962 1326 generatio actiua eliceretur ab essentia hoc enim
358 1323 957 1354 requireret distinctionem realem inter ea talem eti¬
363 1347 959 1379 am quod hoc non esset illud ideo consequentia nulla. ⁋ Ad ter
358 1377 964 1408 tium dico quod pe. aureo. sicut et ego vocat essentiam
362 1404 964 1435 in patre illam rem que est omnino tres persone di¬
366 1432 966 1464 uine simul et sigillatim quelibet earundem et bene
367 1459 964 1495 volo quod nec de facto nec de possibili est inter illam
362 1489 969 1520 et generationem actiuam quecunque distinctio. Et
364 1518 959 1555 vltra dato quod demonstrando primum suppositum in
366 1547 962 1576 diuinis tantum sit ibi pater id est nihil aliud a patre et
360 1575 958 1609 tamen est ibi aliqua res scilicet essentia patris que rea
362 1602 959 1636 liter est alia res puta filius et tamen pater non
362 1632 961 1667 est istam res id est filius propter hoc dico quod non est idem
363 1660 965 1691 querere. Utrum essentia sit principium elicitiuum
371 1689 965 1722 generationis et vtrum pater. ⁋ Sed siue sit siue sit
366 1717 964 1756 queram probatum est quod non cum dicis idem est patri
369 1748 957 1780 elicere generationem actiuas quam generare dico quod
367 1771 958 1807 falsum est vt patet ex supradictis nisi accipiendo
366 1801 967 1834 generationem actiuam denominatione extrinseca.
382 1827 967 1864 Ex predicta conclusione sequitur alia quasi cor
367 1858 969 1891 relaria quod principium generationis in diuinis non
366 1886 959 1916 est absolutum nec respectiuum quia quod nullo modo
364 1915 967 1951 principiatur nec habet principium absolutum nec
369 1945 968 1977 respectiuum sed generatio actiua est huiusmodi. ⁋ Ex quae
365 1969 965 2005 patet vlterius quod non opet inuestigare quod absolutum
366 1998 958 2029 sit eius principium vtrum scilicet essentia vel me¬
368 2026 963 2061 moria vel intellectus etc. nam ex quo non elicitur
369 2054 967 2084 vel principiatur expeditum est negotium quo ad hoc
368 2081 969 2121 et multa alia. ⁋ Item tale principium non foret es
362 2109 974 2161 sentia vt prehabitum est nec intellectus aut memo
980 259 1579 317 ria quia quodlibet absolutum est omnibus modis
985 306 1582 342 a parte rei indistictum ab essentia in deo et est adequa
988 339 1591 367 te et conuertibiliter idem illi ex prima q. huius ma
982 366 1595 395 terie igitur si essentia non est eius principium nec
990 395 1585 430 nemoria paterna nec intellectus paternus erit eius
990 421 1584 451 principium nec respectus aliquis puta proprietas per¬
984 450 1592 489 sonalis patris quia vt prius nihil est principium eli
993 480 1595 517 titiuum suumpsius. ⁋ Sed proprietas personalis pa¬
992 507 1590 536 tris et generatio actiua sunt idem omnibus mo¬
991 534 1591 571 dis in re igitur minor patet quia a nullo in diuins
997 560 1594 596 espectu cuiuscunque in diuinis negandus est iste mo
990 591 1589 625 dus ydemptitatis quo est idem sibiipsi nisi quorum
993 621 1593 653 vnum non est aliud sicut est de patre respectu filium
992 650 1586 680 vel de paternitate respectu filiatiois vel huiusmodi vel ni
990 677 1590 712 si quorum vnum est aliquid et reliquum non est illud
995 706 1596 740 sicut de essentia et de paternitate vel de generatio
991 735 1596 767 ne actiua vel de spiratione actiua sed proprietas non
990 762 1591 798 est aliqua res qui generatio actiua sit ista eadem
990 788 1593 821 res econuerso igitur sunt adinuicem idem omnibus
997 817 1599 854 quibus vtrunque sibiipsi. ⁋ Per idem argumentum
995 846 1593 883 probo quod nullus respectus sed etiam quod nullum re
993 875 1595 913 latiuum et nulla persona in diuinis est principium
990 903 1591 939 generationis actiue quod enim nec filius enet spiritus sancto. cer¬
995 935 1595 968 tum est fideli nec pater probo et hoc aliter quam supra
991 960 1597 990 in prima conclusione sic nihil est principium suump¬
998 989 1591 1020 ius seu istius quod est sibi a parte rei idem omni
994 1019 1586 1051 bus modis quibus sibiipsi: sed pater et generatio
986 1047 1588 1080 actiua sunt huiusmodi probo per istud principium
989 1073 1587 1109 a nullo in diuinis negandus est aliquis modus non
993 1102 1591 1136 ydemptitatis qui non vere negetur ab ipso respe
991 1133 1593 1169 ctu suuipsius nisi vnum illorum non sit reliquum
990 1160 1590 1193 vel econuerso nisi vnum illorum sit aliqua res et re¬
988 1188 1597 1222 liquum non sit illa res: sed ita est ode paternitate et
991 1218 1595 1250 oe patre vel oe patre et generatione actiua igitur
990 1246 1591 1278 conclusio predicta vera licet videatur mirabilis
995 1274 1589 1306 illis qui fixi sunt in ymaginatione ve constitutione
993 1301 1595 1334 diuine persone ex proprietate et essentia sicut viden
993 1328 1591 1364 tur scon. et okam tenere tamen okam in responsio¬
997 1357 1596 1391 nibus tenuit illud quod ego hic tunc apud illos
999 1384 1597 1420 illud principium non esset concedendum a quo hic
991 1411 1593 1443 arguo nisi addita alia particula quam addere ha¬
988 1441 1586 1475 bent isti scilicet vel nisi alterum includat aliquid
996 1469 1583 1502 quod est aliqua res et aliquid quod non est illa
993 1498 1588 1529 res et ita dicerent ipsi de persona quod includit essen¬
991 1528 1593 1560 tiam et proprietatem per essentialiter quorum
997 1555 1593 1593 essentia est aliqua res et proprietas huius perso
994 1587 1594 1622 ne non est proprietas alterius persone nam perso
997 1611 1597 1645 na secundum eos et secundum omnem viam con¬
991 1637 1599 1678 stituitur essentialiter ex proprietate et essentia quae
994 1668 1593 1703 non habent inter se omnem modum ydemptita¬
991 1700 1597 1731 tis quo essentia est eadem sibiipsi secundum eos
992 1723 1595 1760 et quid mirum tunc quod proprietas que est alterum
999 1756 1592 1788 constituentium personas non est omnibus modis
995 1780 1597 1817 eadem toti persone constitute sicut ipsa est eadem
998 1811 1591 1845 sibiipsi. ⁋ Sed quia non vides quod ista via incidat in
995 1832 1595 1871 ymaginationem compositionis persone diuine quia
992 1867 1587 1901 ponit eam constitui et includere hoc et hoc et hu
1001 1894 1592 1925 iusmodi et ego non reputo hoc ponendum sed po
999 1922 1587 1955 tius volo sustinere personam esse eque simplicem
992 1952 1542 1987 sicut essentiam vel personalem proprietatem.
996 1979 1597 2015 ⁋ Ideo nolo dicere quod persona includat relatio¬
998 2010 1582 2043 nem et essentiam de virtute sermonis loquendo
997 2036 1592 2071 nec quod constituatur vel resultet ex proprietate et essen
991 2065 1597 2100 tia sed nolo dicere quod est essentia et proprietas hoc
999 2091 1589 2126 idem dico oe proprietate quod ipsa est essentia et ipsa
964 2121 1593 2164 est persona et quod nomen proprium primi suppositi in diuins
