1779 2500
210 251 807 299 et nomen proprium paternitatis illius que deus est
210 293 810 321 et ita de aliis sunt synonima. ⁋ Et huius ratio supe¬
206 317 810 352 rius tacta est simul cum medio remouendi a diui
213 349 802 383 na persona omnem constitutionem et compositio
213 381 798 415 nem et resultationem et huiusmodi quanto enim cum ymagina
210 407 807 438 tione perfectiori simplicitatis poterit saluari vni
206 435 806 466 tas omnium que ibi fides docet ponere tanto pulchii
213 461 807 494 us et probabilius talia saluantur omnia autem ar
202 494 803 528 gumenta que sonant oppositum que sonant opposi
200 524 798 555 tum per methaphoram glosanda sunt. verbi gratia
205 548 800 581 in personis et huiusmodi dices contra conclusionem pre¬
205 578 804 612 dictam sicut arguit oka quod licet actiua generatio
209 605 802 641 non sit producta aut originata tum quia ex commu¬
209 634 799 670 ni vsu loquendi omne illud dicitur illicitum esse quod
203 662 795 693 denotat aliquid aliud producere sicut calefactio
200 693 798 728 dicitur elicita ab igne quia ignis a calefactione di¬
201 720 808 751 citur calefacerelignum igitur generatio actiua po
204 749 794 780 terit dici elicita licet ipsa non sit realitas producta
205 777 796 809 vel originata et non est elicita a seipsa igitur ab esse
204 804 802 836 tia qui nihil aliud sibi concurrit preter essentiam et
200 833 794 867 personam constitutam per ipsum generare similiter nos
203 861 794 896 dicimus quod actus creationis elicitur a diuina essen
199 889 795 928 tia et tamen nihil est ibi productum nisi creatura ipsa
198 919 802 951 absoluta igitur eodem modo dici posset quod generatio a¬
199 946 795 979 ctiua est elicita quamuis non sit producta. ⁋ Ad ista non
201 976 796 1007 nego quin methaphisice et abustue loquendo possit
203 1005 804 1035 concedi generationem actiuam in diuinis elici non tamen
204 1031 803 1069 loquendo ad proprietatem sermonis quia iuxta artem
205 1062 798 1096 et regulam anseimi de casu dyaboli cap 12 multa in
201 1089 798 1120 communi locutione dicuntur improprie sed cum oportet me
205 1118 805 1154 dulam veritatis inquirere necesse est improprietatem
205 1147 798 1181 perturbantem quantum res expedit et possibile est cer¬
202 1173 799 1210 nere. ⁋ Ideo cum hic inquiratur veritas rei etc.iam
205 1204 801 1235 congruentie in oppositu adducte nullius sunt momen
199 1234 802 1265 ti falsum est enim quod omnem illud dicitur elicitum quod denotat
197 1262 803 1294 aliquid producere aliud nisi aliquid apud quod deno
201 1289 802 1324 tat sicut res capiens esse et originata a qua accipi
203 1316 800 1348 tur denominatio originantis. ⁋ Quantum ad secundum ar¬
202 1346 797 1384 ticulum dico quod potentia generandi potest dupliciter ad
204 1376 803 1409 cipi vno modo pro principio elicitiuo generationis
201 1404 801 1436 actiue quod vocatur communiter principium quo respectu
200 1431 805 1462 huius generationis eliciende et patet ex praecedenti arti¬
204 1460 797 1495 culo quod in diuinis non contingit reperire potentiam
203 1489 802 1523 generandi ad istum. sensum loquendo. ⁋ Aliter potest
200 1517 797 1550 accipi pro illo quod generat vel quod generare posset
206 1547 802 1578 ita quod isti termini conuertantur potens generare et
202 1575 798 1608 potentia generandi non distinguendo potentiam con
205 1606 804 1636 tra actum et isto modo pater in diuinis est potentia
201 1632 799 1665 generandi et etiam similiter essentia nam essentia
203 1663 803 1693 est pater qui posset generare sed secundum praedicationem
199 1686 801 1720 formalem distinctam contra ydemptificam non est di
201 1713 800 1747 cendum quod essentia diuina est potentia generandi quia
201 1746 796 1777 essentia et quodcumque absolutum in diuinis nec gene
200 1776 803 1810 rat nec generare potest ex praecedenti. q. posita. 5 di. nec
200 1802 800 1837 ad istum sensum loquendo vertebatur hoc in dubium
205 1830 802 1863 inter doctores sed tantum ad primum sensum si enim ge
205 1859 801 1890 neratio in diuinis esset elicita et originata tunc esset
203 1888 801 1921 difficultas ex quo essentia est indifferens et indeter
200 1917 800 1945 minata tam ad generationem actiuam eliciendam
205 1943 799 1975 quam ad spirationem actiuam aut determinatur ad hanc vel
202 1974 801 2006 istam per aliquid respectiuum vel per aliquid absolutum
198 2002 795 2036 et dicerem isto impossibili posito quod per seipsum et quod nul
206 2027 803 2061 lus respectus requireretur in ratione determinatiui
204 2058 797 2089 et propinqui potentur vt ita loquar ad istos actus eli
199 2092 802 2122 ciendos quod contra gandensem sufficienter probat hic
205 2114 801 2158 okam di. prima. q. 7 ⁋ Ex his patet ad articulum
838 255 1443 305 quod illud quod per se et formaliter est potentia generam
842 297 1444 328 di est respectiuum seu notionale non absolutum vel es¬
844 316 1582 363 sentiale nisi ydemptitate ad sensum praexpositum. ⁋ Ex 3 articulus.
841 350 1440 387 praedictis patet quid sit dicendum ad tertium quod poten¬
837 382 1436 414 tia generandi in diuinis idem est quod potens generare
836 409 1440 445 ideo si potens generare potest communicari filio tunc etiam
839 437 1435 472 potentia generandi potest communicare filio vel si potens
841 466 1441 500 generare nullo modo possit communicari filio nec potentia
833 496 1443 528 generandi erit sibi communicabilis vtrum autem potens ge
837 525 1433 554 nerare possit communicari filio. Dubium est et videtur quod sic
843 553 1444 583 quia aliquod communicatum vel communicabile filio est potens
836 583 1436 617 generare igitur potens generare communicatur vel est
837 607 1442 643 communicabile filio per conuersionem antecedens patet quia hoc communica
830 633 1441 669 bile vel communicatum filio demonstrata essentia dinina
835 664 1435 701 communi patri et filio est potens generare ipsa enim est pater
839 696 1433 730 potens generare igitur. ⁋ Contra filius non est potens
833 721 1437 755 generare nec esse potest igitur antecedens probatur quia nihil in
839 753 1435 782 diuinis est potens generare vel esse potest nisi quod in
832 779 1435 811 diuinis est pater vel esse potest pater sed filius in diui
830 806 1434 845 nis non est huiusmodi igitur. Maior est nota quia hoc est
830 836 1435 871 in diuinis aliquid communicare quod productum esse illud quod per
835 865 1434 899 productionem originatur et simul cum hoc producens esse
830 894 1440 925 illud. ⁋ Item per omem eundem modum quo potens
836 924 1439 959 generare diceretur communicari filio diceretur generans
837 951 1439 988 posse communicari filio sed generans non posset communicari fi
833 979 1434 1016 lio quin filius esset generans sed hoc non videtur
834 1007 1443 1041 posse concedi quod solum in diuinis est generans vt vi
833 1032 1435 1069 detur quod in diuinis est pater sed filius nec est pater
829 1066 1436 1099 nec esse potest. Uidetur mihi ad ponens dicendum quod
835 1090 1433 1123 licet talia adiectiua notionalia et etiam substanti
837 1120 1438 1157 ua notionalia vt ista nomina pater et filius secundum
824 1145 1433 1184 doctorem di. 5 primi. q. prima et alexander in sum
835 1177 1443 1208 ma vt ibidem allegat sco sumi possunt adiectiue
830 1207 1431 1238 et substantiue. verbi gratia vt si dicerem generans et
832 1236 1431 1266 genitum et talia substantiue sumpta vere affirmantur
826 1264 1434 1302 de essentia et non adiectiue sumpta. Et ideo ipsi ex
837 1290 1428 1325 proprietate grammatice non permittuntur stare nisi
837 1319 1442 1355 altero istorum modorum tantui: si tamen hoc est possibi
835 1346 1435 1381 le tunc planum est. Quid sit dicendum ad tales. ver
837 1377 1431 1411 bi gratia si dicitur quod essentia diuina est genitus ni¬
829 1402 1438 1437 hil esset dictu nisi praedicatum sumeretur pro filio ideo
833 1433 1434 1462 absque distinctione esset concedenda et hec absque di¬
834 1461 1439 1494 stinctione neganda essentia est genita si sermo deter¬
832 1489 1440 1520 minet praedicatu stare adiectiue sed hec essentia est
832 1519 1432 1554 genitum esset distinguenda. ⁋ Et sic patet quid sit
831 1550 1435 1578 dicendum licet enim ista adiectiua notionalia gene
833 1578 1431 1610 rans et potens generare sic et sic sumi possunt tamen
837 1605 1434 1635 videtur mihi quod quando sumuntur substantiue etiam su¬
830 1632 1440 1663 muntur pro supposito ita quod iste sit sensus sumpto pre¬
832 1661 1441 1698 dicato substantiue hoc est generans id est hoc est suppositum
837 1688 1442 1721 quod generat et hoc est potens generare igitur hoc
829 1717 1435 1749 est suppositum quod potest generare et ad hunc sen
829 1744 1434 1779 sum et nullum alium coceduntur tales essentia est ge¬
828 1773 1433 1808 nerans essentia est potens generare et ratio est quia
835 1802 1435 1838 substantiua notionalia de quibus concedunt do¬
839 1832 1436 1866 ctores quod possunt sumi adiectiue et substantiue. ver
832 1858 1432 1893 bi gratia pater et filius vt supra per doctorem subo
830 1889 1438 1918 distinctione quinta quando sumuntur substantiue pre¬
839 1916 1437 1950 cise sumuntur pro supposito vt sit sensus essentia
837 1947 1441 1979 est pater filium vel patris filius igitur hec essentia
831 1974 1432 2010 est hoc suppositum vel istud igitur similiter erit de
834 2002 1437 2040 notionalibus adiectiuis substantiue acceptis sic et
834 2028 1441 2074 et sic tamen supponentibus assumptum probatur quia alio¬
835 2060 1439 2092 quin hec haberet sensum verum pater est filius
831 2087 1437 2123 nam si subiectum vel predicatum substantiue staret
835 2120 1440 2166 pro omni eo quod non est pater et non precise pro supposita
