1771 2500
323 240 918 292 quod est pater cum idem quod est pater sit filius sed
326 284 919 326 hec fides ecclesie non admittit. ⁋ Item non video
318 320 916 353 quod fides ad aliquem sensum concedat quod in diuinis
320 346 918 384 generans sit genitum aut econtra et tamen illuo
323 375 918 408 quod est gignens est genitum. Ex istis sequitur re
332 401 919 440 ponsio ad dubitationem. ⁋ Constat enim quod po¬
326 424 928 465 tens generare adiectiue sumptum repugnat es¬
329 460 924 493 sentie cum essentia non possit generare et substan
328 484 923 521 tie sumptum stat precise non supposito quod pos¬
325 514 921 551 set generare et non pro omni eo quod est potens
323 546 920 582 generare vt iam declaratum est igitur sequitur quod
330 570 891 610 potens generare non posset filio communicari
333 602 925 636 ⁋ Ad argumentum in contrarium conceditur an¬
334 625 928 663 tecedens sumpto predicato substantiue et negatur
328 653 922 689 consequentia sumpto predicato consequentis scilicet li
332 688 927 721 communicabile adiectiue nec sic valet conuersio be
332 714 927 749 ne tamen valet sumpto ly communicabile substan¬
329 740 934 773 tiue vt sit sensus potens generare est res communicabi¬
336 767 927 807 lis filio et hoc est verum quia potens generare es
336 795 924 833 essentia communicabilis filio. Sed contra ista est dubii
340 829 932 860 reale videtur enim quod filius vere posset generare
334 852 925 888 sicut et pater igitur filius est vere potentia genera
340 880 933 919 di et non est potentia generandi nisi per hoc quod
334 912 930 950 producitur a patre igitur potentia generandi sibi
335 941 929 974 communicatur a patre assumptum. probatur per ai
331 965 928 1005 gumentum heretici in littera di. 7i e. quia aliter
335 994 936 1036 pater esset potentior posset enim generare quod
330 1027 931 1057 non est filius. ⁋ Item secundum augustinum et po¬
331 1052 935 1088 nitur in littera filius non generat non quia non po¬
333 1083 930 1117 tuit sed quia non oportuit. Item tunc aliquid posset
336 1108 936 1147 pater quod non potest filius igitur filius non esset
333 1134 934 1170 omnipotens sicut pater. Item plus est posse gene
334 1160 932 1204 rare filium quam posse creare mundum sed non posse
328 1193 938 1228 creare mundu inferret filium non esse omnipotentem
337 1221 943 1255 igitur multo fortius non posse generare filium hoc in¬
333 1255 938 1287 fert. ⁋ Item quod filius creatus posset generare ponitur
333 1279 934 1313 a philosopho perfectionis esse scilicet posse producere sibi simile
337 1309 942 1341 igitur hoc non est negandum a filio increato. ⁋ Item
339 1340 936 1371 si generatio actiua non esset communicabilis filio aut hoc
340 1366 936 1398 est quia in filio est opposita relatio et tunc saltem esset
339 1391 940 1429 communicabilis ss t it spiritu sancto posset generare aut hoc esset
337 1425 932 1456 quia de se esset incommunicabilis sed non videtur quia quari
344 1450 939 1485 plus repugnaret sibi de se communicari quod spirari actiue
341 1476 936 1516 ⁋ Item communicare non repugnat sibi ratione perfectio
339 1502 938 1544 nis quia tunc repugnaret essentie nec ratione imperfe
339 1535 920 1567 ctionis quia tunc repugnaret spirationi actiue.
344 1557 937 1602 Item quomodo posset suppositum esse perfectum vel
332 1586 939 1631 habere pricipium perfectum producendi et immedia¬
338 1624 939 1658 tum nec impeditum nec exigens passum quin isto
336 1653 941 1687 principio possit producere non enim videtur potentia
340 1680 939 1714 producendi excludi ab aliquo actiuo nisi propter
337 1705 945 1742 defectum alicuius istor vt patet inductiue. ⁋ Item
341 1735 939 1770 in quocumque est generatio actiua illud posset genera¬
339 1768 937 1798 re sed in filio est generatio actiua quia generatio
336 1795 938 1830 actiua filium est actus transiens non immanens quia tune
340 1819 945 1853 actio et terminus essent in eodem sed actus transiens
344 1846 943 1881 est in termino producto vel receptiuo termini et ter
344 1881 938 1912 tio phisicorum. ⁋ Ad illud dubiu conclusio est certa
339 1902 941 1939 secum fidem. quod filius in diuinis non potest genera
335 1932 941 1966 re et est ratio augustini ad hoc que ponitur in litte
344 1965 939 1997 ra quod tunc essent infiniti filium in diuinis. quia qua ra
344 1990 938 2028 tione iste filius posset generare eadem ratione fi
338 2018 950 2054 lius fili scilicet quia alias non esset eque potens cum
341 2047 944 2079 suo patre et sic in infinitum. sed in perpetuis non
341 2076 945 2110 differt esse et posse. ⁋ Ad primam instantiam dicitur
345 2102 942 2147 nego antecedens ⁋ Ad probationem primam respondet sco.
949 248 1561 288 sufficienter respondendo ad principalem questio
955 287 1571 318 nem istius distinctionis 2o. li. primo. vtrum perso
952 312 1567 350 ne diuine sint equales secundum potentiam et iacobus de
955 344 1561 378 esculo in quolibeto suo. q. quinta et okam distinctio
955 372 1569 404 ne 2o. 3 articulo eiusdem. q. et similiter ad tertium et
957 398 1570 434 quartum idem quere in eis. ⁋ Ad secundum respon
956 431 1572 461 det sco in reportatis parisien. li. primo di 7 q. 2
962 455 1577 490 quod cum dicitur filius non genuit no quia non potuit sed
957 488 1567 515 quia non oportuit ibi accipitur negatio infinitans
961 516 1568 545 vt sensus sit non quia non potuit id est quia non fuit impotens
962 538 1578 573 et causa quare posuit negationem est quia hoc infini
957 571 1571 603 tumin potuit no est in vsu. ⁋ Et concordat glosa ma.
959 596 1576 629 d non ex impotentia non fuit. ⁋ Ad quintum dico quod posse
962 629 1575 662 producere simile est signum perfectionis supplen
960 658 1570 690 tis imperfectionem in his que non possunt semper
967 679 1577 713 eadem numero permanere et talis perfectio op¬
968 714 1569 748 ponitur orbationi ad modum quo visus opponitur
968 739 1579 774 cecitati et sic dictum philosophy non habet locum in propo¬
969 764 1579 801 sito. ⁋ Ad sextum dicitur quod quecumque ratio sit quare pater
968 795 1578 828 non est communicabilis eadem est quare generatio actiua
972 827 1581 854 et paternitas non est communicabilis quia sunt omnibus mo¬
967 851 1577 885 dis idem adinuicem et ideo sicut pater de se est in communi¬
972 882 1578 914 cabilis sic et ista generatio etiam ymaginando iuxta
966 908 1580 946 communem viam quod generatio actiua non esset omnibus modis idem
975 938 1579 972 cum patre quibus sibi ipsi tunc licet i spiritu sanctus non sit oppo¬
965 963 1577 997 sita relatio generationi actiue quia ci. spiritus sancto presuppo¬
973 995 1578 1028 nit origine aliquid constitutum relatione opposita
968 1023 1581 1053 i. generatione passiua tanquam principium et comprincipi¬
965 1053 1576 1083 um suum et nihil potest suum principium producere
968 1082 1576 1118 plusquam seipsum ideo generare filium no plus potest communi¬
971 1109 1577 1142 capt spitus sanct quam ipsimet filio. ⁋ Ad septimum dico quod non
972 1139 1581 1168 oportet alteri istorum modorum sibi repugnare.
976 1165 1585 1201 ⁋ Octauum est magne difficultatis apud scotum
970 1195 1575 1228 et illos qui ponunt generationem actiuam elici es
973 1226 1581 1258 originari et ipsi soluant illud et ego non pono in fi¬
970 1251 1585 1287 lio principium elicitiuum istius generationis nec
977 1280 1579 1313 etiam in patre. ⁋ Ad nonum si loquaris de inesse
974 1311 1583 1343 per circumincessionem maior est falsa si aliter mi¬
975 1336 1575 1367 nor est falsa. ⁋ Ad probationem dicitur quod genera
972 1364 1581 1396 tio actiua patris est met pater et ideo non est tran¬
974 1392 1579 1429 siens formaliter sed bene orginaliter quia scili¬
975 1420 1577 1456 cet est originatio termini non immanentis gene¬
975 1450 1585 1487 ranti nisi substantialiter et per circumincessionem
975 1481 1581 1510 tenendo autem opinionem supra tactam de gene¬
975 1509 1581 1543 ratione actione quod sit passio vel productio vel ipsm
974 1538 1572 1571 productum tunc diceretur quod generatio in diuinis
971 1566 1573 1600 est ipse filius capiens esse a patre et secundum hoc
974 1594 1580 1627 generatio sic dicta esset productio actio etiam for¬
978 1622 1581 1651 maliter transiens suppositaliter non substantia¬
972 1650 1581 1681 liter. ⁋ Ad argumentum principale responsum est
970 1682 1579 1716 supra preter quam ad auctoritatem damascentur
974 1709 1581 1743 quam glosa sicut facit ma. omnes auctoritates quae
975 1739 1583 1769 videntur sonare quod substantia vel essentia generet
978 1765 1576 1800 id est paterquia substantia ita dicam quod generatio ost opus na¬
976 1794 1586 1830 ture id est patris qui est natum transitiue id est pro¬
979 1822 1577 1855 ductum patris ita quod intelligitur de generatione
970 1855 1578 1886 que est filius non de generatione actiua vel pro¬
975 1877 1583 1909 ductiua filium vel aliter est opus nature id est non li
977 1906 1577 1937 beri arbitrii libertate contingentie quia ista ge¬
972 1936 1577 1984 neratio ponitur naturalis et non contingenter li
973 1963 1075 2004 bera etc.
1165 2045 1387 2103 ⁋ Questio sexta.
