1767 2500
338 249 928 312 nalitas et quodlibet quod deus est per se primo mo
341 299 931 337 do est deitas. ⁋ Sed positio ista potest vlterius te¬
343 326 927 368 neri secundum. duplicem viam vel sed istam quae ponit quod omnis di
346 355 930 396 uina personalitas est essentialiter et per se primo
338 381 935 420 modo producens vel producta vel productio vel
336 410 937 449 secundum viam que ponit quod bene quelibet diuina
341 437 931 482 personalitas vere et realiter est productio actia
343 473 930 506 vel passiua paternitas filiatio vel passia spiratio
347 497 934 534 ita vere et realiter sicut sol producit lumen i medio
349 522 935 560 vel sicut deus creat et gubernat mundum vel etiam
341 551 936 586 actiua productio et conleruatio mundi non tamen per
341 580 934 621 se primo modo quamuis hec sit per se primo modo
348 611 940 644 est pater est filium pater et diuina paternitas vel filia
349 639 931 677 tio est per se primo modo relatio vel prodnctio se
348 666 934 704 cundum istam viam secundam non est difficile euacuare
345 691 938 729 argumenta posita ad primam partem presentis dubii
351 725 940 758 secundum viam primam communionem est hoc difficilius
373 751 944 790 ⁋ Ad primum concedo quod generatio actiua est per se
357 777 930 813 primo modo a quamuis ipsa propositio qua hoc pro
350 809 938 845 fero non sit vera per se primo modo etiam concedo se
348 834 940 869 cundum viam primam quod paternitas est essentialiter et
352 864 938 904 per se primo modo relatio a dsditu sanctu s quod paternitas
361 892 942 926 vel generatio actiua filum sit essentialiter spiratio
359 921 945 955 actiua snto vel a. ⁋ Sed secundum opinionem secun
361 950 945 985 dam quam tenerem si liceat neganda est consequentia quia
355 976 943 1012 nec diuina paternitas esset per se primo modo spi
351 1003 948 1043 rati spiritu sanctus nec a esset secundum istam viam per se primo
349 1031 947 1067 modo spirati spiritus sanctus nec a sed solum sequitur quod pa¬
349 1061 940 1097 ternitas vere et realiter et necessario est relatio
349 1084 946 1126 a spitu sanctus sicut vere est spiratio actu spitus sancto ⁋ Et cum infer
358 1112 940 1155 tur quod tunspiritus sanctus generaretur negatur consequentia se
355 1142 943 1181 cundum vtramque viam quia licet per istam rem que est
355 1170 946 1212 generatio producatu spiritu sanctuo ista tamen res non est gene
352 1203 949 1238 ratio respeci situ sancto sed respectu filum ymo ipsa respe¬
351 1227 946 1268 ctu. ss est spiratio actiua et respectu filium generatio
354 1259 948 1297 actiua nec etiam ista propositio generatio actiua
357 1285 949 1320 est spiratio actiua est vera secundum predicationem
353 1313 952 1351 formalem sed solum secundum ydentificam quantumcun
353 1345 957 1379 que b. sit. a. per se primo modo quia predicatum et
361 1373 950 1409 subiectum non supponunt pro eodem. Et per idem per
356 1392 950 1437 quod non sequitur est filius esset spiratus ⁋ Ad secundum
358 1430 951 1463 conceditur secundum primam viam quia hec est per se
356 1458 948 1497 primo modo generatio actiua et etiam passiua est spi
364 1487 950 1520 ratio actiua et si hec sit per se primo modo spiratio
368 1515 946 1548 actiua est spiratisponit sancto vbi exprimitur terminus spi¬
362 1543 945 1576 rationis tunc etiam hec erit per se paternitas est spi
361 1568 951 1607 ratso actiua spitu sancto secundum eandem viam ponentem perso¬
365 1594 955 1630 nas esse per se primo modo relatiuas et ita coce¬
361 1625 955 1661 deretur conclusio ista istius argumenti vsque illuc ex
358 1657 951 1693 clusiue igitur sicut sipiratio actiua opponitur etc.
361 1680 955 1718 et negaretur talis consequentia sicut enim non sequi
362 1709 952 1743 tur paternitas est deitas per se primo modo et dei
369 1737 954 1773 tas est eadem filiationi ita nec in proposito sequitur
363 1761 955 1803 filiatio est spiratio actiua per se primo modo et spi¬
362 1792 950 1828 ratio actiua opponitur spirationi passiue igitur fi¬
363 1825 953 1858 liatio opponitur spirationi passiue. ⁋ Sed bene
365 1849 948 1887 sequitur quod filiatio sit spiratio opposita spirationi
368 1880 946 1918 passiue opposita inqua relatiue. ⁋ Ad tertium ne
366 1904 956 1945 gatur antecedens et conceditur quod generatio acti
368 1933 950 1975 ua est origspritus sancto s non sequitur generatio actiua non
365 1963 950 2002 est generatispoiritus sancto sed tantum filium igitur non est ori¬
366 1991 954 2031 p.spritus sanctus sed tantum filium ymo est ibi fallam consequentis
370 2019 953 2059 ⁋ Ex hoc confirmatur ad precedens argumentum
366 2046 950 2083 respondeo quod non sequitur filiatio est relatio vel spi
370 2073 949 2111 ratio opposita spirationi passiue igitur filiatio op
368 2101 957 2147 posita sibi nec sequitur negatiue non est filiatio op¬
973 253 1562 302 posita spirationi passiue igitur non est relatio vel spi
965 296 1555 334 ratio sibi opposita. ⁋ Ad quartum concedo primum
963 327 1559 359 quod infertur sed minonem post additam illi conclu¬
973 350 1561 387 sioni quo ad secundam partem nego cum dicitur non
963 374 1571 414 sic autem conceptus simplex generationis actie vel
972 409 1568 446 passiue quia secundum primam viam proprietas prime
967 439 1540 475 persone est essentialiter relatiua vel productio.
988 469 1558 500 Et ego secundum hoc consequenter dicerem quod
976 493 1569 527 ipsa ita essentialiter est spiratio actiua respectu. si.
969 521 1571 561 sicut ipsa est generatio actiua respectu filium. ⁋ Se¬
969 548 1566 585 cundum autem viam que non poneret personas diui
973 577 1574 614 nas etiam per se primo modo relatiuas adinuicem
974 611 1572 642 parua vel nulla esset de hoc difficultas. ⁋ Ad quin¬
969 632 1570 667 tum negatur quod generatio actiua non sit spiratio a
974 666 1579 697 ctiua quia pari ratione ipsa spiratio non esset filia
976 692 1570 727 tio et constat quod ipsa non est spiratio passiua quia illi
979 721 1579 755 opponitur igitur forent quattus: res in diuinis
972 745 1574 782 abinuicem distincte contra decretum. ⁋ Ad proba
978 781 1579 811 tionem suam cum dicit quod neutra est infinita illud nega
975 804 1577 838 tum est superius bene tamen concedo huic docto¬
983 829 1573 865 ri quod spiratio actiua non est conuertibiliter et adequa
976 861 1578 894 te idem generationi actie cum ipsa sit aliquid puta
975 889 1579 928 filius et generatio actia non est ipse filius iterum
978 920 1573 952 concedo sibi quod spiratio actia non constituit patrem
976 944 1575 979 in diuinis et tamen pater ita essentialiter et intri
983 972 1571 1006 sece et per se primo modo est generatio actiua vel
973 1000 1576 1038 spiratio actiua sicut si spiratio constitueret patrem
980 1029 1575 1062 vel multo essentialius vel simplicius et ideo eque
974 1057 1575 1091 necessario et ita intrisece exigit pat spiritus sanctu sicut fili.
979 1087 1575 1121 um licet non ita proprie quia personalitate proprea
985 1112 1580 1152 patris exigit filium sed notione siue relatione sibi
986 1142 1572 1178 communi et filio exigit ss ⁋ Et per hoc respondetur
976 1168 1579 1204 difficultati quorundam contra seco que non procedit
984 1199 1575 1235 contra ista qua arguiter quod pater non ita essentialiter exi
978 1227 1573 1263 gert spiritus sanctus sicut filium si pater constitueretur per ge¬
977 1251 1581 1293 nerationem et non per spirationem actiuam. ⁋ Ex predi
974 1280 1580 1317 ctis sequitur primo quod pater et filius non distiguntur
982 1313 1578 1355 personaliter sed tantum notionaliter a spiritu sancto. sx hoc
980 1336 1581 1373 so o quod sunt spiratio actia illo enim distiguitur filius
981 1363 1578 1404 spiritu sanctus quo formaliter est persona filium quia idem est prin
980 1388 1585 1428 cipium essendi et distiguendi sed non precise per spi
983 1423 1579 1458 rare actiuum est filius persona filium quia tunc est pater
983 1450 1572 1484 esset persona filium sicut nec precise per essentiam est
984 1478 1574 1518 persona filium licet enim nullo alio ab essentia vel spi¬
982 1505 1577 1541 ratione activa sicut filius persona filum satis preexi
982 1534 1578 1571 stit declaratum. Secundo sequitur quod filiatio suffici
981 1559 1578 1597 enter distiguit filiuma spiritu sancto personaliter quia filiatio
989 1593 1574 1625 vt patet ex predictis est perfecta filum personalitas
984 1621 1584 1658 quia icludit quidditatiue siue est per se primo modo tam
987 1647 1568 1682 essentia quam spiratio activa quam est generatio passiua¬
991 1665 1592 1724 ⁋ Tertium dubium de isto quod tangit primum at 3 dubium.
988 1710 1564 1743 gumentum principale ad oppositum q. An scilicet per
988 1736 1581 1766 omnia sicut pater et sict spiritus sanctus sunt vnum principium cre
984 1759 1580 1793 ature ita pater et filius sunt vnum principium spiritus
989 1788 1579 1822 scti quam dubitationem tangit okam questione prima
989 1819 1575 1852 huius di. ar. 3 et dicit simile esse in hoc quod ex vna par¬
987 1848 1572 1881 te pater et filius et spiritus sanctus vere et realiter sunt vnum
990 1873 1574 1913 princinpium creature et ex alia parte pater et filius
994 1904 1576 1939 ipsiusits sanct es in hoc est difficile secundum eum et bene
988 1930 1579 1967 quod pater et filius t spiritus sanctuo sunt vnum principium crea¬
986 1963 1585 1994 ture quia sunt essentia denia que est vnum principium cre¬
988 1984 1578 2024 ature et non vnum principium notionale sed pater
987 2012 1577 2046 et filius sunt respect spitus sanctuo vnum principium notiona¬
993 2040 1588 2077 le scilicet spirator vel spiratio actiua quod principium.
993 2072 1583 2104 vocat ipse vnum principium constitutiuum ex essentia
988 2099 1583 2146 et spiratione actiua. ⁋ Alia differentia est quod pater
