1797 2500
203 238 811 288 et filius per se primo modo spirant sed pater et fi
201 285 807 318 lius et spiritus sanctus non per se primo modo creant
218 316 801 348 ⁋ Sed quod preter hoc ponit quod pater et filius sunt vnum
204 346 803 378 principium essentiale elicitiuum spirationis acti
200 373 796 409 ue vel etiam passiue non est verum sed oppositum pro
207 401 798 432 batum est in questione prius posita pro di 7 quod est
204 428 795 460 dicit quod pater et filius sunt vnum principium vere
203 456 801 491 spiransitu sanc quod non est formaliter essentia diuina
202 485 800 520 falsum est vt patet ex predictis licet essentia non sit
198 512 792 549 formaliter illud principium ⁋ Quarta dubitatio
200 545 795 577 est de hoc quod tangit argumentum secundum ad
196 574 798 604 oppositum questionis An pater et filius spirent
196 602 797 636 inquantum sunt vnum vel inquantum sunt disticti
199 624 793 665 cui sufficienter respondet okam logice distinctio
198 658 791 691 ne ista. q. 2 ar. 2 responsionis proprie et in logica
199 685 795 720 secunda parte cai. 16 quibus suppositis negandum
189 713 798 746 esset et etiam concedendum quod pater et filius inquantum
199 741 798 774 sunt hoc vnum scilicet spiratio actiua sed arguendo ab
193 771 797 807 ista igitur inquantum est vnum est fallatia consequen
192 801 797 833 tis quamuis Canon dicat quod hoc non sit plus ad propo
197 828 792 864 situm quam rome. ⁋ Ad relationes principales vtri¬
195 854 797 892 usque partis patet quid sit dicendum preter illud quae
195 889 797 920 aguiteur quia qua ratione essentia communis non generat
192 914 788 951 pari ratione realitas ista communis patri et filio
195 941 792 978 non spirat et est dicendum quod non est simile causa enim
194 970 795 1005 non tenet hic quae ibi essentia enim non potest ibi gene¬
195 1002 788 1032 rare quina genitum distiguetur ab ea in proposito au
191 1031 798 1060 tem res in diuinis spirata realiter di stiguitur ab
192 1058 797 1090 ista notione communi patri et filio quam concedo spira
192 1080 796 1118 re igitur etc. hic videtur ymaginari quod sicut essentia
191 1113 796 1144 est res communis tribus personis ita spiratio acti
190 1135 793 1173 ua seu spirator est res communis duabus quiam ipsa
190 1167 790 1202 et pater filius coniunctim et vterque eorum diuisim
191 1197 794 1230 et est etiam essentia diuina et sicut propter essentiam
195 1228 792 1258 non oportet ponere quartam rem distinctam a tri¬
195 1253 793 1288 bus personis ita nec propteri stam spirationem acti¬
187 1283 792 1316 uam et licet iste modus loquendi satis communiter te
190 1307 793 1345 neatur tamen modus loquendi gregorii videtur pla¬
187 1344 790 1373 nior di. 12 vbi concessit quod pater et filius sunt duo
188 1372 796 1403 principa spitu sanctus duo spiratores et tamen secundum
185 1399 797 1430 decretum ab eis procedit spiritus sanctus amquaem ab vnico princi¬
190 1424 786 1461 pio vnica spiratione ita quod lytamquam dicit similitudi
186 1453 797 1487 espiritus scnt siritus sanctuo omnino similiter et eodem modo proce¬
186 1484 787 1517 dit a patre et filio ac si solum ab vno principio pro
190 1509 792 1546 cederet et spiratio qua pater spirat est omnino si
184 1538 791 1586 milis spirationi qua filius spirat et sic patet quid
185 1565 583 1607 sit dicendum ad questionem 34.
468 1598 802 1657 Etauo circa disti
471 1648 786 1689 ctionem trigesimam tertiam
470 1680 790 1717 Quero etiam pro di. 36 et
471 1708 788 1750 17. ⁋ Utrum persone diuine primo
467 1736 793 1772 et adequate distinguantur
470 1769 786 1800 abinuicem seipsis Uidetur
477 1798 791 1832 quod non quia persone diuine
473 1822 789 1859 nullo modo distinguuntur igitur
412 1848 782 1890 antecedens probatur quia si pater
192 1881 795 1922 distingui sio vel igitur finite vel infinite vel
185 1912 781 1944 nequer nec sic si finite tunc patris a filio distinctio
190 1942 788 1974 esset finita distinctio et hoc non quia ista distinctio
182 1966 794 2002 non est nisi ipsemet pater vel aliquid in patre et nihil
187 2000 786 2035 tale est finitum cum omne tale sit deus et per conse¬
186 2033 780 2061 quens infinitum alioquin aliquid quod est deus
186 2056 781 2086 possit annihilari quia omne finitum est annihila
190 2082 786 2115 bile nec infinitum quia tunc nulle res in mundo tan
187 2109 787 2151 tum distinguerentur vel saltem non magis distigue
839 240 1440 295 rentur quam quaelibet persona a qualibet. Falsitas patet quia
840 290 1445 324 persone sunt essentialiter idem et creature differt
836 319 1438 351 inter se et a deo non tantum suppositaliter sed eti
833 348 1438 380 am essentialiter igitur etc. Probatur si esset vnus
837 378 1438 411 alius deus per omnia consimilis deo nostro isti di
830 403 1434 434 stinguerentur abinuicem vel igitur plusquam pa¬
833 432 1435 465 ter a filio vel equaliter vel minus non minus communitat
827 457 1437 497 si equaliter tunc cum propter magnitudinem disti
833 491 1435 525 ctionis ipsorum ipsi essent diuersi dii igitur et mo
837 517 1438 553 do pater et filius propter suam infinitam distinctio
827 548 1444 581 nem adinuicem essent diuersi dii consequens est contra
836 574 1439 606 fidem: si magis distinguerentur igitur pater et filius
826 604 1441 640 non distiguuntur abinuicem distincte quod erat pro¬
835 631 1435 664 bandum nec potest dari tertium quod neque sic ne¬
831 663 1435 696 que sic quia distinctio patris a filio est ipsa deitas
828 689 1432 719 vel proprietas personalis patris et quodlibet isto
831 719 1432 749 rum est perfectio infinita Secundo probatur quod non
834 745 1433 779 seipsis primo distinguuntur quia conueniunt in ali
828 776 1441 809 quo eodem reali ipsis communi scilicent in essentia que est
833 801 1431 835 omnes ipse igitur non seipsis primo distinguuntur
836 831 1434 866 probatur pater aliquo sui non distinguitur a filio
830 863 1443 896 et aliquo sui distingusitur a filio vt patet de deita¬
830 889 1435 920 te et paternitate igitur. ⁋ Item sicut arguit scotus
827 919 1445 953 di. 20 contra opinionem prepositiui quecumque non
833 945 1432 982 sunt diuersa primo aliquo sni distiguitur sed per
831 974 1430 1005 sone diuine non sunt primo diuerse quia sunt eiusdem
829 1003 1437 1038 essentie igitur maior est nota quae quia se tot distiguum
827 1030 1439 1061 tur sunt primo dinersa si enim non sunt primo diuer
831 1057 1435 1092 sa sed aliquid idem entia tunc non eo vel eis distin
826 1087 1441 1126 guuntur quo vel quibus sunt idem aliquo vel ali
829 1116 1311 1144 quibus quo vel quibus non sunt idem.
842 1133 1428 1180 ⁋ Item plures proprietates sunt in eadem persona
831 1172 1433 1206 sicut in patre innascibilitas et generatio actiua et
827 1200 1429 1232 iste distinguuntur secundum augustinum quinto de
830 1229 1435 1259 tri. ca 7 vbi vult quod si pater non esset ingenitus pos¬
831 1257 1430 1288 set tamen esse pater et econuerso si filium non genuis
829 1286 1435 1325 set nihil prohibent eum dicemn esse ingenitum igitur ml
831 1313 1425 1347 tiplex est proprietas qua pater distinguitur a filio
827 1345 1420 1377 ita quod non primo se toto Item in patre est generatio
823 1373 1429 1405 actiua et spiratio actiua et speratione actiua non
820 1400 1422 1429 differt pater a filio sed aliquo quod est in eo et a¬
830 1427 1429 1460 liquo non. ⁋ Et confitmatur quia si nulla esset di¬
824 1456 1420 1491 stinctio inter proprietatem et personam non posset vna
824 1487 1420 1520 proprietas esse due persone nec in duabus nec vna
822 1519 1424 1550 persona posset esse due proprietates seu in vna due
818 1541 1423 1577 etc. ⁋ Oppositum argui potest per hoc quod omnis per
815 1565 1427 1605 sona diuina est summe simplex secundum decretum
823 1600 1427 1630 in primo ar. p. q. huius materie allegatam. ⁋ Si¬
825 1629 1429 1664 plex autem omnino a quocumque distinguitur primo se
829 1655 1429 1693 ipso distinguitur probatur pater sua personali pro
826 1684 1431 1718 prietate distinguitur a filio sed proprietas persona¬
824 1712 1427 1745 lis patris est ipse pater dicente anselmo de incar¬
820 1741 1422 1776 natione verbi ca. secundo persona patris est deus est quod
828 1769 1414 1807 commune est illi cum filio et pater est quod est proprium
824 1802 1416 1834 et consequenter dicit simile de filio etc. ⁋ Sed leui¬
827 1827 1419 1861 ter respondetur hic quod non vult dicere quod pater sit pro
822 1856 1420 1892 prium patris sed quod hoc est sibi proprium quia ipse
821 1890 1425 1919 est pater. ⁋ Sed hec responsio licet euacuet hec
827 1913 1421 1946 verba non tamen sequentia vbi dicit. ⁋ In his igitur
824 1943 1426 1976 duabus personis vnum est commune id est deus et duo
822 1971 1425 2006 propria que sunt pater et filius et certe hec aucto
824 1999 1422 2033 ritas facit pro vtraque parte q. ⁋ Item hieronimus
825 2027 1423 2057 secundum quod allegat ma. 25. di. primi libri ca.
819 2056 1423 2092 vltimo et di. 33 capitulo primo Dicentes inquit
822 2082 1416 2117 aliam personam patris aliam filium alia spiritu sanctus sse per
824 2111 1428 2159 sonam non nomina tantum sed etiam proprietates nomim
