1776 2500
218 203 812 259 culpa mortalis habita ista gratia vitari potest di
216 254 813 292 cens quod ista impotentia prouenit ex peccato origi¬
212 283 804 320 nali quod manet in renatis quantum ad penam.
214 306 809 351 licet non quantum ad culpam. ⁋ Contra nulla pe¬
217 338 812 370 na iuste remanet deleta culpa. Item originali so¬
211 362 809 404 lum debetur pena damni igitur. Pro istis dubiis
219 395 809 435 pono aliquas conclusiones. ⁋ Prima quod eodem
216 426 812 458 actu creato potest videri verbum et creatura quia
210 446 803 489 sancti dicunt quod creature a beatis videntur in ver
214 476 802 517 bo et non solum sicut inlumine nec sicut in ymagi
214 506 810 548 ne nec quouis alio modo cognitionis alterius ra
211 534 798 576 tionis ab omni cognitione vespertina sicut de quo
215 560 809 603 libet in speciali posset argui si daretur licet cogni¬
208 591 805 634 tio matutina et vespertina sint eiusdem rationis
215 620 809 658 quo ad hoc quod sicut vespertina sit per species sic
202 644 807 688 matutina per essentiam diuinam pro vt habet vi¬
202 678 807 708 cem speciei cum inter se et intrinsece et specifice
212 702 804 740 differunt et sunt diuersarum rationum. ⁋ Item si
205 732 801 773 non maxime esset ex hoc quod distinctarum rerum co
203 761 799 795 gnoscibilium sunt distincte cognitiones sed hoc
206 791 802 825 non oportet quia licet vt communiter distincte pos¬
204 815 802 852 sunt haberi vt vult anselmus deli. ar. ca. septimo
207 844 798 884 tamen non semper oportet quod eodem actu sciendi
197 873 792 913 scitur conclusio et premisse demonstrationis alias
207 901 797 948 enim scientia contingenter esset scientia contra
204 930 802 971 aristotelem septimo methaphisices particula 33
196 954 795 1001 dicentem non contingit scientiam quandoque sci¬
206 986 797 1032 entiam quandoque ignorantiam esse. Item sicut pa
205 1016 792 1057 tet per doctorem communem parte prima. q. 5 5
196 1044 790 1086 articulo 33 illa que representantur per plures
203 1068 795 1116 scientias in angelo inferiori representantur per
195 1100 795 1143 pauciores in superiori igitur per vnam speciem pos¬
200 1125 794 1169 sunt representari plura simpliciter distincte igitur
199 1157 797 1198 potest hoc fieri per vnum actum. ⁋ Item vna dile
203 1186 789 1225 ctione que est actus vtendi qua diligitur creatu¬
206 1216 798 1253 a propter deum diligitur tam creatura quam deus igi
205 1238 799 1283 ur vtrunque potest eodem actu cognosci. ⁋ Per hoc
202 1271 790 1311 id rationem primam conceditur quod idem actus sit
205 1299 788 1339 ectus et reflexus quia cognitio cui subordinatur
199 1324 787 1367 ly ens vel intellectio est etiam cognitio sui ipsius
200 1356 791 1397 Etiam notandum est quod non sit maior ratio de vna
203 1385 790 1426 creatura que cognoscitur primo actu quam de quauis
196 1410 788 1454 alia et ideo. non oportet ipsummet actum videri
193 1437 789 1483 in verbo licet nullum sit inconueniens etiam non
193 1467 789 1510 est inconueniens quod idem actus sit remisse cogni¬
193 1494 783 1537 tio vnius obiecti et intense alterius sicut idem actus
194 1522 785 1568 est vsus idem respectu creature quo etiam crea¬
189 1551 780 1595 tura minus diligitur et fruitio respectu dei quo
194 1581 792 1628 etiam plus diligitur deus. etiam non est inconue
191 1609 780 1645 niens eundem actum respectu vnius esse cognitio
189 1639 783 1679 nem affirmatiuam et respectu alterius negatiuam
192 1663 782 1706 Item respectu vnius scientiam et respectu alte¬
188 1696 785 1736 rius opinionem. Secunda conclusio quod non est in
185 1718 782 1761 hominis potestate naturali etiam habita gratia
193 1748 776 1796 fine miraculo speciali quale fiebat circa beatam
193 1776 782 1815 virginem vel simile istam vitam transire sine om¬
185 1804 778 1849 ni peccato veniali non nego quin possit aliquando
193 1835 777 1875 esse sine omni peccato. hoc probo per illud augu.
195 1862 776 1899 quod abeo allegatur quia licet augu. nolit con¬
189 1891 781 1937 tendere contra contradicentes tamen sententia eius
187 1917 773 1964 ibidem est quod non est ita sicut illi dicunt vnde imme¬
181 1947 776 1992 diate quod ante illa verba recitata per socium dicit
178 1973 777 2022 satagentibus inquit vigilantibus quod nec peccent
184 2003 778 2045 cauerepossunt quodam modo ex humana fragili
174 2034 776 2075 tate peccata qua uis parua quamuis pauca non ta¬
177 2059 781 2117 men nulla hec ille. Item hoc probat augu. ibidem sic
846 211 1433 272 Iohannes inquit sic dixit si dixerimus quod peccatum non
847 261 1435 301 habemus nos ipsos seducimus et ve. nm. no. non est
841 283 1431 328 hic certe non ille aut christianis omnibus hoc di¬
847 318 1437 358 citur hec ille. Item. 3 de li. ar. ca. 20 sumit inquit
836 342 1428 385 necessitate facta improbanda vbi vult homo re¬
836 372 1432 408 cta facere et non potest nam bene sunt ille voces
834 402 1437 444 non quod volo facio bonum sed quod nolo hoc
833 430 1435 469 ago malum. Et dicit ibidem plane quod de talibus non
843 459 1435 498 intelligit illud quod nullus peccat in eo quod vitare
839 485 1429 523 non potest similite id est retrac. ca. 12 dicit sic sicut hic
833 517 1424 551 quod non intelligitur de peccato quod est pena pec¬
839 545 1428 581 cati preterea de fi. ad pe firmissime tene et nulla¬
840 571 1423 611 tenus dubites etiam iustos atque sanctos homines
836 597 1424 632 exceptis paruulis baptisatis fine peccato nemi¬
835 626 1428 662 nem viuere. Item gregorius morali. 16 quedam
832 653 1420 692 sunt peccata que a iustis vitari possunt et sunt no
831 684 1425 726 nulla que ab eis vitari non possunt et exemplifi¬
833 711 1431 753 cat de peccato cogitationis. ⁋ Item bernardus su¬
834 740 1428 784 per cau. sermone 34 quantumlibet in hoc corpo
838 766 1427 809 re manens pro ceteris erras si vicia putas enor¬
831 797 1428 834 mia vitare velis nolis infra fines tuos habitat ie¬
832 824 1428 862 buseus subiugari potest sed non exterminari de hoc
827 854 1422 892 etiam vide ma li. 2 di. 3 ca. illud autem. ⁋ Ad pri
830 881 1424 925 mum argumentum in contrarium est responsum
827 913 1425 948 quod augu. ibi et in multis locis tenet contrarium li
831 942 1425 979 cet nolit ibi contendere contra contrarium asseren¬
835 970 1418 1006 es. ⁋ Ad secundum anselmus vult quod gratia ipsa
827 998 1416 1034 est rectitudo ista et verum est quod ista habita semper
831 1026 1421 1061 poterit seruari ab habente sed certe cum gratia be
818 1054 1420 1090 ne stant venialia. ⁋ Ad tertium deus vult hoc vo¬
829 1081 1415 1123 luntate signi. ⁋ Ad quartum dicitur quod culpa pro¬
829 1107 1414 1145 pria vere et subiectiue sed originaliter aliena di¬
819 1142 1422 1174 cit enim Ansel. ve concep. virgi. ca. 25 non portant
823 1163 1415 1203 infantes peccatum ade sed suum nam aliud fuit pec
825 1191 1419 1233 catum ade et peccatum infantis illud enim fuit cau¬
823 1219 1419 1265 sa et istud est effectus non est igitur idem peccatum
821 1250 1413 1286 ade et infantum qua propter condemnatur infans pro
827 1278 1409 1317 peccato originali non damnatur pro peccato ade sed
823 1311 1409 1345 pro suo hec ille. Quando igitur dicitur quod deleta cul
825 1339 1413 1374 pa non remanet iuste pena et quod pena originalis pec
822 1369 1417 1399 cati solum sit damni negatur vtrumque quia mors et mul
823 1392 1414 1430 te alie pene infliguntur pro originali culpa etiam dele¬
815 1420 1408 1456 ta similiter deleta culpa actuali remanet pena pur¬
821 1447 1415 1490 gatorii vel alia pena temporalis. Sciendum circa
819 1481 1410 1513 primam dictarum conclusionum quod cognitio matuti¬
821 1511 1406 1545 ia est qua cognouit beatus in verbo seu in essentia
821 1538 1415 1576 diuina verbum et creaturas quas tali visione et
820 1564 1407 1601 cognitione sibi diuina essentia non vt speculum re
814 1590 1410 1629 flectens nec vt ymago figuralis sed tanquam speciea
816 1621 1401 1655 obiectalis sibi representat ita quod ipsa essentia diuina
820 1648 1407 1686 vicem supplet speciei intellectualis vel specierum
818 1675 1404 1714 intellectualium. ⁋ Sed cognitio vespertina est rerum
808 1707 1417 1751 in proprio genere per suas species quam etiam pos
813 1731 1411 1771 sunt habere beati quia preter illa que cognoscunt
819 1763 1408 1801 primo modo possunt cognoscere alia per suas speci¬
818 1792 1410 1827 ces in proprio genere scilicet quae prius cognouerunt hic in
815 1820 1402 1857 via non enim oportet quod species talium et cogni¬
816 1848 1408 1888 tiones per illas species desinant esse in prima. vel eti
811 1876 1398 1921 am que ibi de nouo cognoscunt per species eorum
813 1905 1400 1944 quia non obstante visione quam habet angelus vel
813 1935 1412 1983 anima beati petri in verbo potest cognoscere multa quae
813 1960 1406 2006 sibi presentantur vel que sibi per superiores reue
812 1997 1401 2032 lantur proprias de eis species formando vel ab¬
811 2016 1402 2063 strahendo vt si deus iam crearet vnum lapidem
808 2048 1403 2090 circa vnum angulum quem non ostenderet sibi
811 2075 1374 2129 primo mod scilicet matutine cum angelus ex suis naturaliu
