1797 2500
201 261 803 306 toris vel spirationis actiue vel dicitur vis seu po¬
200 300 798 330 tentia spiratiua que est in re quod notionale patri
207 328 805 361 et filio sicut essentia est essentiale seu substantiae com¬
199 356 797 386 mune tribus personis. ⁋ Hoc patet vt dicit sco
200 384 798 416 i i eset di. 12 q id est per augustinum. 13. de. trinitate ca¬
197 414 801 446 17 pater et filius sunt vnum principium. a spitu sanctos si¬
195 440 803 478 cut pater et filius et spiritus sanctus sunt vnum principium ad
199 470 799 504 creaturam et hoc etiam declaratum est in concilio ge
197 497 797 529 ner ali luguede sub gregorio et est hodie in sexto libro
198 527 798 560 decretam. sicut patet extra de summa tri. ca. 5 et etiam
198 552 802 584 fi. ca. fideli ac deuota sicut patuit in q. precedenti et
190 583 797 617 hec non possunt intelligi oe vno principio essentia
195 610 803 645 li vt pote quia sunt vna entia que sit principium.
193 643 805 673 itu sanctos vel vna voluntas vel simile quia nihil com¬
196 668 796 703 mune tribus potest spirare sicut nec generare igitur
197 693 798 728 intelliguntur oe vno principio notionali pater igi
188 725 803 759 tur qui est istud principium per istud principium quod
199 753 801 786 vocetur a. distinguitur a spiritu sanctus etiam paternitate
197 781 798 812 distinguitur a spiritu sanctus quia a paternitate ad a. est bona
195 809 794 842 consequentia vbi non obuiat relationis oppositio et
186 839 793 875 non econverso sequitur enim. b. est paternitas igitur.
191 867 793 899 b est. a. et non conuertitur cum aliquid sit a. vi
192 896 795 930 pote filius quod tamen non est paternitas igitur a.
194 924 797 959 est prius paternitate prioritate consequentie igitur
184 956 797 987 cum aliquid possi a spiritu sanctuo distingui per a. absque hoc
192 981 793 1017 quod distinguitur. ab ea paternitate et non econverso
190 1008 801 1042 patet conclusio intenta quod pater non seipso primo di
187 1036 799 1069 stinguitur a spiritu sanctos primitate cause a qua non conuerti
188 1063 799 1103 tur consequentia et sumo hic large vocabulum cau
191 1093 767 1122 se quia proprie nulla est in deo causalitas ad intra.
192 1120 792 1154 ⁋ Iuxta hanc sequitur alia ad eundem sensum primi¬
185 1149 788 1184 tatis scilicet quod non quelibet persona conuenit cum
190 1177 793 1211 alia seipsa primo quia pater non seipso primo sic lo¬
192 1203 784 1240 quendo conuenit cuspiritu sancto quia et seipso conuenit cum eo
191 1235 792 1267 et etiam isto communi principio notionali et etiam dei
187 1262 775 1298 tate et omni entitate essentiali igitur non seipso pr
184 1290 784 1334 mo primitate cause a qua non conuertitur consequen
186 1320 767 1353 tia hec deductio patet per omnia sicut precedens.
191 1347 785 1383 Ex his sequitur quod pater et filius distinguuntur pri
184 1377 790 1410 mo ista primitate a spiritu sancto principio notionali communi
186 1404 786 1434 eis patet ex dictis. Sequitur etiam quod nulla perso¬
186 1433 788 1464 na isto genere primitatis seipsa conuenit primo cum
185 1460 791 1493 alia vel saltem aliqua non tamen quia quelibet perso
187 1491 778 1521 na prius ac primitate per hoc quod ipsa est essentia si¬
186 1518 778 1552 cut et alia persona videtur conuenire cum alia quae
182 1545 787 1580 per hoc quod ipsa est hec persona vel si hoc non sufficiat
180 1574 783 1603 saltem aliqua per hoc quod ipsa est notio vna communis
182 1602 780 1633 sibi et alteri persone prius ac primitate conuenit
183 1631 779 1662 cum ista quam perseipsam id est quam per hoc quod est determi¬
184 1659 783 1689 nate hec persona vel illa verbi gratia pater cum
182 1683 771 1718 filio. Ulterius dico quod aliqua persona diuina seips¬
186 1712 772 1748 primo modo tertio modo primitatis distinguitur
178 1743 781 1775 ab alia quadam persona ita scilicet quod non est dare aliquid
178 1774 782 1804 quod sit ipsa quomodo per prius distinguatur ab alia
182 1796 783 1833 sicit spiritus sanctus sic se ipso primo id est nullus quod sit ipse per prius
183 1829 775 1862 distinguitur a patre et filio. Isto etiam modo pater
179 1857 770 1888 seipso primo distinguitur a filio et econverso quia
179 1887 772 1917 nihil est inuenire quod sit pater quo pater distiguitur
175 1913 781 1949 a filio nisi ipsummet patrem nec econuerso et eodem
175 1940 768 1977 modo e siritus sancto respectu patris et filium sed non econver
180 1967 777 2005 soquia prius aliqua primitate vt visum est distingui
176 1997 774 2031 tur pater a spiritu sanctus similiter filius notione consequen¬
178 2025 775 2060 tie patri et filio quam seipso. Iuxta hanc conclusionem
178 2055 770 2088 pono aliam de conuenientia persone ad personam quia
175 2086 769 2120 nulla persona isto modo tertio primitatis seipsa
174 2112 768 2160 primo conuenit cum alia quia qualibet prius aliqua pra
833 255 1450 311 mitate aliquo quod est ipsa conuenit cum alia et ipsa est
831 302 1444 340 aliqud quod quidem aliquid prius primitate consequentie
832 336 1436 372 conuenit cum alia persona vel illa est quam ista perso
837 363 1446 398 na quae est id aliquid conueniat cum eadem. Uerbi gratia
833 387 1446 428 quelibet diuina persona est essentia diuina que con
837 417 1444 457 uenit cum alia prius tali primitate quam hec perso¬
834 446 1442 479 na et pater est notio communis sibi et filio que notio
833 474 1438 508 prius primitate consequentie conuenit cum filio et. ss
830 504 1442 539 modo superius t acto quam pater. Ex his sequitur quod
835 530 1430 565 persone diuine seipsis distinguuntur primo sic quis
832 561 1443 596 nullo sui per prius nullo inquam sui per transitiuam
831 583 1437 626 locutionem sed seipsis hec sequitur ex prima. ⁋ Ex
832 611 1437 651 his patet quod facta ratione illa quando aliqua sic se ha
833 642 1438 681 bent etc. que immediate precessit conclusiones in isto
831 669 1436 710 sensu maior est vera et minor falsa sicut tactum fuit
826 696 1436 737 Sed non est necesse propter diuinam simplicitatem sal¬
825 728 1436 766 uandam tam essentialem quam personalem quaelibet per
826 753 1432 794 sonam seipsa primo a qualibet distingui primitate
831 785 1435 822 adequationis vel a qua non conuertitur consequen
824 810 1434 848 tia sic. scilicet quod nullo sui per prius quauis modo intransum
831 838 1426 874 ptiue sumpto sermone enim satis simplicitas perso
829 873 1434 908 ne cum isto quia licet persona aliquo sui distinguatur ab
833 894 1436 937 alia et aliquo sui non tamen descendendo a communi
831 926 1433 966 personis ad proprium licet commune non sit pro¬
826 956 1429 991 prie per se primo modo illud proprium tamen econ¬
822 984 1432 1013 uerso modo exposito in conclusionibus principali¬
821 1006 1433 1052 bus prime q. huius materie ad nihil conuenit de¬
824 1037 1424 1076 scendere vel venire in aliquid descendendo quin illud
823 1063 1423 1109 sit deitas communis tribus personis per se primo mo
827 1091 1428 1126 do et hoc soluat simplicitatem perfectam non solum na¬
821 1124 1436 1150 turalem sed etiam mecha id est quiddittatiuam et forma¬
825 1147 1429 1189 lem. ⁋ Ad hoc enim quod argueretur compositio vel con
825 1176 1431 1219 stitutio ex quidditate seu formaliter distincte opor¬
823 1206 1429 1246 teret necessario vtraque esse extra intellectum quid¬
819 1238 1421 1275 ditatiuum alterius et econverso non est autem sic in pro¬
819 1264 1432 1301 posito. ⁋ Ad primum principale negatur antecedens scili
824 1293 1426 1331 cet quod persone non distinguutur. Ad probationem
816 1318 1427 1360 dicitur in primis quicquid sit ve consequentia pro impro
822 1346 1426 1383 batione consequentie assumitur falsum non enim ex¬
821 1375 1422 1415 trema sunt infinita sed vnum infinitum sicut dicit
815 1407 1420 1440 symbolum nec tres immensi etc. licet ab aliquo dice
819 1435 1425 1462 rentur tres infiniti seu immensi personaliter sed non
818 1461 1422 1500 essentialiter quia eorum infinitas vel immensitas vni
810 1490 1416 1523 ca est sicut et eorum deitas quia secundum philosophum fini¬
811 1514 1419 1554 tum et infinitum quantitati congruit deus autem licet
817 1548 1411 1580 non sit quantus magnitudine molis est tamen quantus
815 1573 1415 1612 quantitate perfectionis et virtutis sicut dicit au
817 1604 1413 1642 gustinus quod in his quae non sunt mole magna et tamen
815 1633 1419 1669 magis ibidem est melius esse quam maius esse et econ¬
804 1656 1411 1696 uerso. Undescriptura de deo dicit magnus et non
817 1685 1413 1724 habet consummationem immensus et excelsus in praes ma
813 1715 1402 1750 gnitudinis eius non est finis modo ista magnitudo
809 1744 1411 1782 dei et quantitas et immensitas vnica est tribus perso
807 1771 1407 1811 nis vel est tres persone et qualibet earum ideo etiam
810 1801 1414 1833 non debent dici tria infinita neutraliter eo quod ly in
810 1828 1402 1867 finita pluraliter notat distinctionem essentialium
812 1858 1411 1895 magnitudinum nisi forte ratione substantiui cui
813 1884 1408 1919 contungitur ita quod staret adiectiue et notaret plu
808 1917 1407 1954 ralitatem suppositorum. Non enim apparet qua
804 1943 1412 1973 re nouiter sane debeat dici tria supposita infinita et
810 1973 1405 2008 tres persone infinite sicut tres persone coeterne se
809 2001 1404 2032 quitur enim sunt coeterne igitur eterne cum eque
803 2029 1403 2060 dicat fides non eterni sicut nec tres immensi loquens
807 2055 1412 2091 ibi essentialiter cui non videtur repugnare quod sint tres
802 2083 1395 2120 imensi vel tres eterni personaliter sicut patet ad pro
802 2111 1408 2162 bationem consequentie. ⁋ Sed ve consequentia
