1778 2500
338 249 937 300 esse indiuisibiliter tale quale natum est esse per talem
341 295 939 328 formam non enim subiectum est tale secundum formam nisi quia
351 322 932 356 forma est talis secundum se probatur si ideo sub
346 355 936 384 iectum est magis tale quam prius per formam aliquam
349 378 937 415 in se et secundum se simplicem quia magis disponitur quam pri
345 411 934 442 us de ista dispositione quero. An est forma illa se
346 438 943 468 cundum quam subiectum dicitur magis tale quam prius et tunc
344 464 938 498 habetur intentum quod in forma ista erit sumere magiet
351 496 937 526 et minus vel non si tunc est alia forma tunc subiectur
349 523 937 553 diceretur magis tale secundum istam formam propter
351 550 939 581 aliquam dispositionem praecedentem vel secundum istam in
352 576 937 609 se. Si secundum propositum. Si primum quaeredum est de illa
353 606 944 640 dispositione prima aut est forma alia aut non. si sic
347 635 945 668 vel erit processus in infinitum in huiusmodi dispositioni¬
345 661 943 694 bus vel dabitur magis et minus in aliqua forma se¬
355 691 947 723 cundum se. ⁋ Contra illud de radicatione arguit sco quia
351 721 937 752 aut illa radicatio est forma absoluta et habetur propo
357 744 937 782 situm quod in tali est magis et minus si radicatio aliquam sit
350 772 945 807 maior et aliqua minor si tantum respectiua tunc non susci
348 802 945 841 pit magis et minus nisi propter maius et minus in fun¬
344 832 936 862 damento vel in termino. probatur aliquando forma minus
350 861 943 894 radicata in subiecto est intentensior sicut rubor ex
349 885 942 919 verecundia rubore qui est qualitas passibilis. Item
342 917 935 948 de ista maiori radicatione queritur vel sit ita quod ac
348 944 943 976 cidens attingit ad aliquas partes subiecti ad quaes
350 969 941 1006 non prius et hoc non: quia tunc imperfectius informat pro
344 1004 939 1037 pter sui separationem et etiam non habet locum
353 1029 935 1063 vbi subiectum est indiuisibile sicut. de anima vel de an
346 1055 948 1090 gelo et etiam tunc accidens migraret de subiecto in sub
345 1087 939 1118 iectum nec posset dici quod diuturnitas sit in causa quia
341 1115 939 1146 diuturnius alba non propter hoc sunt albiora. Diceres
345 1139 943 1175 aliqua macula in principio leuitur remouibilis oe pant
349 1171 939 1204 no si diu permanet et radicetur vix potest remoueri. Item
346 1199 939 1230 aliqua sicut pani linei etc. pauiati albescunt nulla
345 1222 947 1258 impressa in eis albedine. ⁋ Ad primum dicitur quod ibi rea¬
348 1252 945 1288 liter est commixtio corporum inter se transmutabilium
349 1285 941 1316 et non solum accidentium. ⁋ Ad secundum dicitur quod ibi extra¬
351 1308 944 1345 hitur humor grossus et cum hoc realiter generatur ibi
351 1342 937 1373 albedo per actionem solis etc. ⁋ Quarta ratio princi
346 1369 936 1404 palis sit ista sco. ad principale. q. 6 quia tunc charitas
341 1393 943 1430 cuiuslibet beati esset equalis i natura charitatis
340 1426 939 1457 charitati Christi et secundum autinus 6 de tri. ca 7 in rebus
341 1452 941 1488 incorporeis. idem est magis esse quod melius igitur charitas
344 1483 943 1514 cuiuslibet beati esset equalis charitati anime Christi in
341 1507 935 1541 bonitate essentiali et eque bona sicut ista secundum
345 1535 939 1569 se quod videtur maximum inconveniens theologicum
355 1564 939 1598 Probatur tunc agens continue ageret et tamen ni¬
351 1596 934 1627 hil ageret nam agens calorem continue agit et ta
346 1615 934 1652 men nihil agit quia non facit formam preexisten
348 1647 934 1682 tem nec partem nouam igitur. ⁋ Item tunc aliquid
348 1675 934 1710 continue moueretur ad illud quod habet et tunc
346 1707 940 1740 ociose. Item omne agens approximatum passo po
350 1731 935 1765 tens in aliquam operationem in quam prius non
346 1762 935 1797 potuit ceteris paribus habet modo in se aliquid
351 1790 939 1822 quod prius non habuit sic est de calore intenso qui¬
352 1818 941 1854 prius fuit remissius. probatur ad principale simi¬
347 1848 939 1883 liter contra opinionem istam in genere quae ponitur in thoma
346 1875 943 1910 parte prima di. 17 q. 2. articulo 2 et est eius opi
348 1906 938 1937 nio et plurium modernorum scilicet quando forma acciden
344 1932 939 1962 talis intenditur non generatur aliquid oe nouo sed iste ca
345 1958 937 1992 lor qui prius fuerat remissus per approximationem
341 1991 933 2025 agentis fit postea intensus nullo sibi addito. ⁋ E
341 2012 935 2052 hoc sequitur quod aliqua parua albedo potest fieri perfe
341 2045 935 2079 ctiorquam de facto sit sicut alia creatura nullo sibi ad
342 2074 936 2106 dito quod videtur absurdum consequentia tenet quia
337 2101 938 2147 qua ratione charitas remissa vel albedo posset fieri
968 257 1577 301 in duplo intensior nullo sibi addito eadem ratione in
968 296 1578 329 triplo. ⁋ Contra conclusionem istam essent multa argu
968 325 1572 359 menta prius facta scilicet de simplicitate forme et simi¬
966 350 1575 388 lia et multa quae tangentur in sequenti articulo nec tamen praeter
973 380 1575 415 illa sic obiicitur quia si praeter gradum praehabitum aliquid no
975 410 1574 444 uum euenit priori. ⁋ Aut igitur illud adueniens
969 438 1583 473 est essentiale vel nature specifice aut accidentale
971 465 1577 500 si essentiale igitur preexistens sine isto non esset per
971 493 1583 525 se in specie ista igitur accidentale igitur non facit per
974 520 1584 548 se vnum cum isto et per consequens non augmentat seipsum. Pro¬
970 547 1579 580 batur augmentatio et generatio sunt mutationes disti
975 578 1579 611 cte igitur poterit esse augmentatio sine generatione
974 605 1585 641 alicuius noui. Probatur quando aliquod corpus albuml con
978 632 1577 665 dempsatur patet ad sensum quod illud fit albius et per consequens
974 662 1577 694 crescit albedo illius intensiue et tamen nihil nouum
970 691 1576 719 aduenit sibi in eadem parte subiecti. Item octauo
970 718 1580 748 metha. forme sunt sicut numeri igitur sicut non pos¬
978 744 1580 775 set vnitas addi ad nunerum quin varietur species
969 773 1580 811 sic nec gradus ad formam preexistentem nec speci¬
978 800 1581 833 es varietur in supposito quod forma intensa sit eius¬
974 829 1575 865 dem speciei tamen remissa sequitur quod in intensione
980 857 1580 888 forme nullus gradus additur vltra realitatem for
972 887 1574 918 me prehabite. ⁋ Item 2 metha. ca. penultimo dif
979 913 1584 951 ferentie formales variant speciem differentia autem gra
974 944 1575 979 duum in essentia forme si esset differentia formalis.
981 972 1577 1004 ⁋ Probatur secudum porphirium differentia formalis non
981 1001 1579 1033 recipit magis et minus et etiam quidem vniuscuiusque vnum
968 1028 1575 1059 et idem est non intensionem recipiens nec remissionem gerit
986 1056 1577 1089 Probatur philosophus. 4 phisi. et commentator 6 4 dicunt con¬
978 1084 1580 1121 tra ponentes condepsationem et rarefactionem per addi
970 1113 1575 1147 tionem et substractionem partium quod de minus calido
977 1139 1579 1175 fit magis calidum absue appositione extrisece et exen¬
972 1169 1580 1204 plificat de maiori et minori curuatione circuli et eo¬
970 1197 1576 1229 dem modo vult ibi quod de minus extenso fit magis extensum
974 1226 1573 1257 in rarefactione et econuerso in condempsatione igitur a si
974 1255 1577 1286 mili hic probatur tuipse concedis quod eadem quantitas aliquando
972 1282 1577 1314 est maior et aliquando e minor igitur pari ratione eadem qua
976 1311 1579 1341 litas aliquando intensior. Probatur non repugnaret quin
975 1337 1569 1370 eadem albedo quae nunc habet vnam partem in vno subie¬
969 1369 1565 1402 cto et aliam in alio tota informaret vnam istarum partium
974 1396 1571 1425 et constat quod tunc pars ista esset albior quam modo igi
969 1422 1577 1457 tur ista albedo esset intensior fine nouo addito Item
974 1452 1574 1483 lynico allegat auctoritatem augustinus E super geni. ca.
975 1482 1571 1512 19 vbi dicit quod non sic deus facit hominem iustum
972 1509 1566 1541 vt deo recedente maneat homo iustus sed sicut aer
974 1534 1566 1569 fit lucidus a luminoso quia si factus esset lucidus
974 1564 1574 1596 secundum ipsum et non fieret etiam absente lumi
972 1595 1568 1630 ne lucidus remaneret igitur prius factum adhuc
975 1622 1569 1656 potest fieri alias etiam diuina conseruatio non esset
968 1649 1567 1684 productio rerum nec dei filius ab eterno genitus ge¬
971 1679 1567 1711 neraretur hodie. Item in omni virtute contemplatiua
968 1706 1565 1741 post primum instans comprehensionis obiectum mo
975 1736 1574 1770 uet virtutem et tamen nihil causat quod non erat cantum
968 1767 1565 1799 in primo instanti. ⁋ Item intellectus mutatur ad scienti¬
977 1791 1571 1823 as de ignorantia et nihil nouum acquiritur. Probatur
968 1825 1567 1855 esto quod idem actus intellectus maneat de aliqui sensibili
972 1848 1560 1880 i absentia et postea in praensentia tuncin praesentia verum est intelle
974 1878 1571 1910 ctum scire illud esse quod in absentia ignorauit esse et tamen ni¬
966 1905 1565 1941 hil nouum acquiritur quia nulla receptio fit in intel
968 1932 1569 1965 lectu. ⁋ Ad primum istorum dicendum quod illud adue
970 1964 1567 1993 niens est per se indiuiduum iltius sprei et isto modo et non
971 1993 1560 2025 alio modo est essentiale illi speciei sicut procedens indiuiduum
967 2019 1571 2050 cui istud aduenit et tunc ista spie neutrum indiuiduum fa¬
968 2048 1571 2083 cit per se vnum nec augmentat ipsum bene tamen gradus adue¬
965 2071 1570 2109 niens facit per se vnum cum indiuiduo sue speciei cui
969 2105 1562 2149 aduenit et respectu illius bene est accidentale id est extrisecam
