1776 2500
342 255 935 311 liter constituentes eam qualitatiue sicut plures par
345 297 926 337 tes distincte situaliter constituunt aliquid per se vnum
342 331 924 366 extem siue. ⁋ Tertium dubium an augmentatio forme
345 352 932 396 sit motus vel mutatio dicendum quod si fiat successiueque
339 387 924 420 est motus si subito tunc est mutatio et si sit in subiecto
346 413 930 454 tunc subiectum dicitur moueri vel mutari tali augmenta
346 437 933 485 tione et non ipsa forma. Si vero fieret non in subie¬
346 468 932 511 cto sicut bene posset fieri a deo tunc talis augmen¬
345 492 931 535 tatio non esset motus nec mutatio qui nihil ibi mo
341 521 936 563 ueretur. ⁋ Dices pars precedens aliter se nunc ha
341 551 927 594 bet quam prius quia aliquid sibi acquiritur igitur mutatur
346 578 932 622 Respondetur quod si se habet nunc aliter quam prius scilicet secundum
341 605 933 651 locum vel secundum formam in se subiectiue receptam bene
339 639 936 679 sequitur ipsa mutari. Si autem solum habet se aliter
344 664 928 705 relatiue et in ordine ad aliud non oportet sicut non
339 690 932 737 sequitur in simili filium dei mutari in incarnatione de
348 723 940 767 quo videbitur circa principium tertii. Diceres subie
339 746 938 790 ctum mouetur ista augmentatione et non alio motu
351 777 937 822 quam sit ista augmentatio igitur subiectum augmentatur
349 803 940 851 probatur charitas augetur et ista augientatio est
344 833 932 876 motus igitur charitas mouetur. Item si charitas augman
344 862 933 903 tatur illa augmentatio non distiguitur a charitate
342 890 937 933 sed est ipsa charitas igitur augmentatio augmen¬
350 914 939 961 tatur et cum augmentatio sit etiam alteratio igitur al¬
350 944 937 990 teratio augmentabitur probatur augmentatio et al
353 976 934 1016 teratio sunt motus distincti et charitas est termi
346 1002 934 1045 nus alterationis igitur non est terminus augmenta¬
342 1029 945 1075 tionis et per consequens non augetur. Ad primum dicitur
353 1058 943 1105 quod eadem mutatio denominat subiectum et aliter for¬
350 1089 943 1128 mam ideo negatur consequentia sicut non sequitur ca
355 1115 939 1158 lefacere est agere sed ignis calefacit aquam igitur
348 1145 945 1191 ignis agit aquam per idem ad secundum. ⁋ Ad tertiu dicitur
352 1173 938 1219 quod non tota charitas dicitur augmentatio sed pars ap
343 1201 945 1249 posita et ideo non sequitur quod augmentatio augmen¬
352 1228 943 1271 tetur quia pars apposita non dicitur augmentari. Sed vel
350 1255 940 1305 ipsum totum vel praeexistens iuxta intellectum prius datum
352 1290 949 1332 etiam non videtur inconveniens quod augmentatio per accidens
351 1314 948 1356 augmentetur et quod altatio augmentatur licet non opor
350 1343 954 1386 teat sequi de alteratione eo quod licet ista augmen¬
356 1370 952 1414 tatio sit alteratio non tamen eiusdem sed est augmen
357 1399 948 1441 tatio forme et alteratio subiecti sicut ipsa non est
356 1424 946 1473 motus forme sed subiecti. ⁋ Ad quartum dicendum
362 1456 950 1503 quod in proposito non sunt motus distincti sed vnus motus
365 1483 952 1528 qui tamen respectu vnius est alteratio et respectu
355 1511 946 1556 alterius augmentatio. ⁋ Quartum dubium an aliqua
356 1540 950 1587 paria charitas possit fieri vel acquiri per tempus
366 1568 946 1609 nfinitum sine interruptione credo quod sic per deum producem
365 1596 951 1638 do aliquam partem in certo tempone et partem proportionalem
357 1625 944 1668 sequentem in tanto tempone et sic in infinitum. ⁋ Quintur
355 1652 950 1694 dubium. An possit deus inducere in tempone finito for
354 1681 948 1724 mam infinitam dicendum si non sit repugnantia formam hu
357 1712 955 1756 ius esse conclusio esset consequenda si autem est repu¬
364 1738 948 1784 gnantia dicendum quod non ⁋ Sextum dubium vtrum charitas
366 1774 948 1807 possit augeri per actum instantaneum et tenet syrati quod
364 1796 955 1839 non quia si sic sequitur quod quilibet viator posset in paruo
364 1821 956 1865 tempone acquirere tantam charitatem vel maiorem quantam
357 1860 956 1895 habuit anima Christi consequentia probatur quia charitas anime
362 1886 960 1924 Christi est finita. que sit a. et sit b. actus instantaneus per
366 1918 954 1953 quem viator meretur charitatem .c. et sit proportio .c.
368 1937 956 1980 ad a. subcentupla et ponatur quod antequam talis eliciat
364 1971 952 2010 actum aliquem ipse habeat deliberationes sufficientes
368 1996 958 2034 respectu diuersorum obiectorum vel actuum ad elicien¬
366 2029 954 2065 dum centum tales actus qualis est b. et maneant ille
363 2051 958 2093 deliberationes per vnam totam horam et faciat ille pri
366 2079 962 2120 mum actuum illorum in prima centesima illius hore
359 2112 954 2154 tunc pari ratione potest facere secundum in secunda et sic con¬
960 259 1573 306 sequenter nec oportet quod fiat expectatio per maius tempus
973 295 1565 331 quia deliberatio et dispositio potentie per omnia requisita
969 326 1561 358 ad actum volendi causandum mado iam expresso habentur
964 356 1565 389 per causam in principio et habebuntur in qualibet par
969 382 1568 417 te proportionali respectu actus tunc causandi secun¬
972 408 1573 440 dum ordinem iam pretactum. Ad istud respondi di. 1 1.
967 436 1575 472 q. 8 quod actus instantanee elicitus necessario conti¬
970 459 1569 501 nuatur per tempus secundum se totum per partem
972 492 1566 527 ante partem ita quod non ex toto cessabit citra finem ali
972 520 1572 556 cuius temporis parui in cuius principio si sumatur
975 552 1573 584 mediante deliberatione quod tunc est dilectio dei cau¬
968 578 1568 610 sanda et sequitur electio conforis illi sententie seu
965 609 1569 640 dictumini non est in potestate talis nature intelle¬
966 637 1569 669 ctualis circa ffinem vnius parui temponris scilicet minimi per
972 662 1567 696 ceptibilis vel maximi non perceptibilis secudum circum
970 689 1578 725 stantias et dispositiones precise tunc habitas sententiari
966 717 1574 749 quod tunc vel tunc non sit actus habendus et tunc vel tunc
973 745 1571 780 sit alia distinctio causanda nec etiam in discursu istius
968 774 1577 810 temponis dumcurrunt iste partes proportionales iuxta yma
973 809 1578 846 ginationem argumeti facti nec in principio poterit
969 831 1566 868 sententiari distincte quod in tali parte est secudus actus
976 862 1575 896 causandus et in tali tertius et sic deinceps quia non
972 888 1575 922 est in ptante naturali talis intellectus creati aliquam
976 917 1568 951 istarum partium disticte percipere quare igitur meri
975 949 1579 981 torie elicere potest tot actus similes cum non possit
978 974 1572 1010 primum dimittere citra finem temponis dandi. ⁋ Ex istis sic
982 1003 1575 1037 premissis soluuntur multa argumenta predicti do
972 1027 1574 1064 ctoris contra necessariam continuationem actus eli
975 1059 1578 1092 citi in principio temponis dati vsque in finem huius Arguit
983 1084 1574 1120 entum sic ponatur quod voluntas velit ex deliberatione atecede
981 1115 1581 1150 istud tempus non habere actum istum vltra medietatem ta¬
975 1138 1579 1177 lis temponis parui dati et si hoc vel igitur habebit actum
981 1172 1580 1205 istum post medietatem datit praeis istius vel non si non tunc
983 1200 1580 1238 habita deliberatione prima poterit ipsum dimittere
981 1235 1585 1263 et habere actum alium quandoquie ex tunc voluerit si non
973 1255 1577 1292 tunc actum istum inuite continuat quod est contra ansi.
974 1283 1582 1320 de libero arbitrio capitu. quinto dicentem ligari
980 1315 1576 1352 potest hoc inuitus quia nollens potest occidi velle autem
983 1340 1584 1380 non posset inuitus quia velle non potest nolens ⁋ Si
983 1369 1578 1402 mile dicit Augustinus de duabus animabus capitulo 6
980 1400 1579 1434 ⁋ Dicetur forte quod ipsi loquuntur de velle proprie
978 1429 1578 1461 dicto scilicet de belle libero pro tunc quando est liberum. ⁋ Set
980 1455 1576 1491 volitio elicita in principio datit praeis non est post pri
976 1482 1578 1517 mum instans libera pro isto tempone. Contra arguit iste do
978 1514 1580 1548 ctor quia licet prima pars huius responsionis sit ve¬
979 1544 1575 1575 ra scilicet quod ipsi loquuntur de velle libero et proprie
980 1568 1575 1600 dicto non tamen secunda pars qua dicitur quod volitio hu
985 1597 1585 1631 ius pro isto tempone post primum eius instans non est libera
981 1626 1583 1660 sed necessario habita ita inquit necessario quod non
980 1653 1579 1687 est in ptante voluntatis illius quis si habeat huiusmodi
985 1681 1579 1716 actum in primo instanti illius temporis habet istum
988 1707 1579 1744 vel aliquid eius post medietatem illius temponis datiz
988 1740 1584 1775 quia dicit augustinus vbi supra quod non cogitur facere
986 1767 1575 1804 aliquid vel non facit istud vel volens facit cum igitur
986 1800 1579 1833 voluntas non cogatur retinere huiusmodi actum post medie¬
987 1819 1581 1858 tatem temponis dati vel igitur non retinet eum tunc vel si
995 1850 1585 1886 etinens volens retinet. ⁋ Ad istud argumentum pa¬
986 1882 1578 1915 tet primo quod supponit falsum scilicet quod talis voluntas possit
988 1907 1584 1945 discernere inter medietates illius parui temponis et di
989 1937 1575 1972 stincte percipere quando erit prima medietas et quando se
988 1967 1576 1998 cunda et oe partibus partium eius cuius oppositum
988 1994 1586 2031 probaui supra prima di. ⁋ Sed hoc non soluit argu
986 2024 1581 2054 mentum dato quod talis intellectus non possit distin¬
993 2048 1584 2084 te percipere tempus minus nouit tamen quod illud paruum
992 2077 1592 2115 epris habet infinitas partes et per consequens voluntas
985 2106 1600 2155 potest velle diligere deum precise per medietatem
