1789 2500
187 246 792 290 bantes quod non opetet actum .c. successiue defficere vel
186 285 789 320 desinere probant verum. ⁋ Ad tertiam formam qua di
182 313 784 345 citur quod tunc eius corruptio vel productio esset ve¬
182 342 783 373 re motus concedo. ⁋ Ad philosophum dicendum est quod intel
184 370 788 403 ligit quod non est necessarium ex natura talium formarum
189 399 785 433 vel receptionum earum quod ipse producantur vel defficiant
189 427 789 459 successiue quod concedo. ⁋ Secundo probatur aliter
182 457 790 488 ab isto doctore quod charitas non augetur per meri
186 483 785 520 tum instantaneum quia si sic igitur per meritum temponale
187 515 785 549 augetur in infinitum quia meritum temprorale excede¬
191 539 789 576 ret meritum instantaneum improportionabiliter con¬
186 569 784 603 sequentia probatur ex hoc quod si augeretur charitas
186 600 779 635 per meritum instantaneum igitur etiam per meritum
184 628 788 662 vltimi instantis quia pro tunc meretur per istum actum
188 656 784 692 premium. eternum aliter eim frustra teneret istum actum
186 685 784 720 pro tunc. ⁋ Sed constat quod pro quolibet instanti tam
181 719 787 747 tum augeretur sicut pro vltimo instanti quia non
189 743 788 777 est maior ratio oe vno quam de alioymo non est aliquod
185 768 783 800 instans per totum istud quin si desisteret in illo in¬
186 798 785 836 stanti ita quod foret vltimum quin in isto mereretur si¬
186 826 784 862 cut et modo igitur. ⁋ Item si actus voluntatis es
185 857 784 894 set pro tunc primo contra preceptum esset demeri
184 886 783 916 torius et modo esset ita bonus sicut tunc malus igi
186 913 779 948 tur modo meritorius. ⁋ Probatur si actus continu¬
189 942 787 979 atus per tale tempus foret demeritorius pro vltimo
188 972 785 1001 instanti foret demeritorius. ⁋ Aliter enim esset ali¬
180 1000 783 1038 quis actus malus pro quo non deberetur pena igitur
184 1027 785 1067 etiam actus bonus pro tunc foret meritorius. ⁋ Item
179 1057 789 1098 si pro illo instanti non deberetur aliquod premium
183 1084 789 1123 sequeretur quod deus inequaliter merentes equali
184 1116 779 1145 ter premiaret posito casu communi de duobus equa¬
178 1140 784 1173 liter merentibus vsque ad a. quorum vnus habet
185 1171 783 1202 actum meritorium in a. et alius non sit a. vltimum
179 1199 785 1231 instans tempus dandi. ⁋ Respondetur negando
184 1231 786 1264 primam consequentiam quia viator per bonum
180 1259 775 1294 actum tunc solum nouiter meretur quando actus
176 1283 781 1320 est sublibero dominio voluntatis ita quod pro illa men
176 1314 778 1345 sura est in naturali libertate voluntatis prima se
183 1339 781 1373 cundum naturam actui licet forsan simul duratio
183 1372 782 1402 ne habere vel non habere tenere vel non tenere non
183 1399 784 1430 autem pro mensura pro qua vel in quae non posset non
179 1424 784 1460 habere actum talem sicut est in illo paruo tempo
183 1459 782 1493 re et ideo si precise duret actus per illud tempus
181 1485 782 1521 tunc nihil plus meretur ex tali continuatione vl¬
179 1513 788 1548 tra eius instantaneam productionem liberam. ⁋ Et
185 1543 784 1580 cum arguitur si augetur gratia per meritum vl¬
183 1570 771 1603 timi instantis igitur meritum cuiuslibet nature ne¬
175 1600 786 1636 gatur consequentia quia si ex distractione sola et
179 1629 785 1659 non ex noua electione nec vere nec interpretatiue
177 1657 783 1691 perseueret in illo actu bono in vltimo instanti illi
181 1685 781 1718 us minimi temponis tunc nullum meritum nouiter sibi ex
177 1710 781 1744 hoc accrescit nec vnquam accrescet donec ex noua ele
179 1743 783 1778 ctione vere vel interpretatiue habita perseueret in
175 1773 779 1804 actu huius libere precanto. Sed quotiens nouiter
179 1800 782 1833 in illum complacuerit in tantum quod illum princi¬
181 1828 778 1861 piaret nouiter si non esset totiens additum sibi pre¬
176 1855 784 1891 miusim sibi ascribitur sicut si nouiter tunc ab ipso li
176 1882 783 1923 bere causaretur. ⁋ Et ideo si in vltimo instanti il¬
177 1912 780 1947 lius temporis haberet nouam electionem vel con¬
177 1942 782 1975 placentiam ad continuandum illum actum novi¬
175 1973 778 2006 ter meretur premium et gratiam sibi augeri. ⁋ Et
176 2000 778 2033 ideo patet quod non est eadem ratio quo ad hoc de vltio
175 2027 778 2069 instanti et de aliis precedentibus quia nec citius pos¬
175 2054 779 2097 set illum actum dimittere ex suis naturalibus vt proba
177 2086 779 2118 ui. ⁋ Quattuor media que probant quod in vltimo in
187 2109 780 2167 tanti meretur si aptentur ad posse et non ad esse con
827 241 1425 300 cessa est conclusio quam deducerenti si autem aptentur
824 286 1426 328 ad hoc quod oporteat sic esse non est verum. ⁋ Et ideo
827 319 1428 353 respondeo ad primum quod frustra quo ad crementum
824 344 1429 385 meriti continuatur vltimum instans vel etiam habe
819 372 1432 415 tur in isto nisi ex electione noua vere vel interpre
825 402 1434 443 tatiue tunc habita habeatur per idem ad secundem quia
831 433 1426 465 electiue perseueret in vltimo instanti contra pro¬
821 456 1430 497 hibitionem nouiter vel ab antiquo sibi factam in
821 490 1427 527 actu vsque etiam meritorie habito concedo quod esset
819 514 1424 554 sibi tunc demeritorius et suo modo est dicendum
819 543 1428 580 de meritorio sicut prius. ⁋ Ad tertium dico quod prece
819 574 1426 612 pta negatiua obligant ad semper et ideo nisi talis
819 605 1426 642 in vltimo instanti temporis dati cesset ab actu pro¬
822 633 1430 671 hibito cum tunc cessare possit iudicabitur consen
825 660 1415 695 tire et ideo tunc iste actus ceteris paribus est no
815 689 1423 726 uiter demeritorius. Sed de actu meritorio non est
815 716 1419 757 ita quia nullus viator totiens mereri obligatur
819 742 1420 777 sicut posset. Sed si super hoc haberet quis prece¬
819 774 1416 810 ptum tunc peccaret etiam nisi nouiter talem actum
819 805 1418 834 eligeret vel alium meritorium vel non imprehabi¬
817 831 1419 871 tum complacenter vere vel interpretatiue et si spon
815 859 1425 891 tanee non obligatus ad hoc sic se habeat nouiter in
814 888 1421 922 illo instanti quod actum huiusmodi nouiter poneret nisi es
817 914 1420 947 set prehabitus crescit eius meritum et si non habe¬
811 948 1418 981 at non decrescit. ⁋ Ad quartum dicendum est quod si al
812 975 1414 1011 terum eorum. ex noua electione vera vel interpreta
819 1003 1417 1040 tiua habeat actum in a. et aliter ab eo cessat in eo
814 1034 1415 1066 a non causando aliquem alium eque bonum tunc
817 1059 1419 1099 non equaliter merentur et tunc etiam primo plus
816 1090 1424 1120 correspondet oe premio. ⁋ Si autem ex sola distra
819 1119 1416 1150 ctione habeatur ille actus ab vno istorum in a. et
816 1147 1427 1183 non ab alio tunc non merentur inequaliter nec eti
812 1174 1418 1207 am premiabuntur inequaliter ceteris paribus.
823 1201 1419 1236 ⁋ Tertio principaliter iste doctor sic si per meritum
819 1232 1412 1266 instantaneum augeatur charitas sequitur quam ali¬
815 1259 1411 1297 quis in vna hora posset augere suam charitatem
819 1289 1409 1327 infinite quia in omni parte proportionali posset pl
814 1319 1400 1351 ad hoc facere quam in instanti. ⁋ Hic respondet olrelcen
810 1347 1408 1379 et ego in parte sustinui quod non in omni parte proportio
817 1375 1415 1408 nali tantum facit ad augmentum gratie actus con
815 1404 1413 1447 tinuatio sicut ipsius instantanea libera causatio ymo
816 1435 1408 1467 nec sola continuatio meriti augmentat gratiam. ⁋ Con
816 1459 1420 1499 tra tunc ita bonum esset homini semper dormire sicut deum
809 1492 1419 1522 continue summe diligere si continuatio ista non auge
817 1519 1417 1549 ret meritum. Item si sic tunc in casu vnius simplicissimus
807 1547 1421 1584 habens actum remissum magis meretur infra illud
813 1576 1418 1613 tempus quam summe contemplans continue deum per idem tempons
811 1606 1417 1641 consequentia probatur quia actus contemplantis excedit
812 1636 1419 1670 actum simplicitatis in certo gradu sic quod in decuplo
814 1660 1417 1699 igitur si simplex ille infra tempus datum decies replica
811 1690 1416 1723 ret actum suum ipse tantum vel plus meretur sicut con¬
819 1715 1418 1755 templans ille per suum continuatum quod non videtur. ⁋ Item
810 1747 1423 1785 imprudenter continuaret aliquis bonum opus suum quia ma
815 1778 1416 1809 gis esset meritorium sibi dimittere actum et iter si¬
817 1804 1418 1841 militer operari. Item tunc illud confilium apostoli non esset pru
817 1832 1421 1879 dnter datum sine intermissione orate. Item agise in cano
819 1862 1391 1899 nica sua multum valet deprecatio iusti assidua.
821 1891 1417 1925 ⁋ Item de moyse legitur quod quando orauit continue
819 1922 1420 1956 vincebat israel quando cessabat orare vincebat
815 1947 1423 1978 amalech. Item. 10. ethicorum laudat philosophus multum
815 1976 1425 2013 felicitatem speculatiuam quia ipsa est continua. Item continu
817 2008 1423 2037 atio in malo est thesaurizatio ire dei. et per consequens auget
817 2036 1423 2074 demeritum. igitur continua boni auget meritum consequens patet
821 2061 1418 2096 acobi. 5 de diuilibus conseruantibus diuitias vsque
815 2093 1421 2127 ad putrefactionem ad ro. 2 An diuitias bonitati
814 2124 1421 2171 eius et paciem et longanimitates eis ontempnunt. Item augustinis
