1757 2500
322 208 929 264 creator facta est igitur femina a deo estiam si costa
328 257 913 289 ministrata sit per angelos. Item hugo vbi supra ca
324 285 919 321 33 ponit sex modos operandi et quattuor soli deo
328 313 917 351 possibiles esse scilicet de nihilo aliquid facere de aliquo
327 341 925 377 nihil de aliquo aliqua in maius et de aliquibus ali¬
334 373 927 404 quid in minus: et primum est opus creationis secundum
329 396 927 432 multiplicationis etc. Probatur videtur quod ma. et hu. non
327 424 925 459 negent ymo ponunt in tali multiplicatione nouum
334 456 922 489 aliquid fieri et concreari licet negent additionem ma
327 482 930 516 terie preexistentis quia aliter consequentia ma. iam proxime
324 513 924 547 posita non valereti scilicet quod angeli non poterunt facere
330 538 927 571 illam multiplicatione quia nullam possunt concreare
329 569 923 599 naturam. Hugo similiter vbi supra proximo dicit cum
325 594 927 632 de aliquo plus fit aliquid fit quia nisi ineo quod iam ali¬
332 616 932 659 quid est aliquid fieret ipsum quod postea plus ibi est
326 648 932 682 non esset. Ecce quam pelane ponit quod ibi sit aliquid in il¬
327 677 930 713 lo quod prefuit paruum vt habetur maius duplici
325 706 929 740 ter igitur potest hic dici vno modo tenendo oppositum
331 740 931 779 quod circa hoc ma. improbat pro consequentia. ⁋ Respondent no
328 762 922 797 stri doctores rationi ma. et hu. qua dicitur si aliquid ex
325 789 927 823 trisecum esset additum tunc potius de illo quod de costa
323 819 918 851 mulier facta deberet dici negando consequentiam quia non
329 850 921 884 fuit facta de illa materia nisi mediante costa facta
328 876 931 911 transmutatione illius materie in costa vel quia sicut
325 904 927 936 videmus quod ad habendam perfectam quantitatem ho
327 932 929 967 minis superadditur plus de materia quam fuerit in se
323 960 925 997 mine et tamenmagis dicimus corpus perfectum esse
322 988 926 1023 ex semine quam ex materia superaddita ita hic. ⁋ Item
324 1017 926 1053 arguit magister di. 3 ca. vltimo puer qui statim post ortum
318 1048 929 1087 moritur in illa statura resurget quam habiturus
326 1072 928 1107 erat si viueret vsque ad etatem 30. annorum. vnde igi
321 1101 925 1134 tur ista substantia que a deo fuit parua in ortu in re¬
323 1132 931 1164 surrectione tam magna erit nisi sui in se multipli
328 1160 927 1192 catione. ⁋ Respondetur quod sufficit quod resurgat in ma
330 1186 911 1221 teria aliqua quam eius anima informauit vel quae vnquam
329 1213 919 1245 fuit pars fetus vel embrionis et ista est maior quam
334 1241 930 1277 requiratur ad staturam hominis magis si tota simul
328 1269 921 1304 collecta fuerit. ⁋ Aliter potest hoc teneriper viam iam
328 1305 926 1336 proximo tactam in vltima auctoritate positam a hugo
329 1333 930 1364 ne quod ibi creatur vel concrearetur plus de simili et sic fie
333 1354 929 1385 ret ibi maius quam ande non per appositionem materie extri
328 1387 931 1416 sece preexistentis et tamen non diceretur illa creari pro¬
328 1410 926 1449 prie sed adcreari sicut primo de generatione habetur quod
329 1444 928 1474 augmentatio hec differt a generatione est tamen ve¬
325 1464 922 1500 ra aggeneratio et ista via esset clara. ⁋ Aliis etiam
327 1499 924 1530 duobus modis clarissimis posset saluari ista mul
326 1527 928 1563 tiplicatio sine omni appositione vel concreatione
327 1551 925 1586 vel accreatione noue materie vnus modus esset
334 1578 927 1619 v vnumquemque istorum panum deus apposuisset in suis fru
334 1602 926 1644 stis mediante ministerio discipulor mille hominibus
332 1636 926 1668 sicut posset vnum corpus ponere in distinctis locis.
331 1664 921 1701 ⁋ Secunds modus esset secundum quem nullus istorum gustaret pa
332 1694 926 1729 nem quem alius scilicet quod quolibet istor quinque panuymaginetur
328 1721 925 1752 diuidi in ioo. frusta equalia et tunc habebuntur. ⁋co.
333 1748 928 1781 frusta equalia faciat igitur deus cuiuslibet istorum frusto
330 1775 930 1813 rum materiam esse in. ⁋o9. locis et perfici formis omnium ali¬
329 1805 928 1834 orum frustorum et cum hoc sua forma priori quae facto
330 1833 928 1867 habebuntur .25 oo.9. frusta equalia quoru nullum est aliud
331 1862 918 1898 nec pars alterius licet pars alia essentialis vnius sit pars
333 1893 926 1923 essentialis alterius et econuerso nulla tamen integralis
326 1919 922 1946 vnius est pars integralis alterius eorundem et si ista fru¬
333 1943 926 1979 sta de quantitate vnus panis continebatur 190. distri¬
330 1976 923 2011 buatur in quinque milia hominum cuilibet homin venirent. 5o.
333 2003 923 2038 frusta quae equalent dimidium panem et hoc videretur sa¬
328 2059 947 2104 tes diminutiores et conueniet cuilibet proportio bene
326 2030 927 2062 tis pro vna vice et si tot non sufficiant fiat diuisio in par
958 222 1551 271 maior ecce vna multiplicatio et fidelibus esse possi¬
950 255 1554 290 bilis fine materia extriuseca addita et forte mul¬
957 286 1553 324 tas vias eque claras nobis ignotas nouit deus cui
952 317 1403 353 non est impossibile omne verbum etc.
1104 345 1552 407 Esito quaeo circa distinctio
1088 381 1558 443 nem primam secundi et principium etiam quar
1090 428 1554 467 uti. Utrum supposita gratia baptismali via¬
1028 435 1556 491 tor per merita sua possit prtingere ad
961 487 1561 516 maximam gratiam vie sibi possibilem. In ista quaestione
962 515 1557 549 primo repetam positionem et positionis mee prime lectio
960 543 1559 579 nis primi libri rationes cum. d. argumentis trium socio
955 571 1553 605 rum in contrarium scilicet carmelite. brelcen. et grasconi.
955 602 1558 632 Secundo reducam rationes positionis mee contra du
954 630 1555 664 os primos socios et incidenter contra. 4. d. quod nullus
960 657 1559 689 auget meritum vel gram nisi per opera superoga¬
961 685 1555 724 tionis et strennuitatis. Tertio ponam contra me media
955 713 1556 744 aliqua quae possunt fieri pro isto socio vltimo et media
961 740 1552 773 quedam secundi similiter contra me licet ipsemet ad ista
959 773 1555 804 responderit et ponam responsionem quam de ea concepi
959 802 1554 830 in sua prima lectione. Quarto arguam contra illam
955 827 1553 858 responsionem. Quinto respondendo argumentis tertii
951 853 1564 889 articuli. Sexto ad argumenta respondebo primorum
954 882 1556 913 duor sociorum principalia. Septimo reducam alia
957 912 1571 948 argumenta contra me que scripsit contra rationem
952 936 1571 975 mee prime lectionis et soluam illa. Octauo respon
952 968 1571 996 debo argumentis principalibus articuli primi so¬
958 995 1571 1031 cii tertii contra me. Quantum igitur ad primum ipsor
955 1020 1571 1064 tenui in prima lectione quod non. Tum propter decre 7 con
951 1050 1571 1091 tra baghardos cagistulo de hereticis. ⁋ Tum quia creatura
951 1076 1571 1116 quantuncumque diu conseruaretur a deo et mereretur quantum pos¬
952 1104 1571 1139 set mediante gratia nunquam posset tantum mereri qui deus
951 1137 1571 1178 pro omni merito posset dare vlterius premium patrie et
954 1166 1571 1191 vlterionem gratiam vie vel melionem et sufficiens vel per
950 1192 1572 1230 augmentum primum vel per nouum praemium aliter non expediret
955 1219 1571 1255 tali quae ad augmentationem priemum merendi vlterius viue
953 1251 1552 1286 re sed magis mori. Set contra istud argumentum est per soci
955 1277 1546 1305 os diuersos primus arguit sic tu probas quod vltra omne¬
953 1302 1556 1338 beatitudinem est alia melioris speciei possibilis per exen¬
957 1333 1557 1370 plum sicut omni creature substantiali possibili est melior
959 1363 1549 1394 possibilis igitur si sic deus posset facere aliquod corpus
963 1392 1554 1424 quod ita excederet vniuersum corporeum iam factum et ita
951 1416 1552 1448 dominaretur super ipsum quae ad omnem actionem sicut sol iste ex¬
959 1445 1560 1479 cedit aerem consequentia tenet cum sol solum finite excedat ae¬
959 1473 1553 1506 rem falsitas probatur quia tunc tale corpus quod sit a. posset
953 1501 1552 1538 transferre mouendo circulariter istud celum ab oriente in
957 1528 1553 1566 occidentem subito sicut aer subito illuminatur a sole.
950 1556 1553 1596 Sed hoc constat esse falsum. ⁋ Item consequens illatum scilicet quod a sta
958 1584 1555 1623 dominetur etc. includit contradictionem quia vbicumque est re¬
957 1611 1549 1646 sistentia per qualitatem contrariam vel alias vbi etus fi¬
949 1643 1554 1682 nita non superat resistentiam illam subito sed sic essetsi pro
956 1671 1560 1710 posito de isto vniuerso respectu a igitur non subito pos
961 1695 1558 1731 set super ipset quae ad omnem actionem et cum poterit subito su
957 1728 1552 1765 per ipsum si ita excederet sicut sol aerem istum igitur vtrum
961 1758 1551 1792 quecontradictoriorum sequitur. ⁋ Secundo arguit socius iste
957 1781 1559 1820 sic si omni beatitudine danda posset deus facere in anima
958 1810 1558 1849 sortis beatitudinem in duplo melionem secundum spem re¬
958 1840 1553 1879 tinendo semper quantitatem gradualem vtrobique cum inter
961 1864 1552 1903 primam beatitudinem dandam et ipam animam sit certa proportio
955 1896 1553 1931 secum perfectionem sequitur quod deus poterit in ipsa anima crea
956 1927 1554 1962 re btitudinem ipsa anima perfectionem et pari ratione dicetis
959 1954 1555 1987 ode vertute alia possibili a deo caueri in tali homine ymo
954 1981 1552 2014 poterit tunc dari per deum aliquam vertus in isto homine a quae potest
959 2007 1551 2041 procedere operatio excedens valonem totius hunane natu
955 2039 1556 2072 re etiam poterit hoc mediante ista facere tantum bonum
937 2066 1567 2105 sicut fecit deus creando hominem nec videretur quin pos¬
