<?xml version="1.0" encoding="UTF-8" standalone="yes"?>
<PcGts xmlns="http://schema.primaresearch.org/PAGE/gts/pagecontent/2013-07-15" xmlns:xsi="http://www.w3.org/2001/XMLSchema-instance" xsi:schemaLocation="http://schema.primaresearch.org/PAGE/gts/pagecontent/2013-07-15 http://schema.primaresearch.org/PAGE/gts/pagecontent/2013-07-15/pagecontent.xsd">
    <Metadata>
        <Creator>prov=University of Rostock/Institute of Mathematics/CITlab|PLANET AI GmbH/Gundram Leifert/gundram.leifert@planet-ai.de:name=paris1512-m2(htr_id=28868)::::v=2.6.7
prov=University of Rostock/Institute of Mathematics/CITlab|PLANET AI GmbH/Tobias Gruening/tobias.gruening@planet-ai.de:name=de.uros.citlab.module.baseline2polygon.B2PSeamMultiOriented:v=2.6.7
prov=University of Rostock/Institute of Mathematics/CITlab|PLANET AI GmbH/Tobias Gruening/tobias.gruening@planet-ai.de:name=/net_tf/LA73_249_0mod360.pb:de.uros.citlab.segmentation.CITlab_LA_ML:v=2.6.6
Transkribus</Creator>
        <Created>2020-05-20T16:31:04.064-04:00</Created>
        <LastChange>2021-02-17T13:40:19.006+01:00</LastChange>
        <TranskribusMetadata docId="390168" pageId="15128041" pageNr="46" tsid="52785156" status="IN_PROGRESS" userId="25065" imgUrl="https://files.transkribus.eu/Get?id=RFLRQYHYVSTDNRAIBZLITUNL&amp;fileType=view" xmlUrl="https://files.transkribus.eu/Get?id=YVPHGUJVEYANSREPHXIAUFEN" imageId="10993545"/>
    </Metadata>
    <Page imageFilename="45.jpg" imageWidth="1783" imageHeight="2500">
        <ReadingOrder>
            <OrderedGroup id="ro_1613567956020" caption="Regions reading order">
                <RegionRefIndexed index="0" regionRef="TextRegion_1609292982132_466"/>
                <RegionRefIndexed index="1" regionRef="TextRegion_1609292982132_465"/>
            </OrderedGroup>
        </ReadingOrder>
        <TextRegion orientation="0.0" id="TextRegion_1609292982132_466" custom="readingOrder {index:0;}">
            <Coords points="190,169 795,169 795,222 790,2137 789,2143 190,2143"/>
            <TextLine id="r2l3" custom="readingOrder {index:0;}">
                <Coords points="189,267 787,261 787,229 761,214 728,238 665,214 534,237 432,218 396,234 287,215 189,229"/>
                <Baseline points="194,258 223,257 252,257 282,257 311,257 341,257 370,257 399,257 429,257 458,257 488,257 517,257 546,257 576,257 605,257 635,257 664,257 693,257 723,257 752,257 782,257"/>
                <TextEquiv>
                    <Unicode>secundum duplum triplum etc. in visionibus quod tan¬</Unicode>
                </TextEquiv>
            </TextLine>
            <TextLine id="r2l5" custom="readingOrder {index:1;}">
                <Coords points="193,294 783,293 773,262 193,263"/>
                <Baseline points="198,288 227,288 256,287 285,287 314,286 343,286 372,286 401,286 430,285 459,285 488,285 517,286 546,286 575,286 604,286 633,286 662,287 691,287 720,287 749,288 778,288"/>
                <TextEquiv>
                    <Unicode>dem et tandem dabitur visio equalis perfectionis</Unicode>
                </TextEquiv>
            </TextLine>
            <TextLine id="r2l7" custom="readingOrder {index:2;}">
                <Coords points="193,322 771,325 783,293 194,294"/>
                <Baseline points="199,316 229,315 259,315 290,314 320,314 351,313 381,313 412,313 442,313 473,314 503,314 534,314 564,314 595,315 625,315 656,315 686,315 717,315 747,315 778,315"/>
                <TextEquiv>
                    <Unicode>vel maioris cum visione dei data ⁋ Respondetur</Unicode>
                </TextEquiv>
            </TextLine>
            <TextLine id="r2l9" custom="readingOrder {index:3;}">
                <Coords points="198,352 783,352 783,323 746,318 198,320"/>
                <Baseline points="203,343 231,343 260,344 289,344 318,344 346,344 375,344 404,343 433,343 461,343 490,343 519,343 548,343 576,343 605,343 634,343 663,343 691,343 720,343 749,344 778,344"/>
                <TextEquiv>
                    <Unicode>igitur ad primum argumentum iuxta solutionem da¬</Unicode>
                </TextEquiv>
            </TextLine>
            <TextLine id="r2l11" custom="readingOrder {index:4;}">
                <Coords points="200,377 775,383 789,350 200,353"/>
                <Baseline points="205,372 235,372 265,372 296,371 326,371 357,371 387,371 418,371 448,371 479,371 509,371 540,371 570,371 601,371 631,372 662,372 692,372 723,372 753,372 784,372"/>
                <TextEquiv>
                    <Unicode>tam ad primum dubium prime questionis quod que¬</Unicode>
                </TextEquiv>
            </TextLine>
            <TextLine id="r2l13" custom="readingOrder {index:5;}">
                <Coords points="196,407 766,405 766,379 704,373 196,377"/>
                <Baseline points="201,401 229,401 257,400 285,400 313,400 341,399 369,399 397,399 425,399 453,399 481,399 509,399 537,399 565,400 593,400 621,400 649,400 677,400 705,400 733,400 761,401"/>
                <TextEquiv>
                    <Unicode>libet creatura rationalis est capacitatis finite¬</Unicode>
                </TextEquiv>
            </TextLine>
            <TextLine id="r2l15" custom="readingOrder {index:6;}">
                <Coords points="202,439 738,438 786,430 786,402 202,407"/>
                <Baseline points="207,431 235,430 264,429 293,428 321,428 350,428 379,427 407,427 436,427 465,427 494,427 522,427 551,428 580,428 608,428 637,428 666,428 694,428 723,428 752,428 781,427"/>
                <TextEquiv>
                    <Unicode>⁋ Ideo datur maximus gradus visionis cuius ani¬</Unicode>
                </TextEquiv>
            </TextLine>
            <TextLine id="r2l17" custom="readingOrder {index:7;}">
                <Coords points="193,462 776,464 791,434 193,438"/>
                <Baseline points="198,459 227,458 256,457 286,457 315,457 345,456 374,456 403,456 433,456 462,456 492,456 521,456 550,456 580,456 609,456 639,456 668,457 697,457 727,457 756,457 786,457"/>
                <TextEquiv>
                    <Unicode>ma petri est capax sit gratia exempli talis vt mil¬</Unicode>
                </TextEquiv>
            </TextLine>
            <TextLine id="r2l19" custom="readingOrder {index:8;}">
                <Coords points="197,493 791,488 791,463 702,456 197,462"/>
                <Baseline points="202,488 231,487 260,486 289,485 318,484 348,484 377,484 406,483 435,483 464,484 494,484 523,484 552,484 581,484 610,485 640,485 669,485 698,485 727,485 756,485 786,484"/>
                <TextEquiv>
                    <Unicode>le tunc nullum obiectum quantecunque perfectionis</Unicode>
                </TextEquiv>
            </TextLine>
            <TextLine id="r2l21" custom="readingOrder {index:9;}">
                <Coords points="194,518 784,522 791,488 194,494"/>
                <Baseline points="199,515 228,514 257,514 287,513 316,513 345,513 375,513 404,512 433,512 463,512 492,513 521,513 551,513 580,513 609,513 639,513 668,513 697,514 727,514 756,514 786,514"/>
                <TextEquiv>
                    <Unicode>etiam naturaliter agens potest producere visionem</Unicode>
                </TextEquiv>
            </TextLine>
            <TextLine id="r2l23" custom="readingOrder {index:10;}">
                <Coords points="197,551 752,553 793,545 794,519 198,519"/>
                <Baseline points="202,544 231,543 260,542 289,541 319,541 348,540 377,540 407,540 436,540 465,540 495,540 524,541 553,541 582,541 612,542 641,542 670,542 700,542 729,542 758,542 788,542"/>
                <TextEquiv>
                    <Unicode>sue speciei in eadem anima perfectiorem seu melio¬</Unicode>
                </TextEquiv>
            </TextLine>
            <TextLine id="r2l25" custom="readingOrder {index:11;}">
                <Coords points="199,577 780,579 793,547 199,549"/>
                <Baseline points="204,571 233,571 262,570 291,570 320,570 350,569 379,569 408,569 437,569 466,569 496,569 525,569 554,570 583,570 612,570 642,570 671,570 700,571 729,571 758,571 788,571"/>
                <TextEquiv>
                    <Unicode>rem quam visio mille graduum in eadem specie et cum</Unicode>
                </TextEquiv>
            </TextLine>
            <TextLine id="r2l27" custom="readingOrder {index:12;}">
                <Coords points="199,604 795,604 795,578 773,574 199,577"/>
                <Baseline points="204,600 233,599 262,599 291,598 321,598 350,598 379,598 409,598 438,598 467,598 497,598 526,598 555,598 584,598 614,598 643,599 672,599 702,599 731,599 760,599 790,599"/>
                <TextEquiv>
                    <Unicode>deus etiam libere possit producere visionem mille</Unicode>
                </TextEquiv>
            </TextLine>
            <TextLine id="r2l29" custom="readingOrder {index:13;}">
                <Coords points="198,636 792,635 784,604 198,604"/>
                <Baseline points="203,629 232,628 261,627 290,626 319,626 349,625 378,625 407,625 436,625 465,625 495,625 524,626 553,626 582,626 611,627 641,627 670,627 699,627 728,627 757,627 787,627"/>
                <TextEquiv>
                    <Unicode>graduum in eadem anima patet quod nulla creatura</Unicode>
                </TextEquiv>
            </TextLine>
            <TextLine id="r2l31" custom="readingOrder {index:14;}">
                <Coords points="197,660 788,662 773,630 197,636"/>
                <Baseline points="202,656 231,655 260,655 289,655 318,655 347,655 376,655 405,655 434,655 463,655 492,655 521,655 550,655 579,655 608,655 637,656 666,656 695,656 724,656 753,655 783,655"/>
                <TextEquiv>
                    <Unicode>data vel dabilis potest producere naturaliter visio</Unicode>
                </TextEquiv>
            </TextLine>
            <TextLine id="r2l33" custom="readingOrder {index:15;}">
                <Coords points="195,687 756,692 795,684 795,660 195,663"/>
                <Baseline points="200,684 229,684 259,684 288,683 318,683 347,683 377,683 406,683 436,683 465,683 495,683 524,683 554,683 583,683 613,683 642,683 672,683 701,683 731,683 760,683 790,683"/>
                <TextEquiv>
                    <Unicode>nem perfectionem quo ad gradum quam deus sed mil¬</Unicode>
                </TextEquiv>
            </TextLine>
            <TextLine id="r2l35" custom="readingOrder {index:16;}">
                <Coords points="195,717 793,718 793,688 195,687"/>
                <Baseline points="200,714 229,713 258,712 288,712 317,711 347,711 376,711 405,711 435,711 464,711 494,711 523,711 552,711 582,711 611,711 641,712 670,712 699,712 729,712 758,712 788,712"/>
                <TextEquiv>
                    <Unicode>le gradus indiuiduales secundum intensionem in </Unicode>
                </TextEquiv>
            </TextLine>
            <TextLine id="r2l37" custom="readingOrder {index:17;}">
                <Coords points="190,748 794,746 794,718 763,713 190,718"/>
                <Baseline points="195,741 224,741 254,740 284,740 313,740 343,740 373,739 402,739 432,739 462,739 492,739 521,739 551,739 581,740 610,740 640,740 670,740 699,740 729,740 759,740 789,740"/>
                <TextEquiv>
                    <Unicode>specie nobiliori et respectu obiecti nobilioris sunt</Unicode>
                </TextEquiv>
            </TextLine>
            <TextLine id="r2l39" custom="readingOrder {index:18;}">
                <Coords points="196,775 716,777 788,770 788,745 196,747"/>
                <Baseline points="201,769 230,769 259,768 288,768 317,768 346,768 375,768 404,768 433,768 462,768 492,768 521,768 550,768 579,768 608,768 637,768 666,768 695,768 724,768 753,768 783,768"/>
                <TextEquiv>
                    <Unicode>nobiliores seu perfectius indiuiduum constituen¬</Unicode>
                </TextEquiv>
            </TextLine>
            <TextLine id="r2l41" custom="readingOrder {index:19;}">
                <Coords points="195,800 789,805 789,770 195,774"/>
                <Baseline points="200,798 229,797 258,797 287,796 316,796 346,796 375,795 404,795 433,795 462,795 492,795 521,795 550,795 579,796 608,796 638,796 667,796 696,796 725,797 754,797 784,797"/>
                <TextEquiv>
                    <Unicode>tes quam totidem speciei innobilioris. visio igitur mil</Unicode>
                </TextEquiv>
            </TextLine>
            <TextLine id="r2l43" custom="readingOrder {index:20;}">
                <Coords points="193,831 791,835 791,803 774,800 193,800"/>
                <Baseline points="198,826 227,825 256,825 286,824 315,824 345,824 374,824 403,824 433,824 462,824 492,824 521,824 550,824 580,824 609,824 639,824 668,825 697,825 727,825 756,825 786,825"/>
                <TextEquiv>
                    <Unicode>le graduum respectu dei est perfectior quam queuis</Unicode>
                </TextEquiv>
            </TextLine>
            <TextLine id="r2l45" custom="readingOrder {index:21;}">
                <Coords points="196,858 784,861 784,829 196,831"/>
                <Baseline points="201,853 229,853 258,853 287,852 316,852 345,852 374,852 403,852 432,852 461,852 490,852 518,852 547,852 576,852 605,852 634,852 663,853 692,853 721,853 750,854 779,854"/>
                <TextEquiv>
                    <Unicode>alia totidem graduum respectu alterius obiecti.</Unicode>
                </TextEquiv>
            </TextLine>
            <TextLine id="r2l47" custom="readingOrder {index:22;}">
                <Coords points="206,892 795,887 795,857 206,857"/>
                <Baseline points="211,882 241,882 271,882 302,881 332,881 363,881 393,881 424,881 454,881 485,881 515,881 546,881 576,881 607,881 637,881 668,881 698,881 729,881 759,881 790,881"/>
                <TextEquiv>
                    <Unicode>⁋ Correlarium ceteris paribus ex parte intellectus et</Unicode>
                </TextEquiv>
            </TextLine>
            <TextLine id="r2l49" custom="readingOrder {index:23;}">
                <Coords points="201,916 788,920 774,886 201,892"/>
                <Baseline points="206,911 234,911 263,910 292,910 321,909 350,909 379,909 407,909 436,909 465,909 494,909 523,909 552,909 581,909 609,910 638,910 667,910 696,910 725,911 754,911 783,912"/>
                <TextEquiv>
                    <Unicode>certitudinis vel euidentie actuum et obiectorum</Unicode>
                </TextEquiv>
            </TextLine>
            <TextLine id="r2l51" custom="readingOrder {index:24;}">
                <Coords points="196,948 787,945 771,914 196,918"/>
                <Baseline points="201,941 230,940 259,939 288,938 317,938 346,938 375,937 404,937 433,937 462,937 491,937 520,938 549,938 578,938 607,938 636,938 665,939 694,939 723,939 752,939 782,938"/>
                <TextEquiv>
                    <Unicode>perceptorum. non oportet quod actus in eadem pro.</Unicode>
                </TextEquiv>
            </TextLine>
            <TextLine id="r2l53" custom="readingOrder {index:25;}">
                <Coords points="194,977 723,979 784,971 784,942 194,948"/>
                <Baseline points="199,969 228,968 257,967 286,967 315,966 344,966 373,965 402,965 431,965 460,965 489,966 518,966 547,966 576,967 605,967 634,967 663,967 692,968 721,968 750,968 779,967"/>
                <TextEquiv>
                    <Unicode>portione se excedant in qua obiecta quo ad perfe</Unicode>
                </TextEquiv>
            </TextLine>
            <TextLine id="r2l55" custom="readingOrder {index:26;}">
                <Coords points="199,1002 780,1005 791,972 199,977"/>
                <Baseline points="204,996 233,995 262,995 291,995 320,994 349,994 378,994 407,994 436,994 465,994 495,994 524,994 553,994 582,995 611,995 640,995 669,995 698,996 727,996 756,996 786,996"/>
                <TextEquiv>
                    <Unicode>ctionem specificam quia tunc visio mille graduum</Unicode>
                </TextEquiv>
            </TextLine>
            <TextLine id="r2l57" custom="readingOrder {index:27;}">
                <Coords points="197,1031 787,1034 787,1004 769,1000 197,1002"/>
                <Baseline points="202,1025 231,1024 260,1024 289,1024 318,1023 347,1023 376,1023 405,1023 434,1023 463,1023 492,1023 521,1023 550,1024 579,1024 608,1024 637,1024 666,1024 695,1024 724,1025 753,1025 782,1025"/>
                <TextEquiv>
                    <Unicode>respectu dei esset in infinitum perfectior visione</Unicode>
                </TextEquiv>
            </TextLine>
            <TextLine id="r2l59" custom="readingOrder {index:28;}">
                <Coords points="194,1058 788,1054 788,1031 718,1027 194,1030"/>
                <Baseline points="199,1053 228,1053 257,1052 286,1052 315,1052 345,1052 374,1051 403,1051 432,1051 461,1051 491,1051 520,1051 549,1051 578,1051 607,1052 637,1052 666,1052 695,1052 724,1052 753,1053 783,1053"/>
                <TextEquiv>
                    <Unicode>mille graduum respectu cuiuscunque obiecti crea¬</Unicode>
                </TextEquiv>
            </TextLine>
            <TextLine id="r2l61" custom="readingOrder {index:29;}">
                <Coords points="197,1088 723,1092 791,1084 791,1054 197,1058"/>
                <Baseline points="202,1082 231,1081 260,1081 289,1081 318,1080 348,1080 377,1080 406,1080 435,1080 464,1080 494,1080 523,1080 552,1080 581,1080 610,1080 640,1080 669,1080 698,1081 727,1081 756,1081 786,1081"/>
                <TextEquiv>
                    <Unicode>ti cuius oppositum patet ex iam dictis. ⁋ Item si</Unicode>
                </TextEquiv>
            </TextLine>
            <TextLine id="r2l63" custom="readingOrder {index:30;}">
                <Coords points="192,1114 792,1116 792,1083 192,1087"/>
                <Baseline points="197,1110 226,1109 256,1109 285,1108 315,1108 344,1108 374,1108 403,1107 433,1107 462,1107 492,1107 521,1107 551,1107 580,1108 610,1108 639,1108 669,1108 698,1109 728,1109 757,1109 787,1110"/>
                <TextEquiv>
                    <Unicode>cut patet ex dictis visio anime respectu dei que est</Unicode>
                </TextEquiv>
            </TextLine>
            <TextLine id="r2l65" custom="readingOrder {index:31;}">
                <Coords points="196,1144 789,1145 789,1116 765,1113 196,1113"/>
                <Baseline points="201,1138 230,1137 259,1137 288,1137 317,1136 346,1136 375,1136 405,1136 434,1136 463,1136 492,1136 521,1136 550,1136 579,1136 609,1136 638,1137 667,1137 696,1137 725,1137 754,1138 784,1138"/>
                <TextEquiv>
                    <Unicode>mille graduum est finite perfectionis secundum spe</Unicode>
                </TextEquiv>
            </TextLine>
            <TextLine id="r2l67" custom="readingOrder {index:32;}">
                <Coords points="190,1170 787,1171 787,1146 755,1141 190,1144"/>
                <Baseline points="195,1166 224,1165 253,1165 283,1165 312,1165 341,1164 371,1164 400,1164 429,1163 459,1163 488,1163 517,1163 547,1163 576,1163 605,1163 635,1164 664,1164 693,1165 723,1165 752,1166 782,1167"/>
                <TextEquiv>
                    <Unicode>ciem eo quod capacitas eius sit finita et etiam visio</Unicode>
                </TextEquiv>
            </TextLine>
            <TextLine id="r2l69" custom="readingOrder {index:33;}">
                <Coords points="193,1201 791,1198 791,1174 721,1168 193,1173"/>
                <Baseline points="198,1194 227,1193 256,1193 286,1192 315,1192 345,1192 374,1192 403,1192 433,1192 462,1192 492,1192 521,1192 550,1192 580,1192 609,1193 639,1193 668,1193 697,1194 727,1194 756,1194 786,1195"/>
                <TextEquiv>
                    <Unicode>albedinis totidem graduum est finite perfectio¬</Unicode>
                </TextEquiv>
            </TextLine>
            <TextLine id="r2l71" custom="readingOrder {index:34;}">
                <Coords points="186,1226 761,1232 790,1224 790,1198 186,1200"/>
                <Baseline points="191,1221 220,1220 250,1219 280,1219 309,1219 339,1219 369,1219 398,1219 428,1219 458,1219 488,1219 517,1220 547,1220 577,1220 606,1221 636,1221 666,1221 695,1221 725,1222 755,1222 785,1221"/>
                <TextEquiv>
                    <Unicode>nis secundum suam speciem. igitur si proportio vi¬</Unicode>
                </TextEquiv>
            </TextLine>
            <TextLine id="r2l73" custom="readingOrder {index:35;}">
                <Coords points="187,1258 782,1256 782,1226 748,1224 187,1226"/>
                <Baseline points="192,1249 221,1250 250,1250 279,1250 309,1249 338,1249 367,1249 396,1249 426,1249 455,1249 484,1248 513,1248 543,1248 572,1248 601,1248 630,1249 660,1249 689,1249 718,1250 747,1251 777,1252"/>
                <TextEquiv>
                    <Unicode>sionum quo ad perfectionem specificam esset secun</Unicode>
                </TextEquiv>
            </TextLine>
            <TextLine id="r2l75" custom="readingOrder {index:36;}">
                <Coords points="190,1283 789,1289 789,1258 770,1253 190,1255"/>
                <Baseline points="195,1278 224,1278 253,1278 283,1277 312,1277 342,1277 371,1277 401,1276 430,1276 460,1276 489,1276 518,1276 548,1276 577,1276 607,1277 636,1277 666,1277 695,1278 725,1279 754,1280 784,1281"/>
                <TextEquiv>
                    <Unicode>dum proportionem obiectorum ita quod obiecto in </Unicode>
                </TextEquiv>
            </TextLine>
            <TextLine id="r2l77" custom="readingOrder {index:37;}">
                <Coords points="187,1309 785,1308 785,1287 711,1280 187,1285"/>
                <Baseline points="192,1307 221,1306 250,1306 280,1306 309,1306 339,1306 368,1305 397,1305 427,1305 456,1305 486,1305 515,1305 544,1305 574,1305 603,1305 633,1305 662,1306 691,1306 721,1306 750,1307 780,1307"/>
                <TextEquiv>
                    <Unicode>duplo nobiliori corresponderet visio in duplo per¬</Unicode>
                </TextEquiv>
            </TextLine>
            <TextLine id="r2l79" custom="readingOrder {index:38;}">
                <Coords points="191,1339 793,1342 778,1307 191,1308"/>
                <Baseline points="196,1333 225,1334 255,1334 284,1334 314,1334 344,1334 373,1333 403,1333 432,1333 462,1333 492,1333 521,1333 551,1333 580,1333 610,1333 640,1333 669,1334 699,1334 728,1335 758,1335 788,1337"/>
                <TextEquiv>
                    <Unicode>fectioritunc cum in infinitum possit procedi in ob¬</Unicode>
                </TextEquiv>
            </TextLine>
            <TextLine id="r2l81" custom="readingOrder {index:39;}">
                <Coords points="191,1370 787,1374 787,1342 768,1338 191,1338"/>
                <Baseline points="196,1364 225,1363 254,1363 283,1363 313,1362 342,1362 371,1362 401,1362 430,1362 459,1362 489,1362 518,1362 547,1362 576,1362 606,1362 635,1362 664,1363 694,1363 723,1363 752,1364 782,1364"/>
                <TextEquiv>
                    <Unicode>lecto creabili sic quod detur aliquod duple perfectio</Unicode>
                </TextEquiv>
            </TextLine>
            <TextLine id="r2l83" custom="readingOrder {index:40;}">
                <Coords points="189,1399 793,1390 772,1368 712,1365 189,1371"/>
                <Baseline points="194,1390 223,1390 253,1390 283,1390 312,1390 342,1390 372,1390 401,1390 431,1390 461,1390 491,1390 520,1390 550,1390 580,1391 609,1391 639,1391 669,1391 698,1391 728,1392 758,1392 788,1392"/>
                <TextEquiv>
                    <Unicode>nis ad albedinem et aliquod triple et sic sine statu se¬</Unicode>
                </TextEquiv>
            </TextLine>
            <TextLine id="r2l85" custom="readingOrder {index:41;}">
                <Coords points="192,1424 784,1425 765,1397 192,1398"/>
                <Baseline points="197,1419 226,1418 255,1418 284,1418 313,1418 342,1418 371,1418 400,1418 429,1418 458,1418 488,1419 517,1419 546,1419 575,1419 604,1419 633,1420 662,1420 691,1420 720,1420 749,1420 779,1419"/>
                <TextEquiv>
                    <Unicode>quitur quod sit danda aliqua visio anime respectu crea¬</Unicode>
                </TextEquiv>
            </TextLine>
            <TextLine id="r2l87" custom="readingOrder {index:42;}">
                <Coords points="190,1454 785,1457 778,1425 190,1425"/>
                <Baseline points="195,1447 224,1447 253,1447 282,1447 312,1447 341,1447 370,1447 399,1447 429,1447 458,1447 487,1447 516,1447 546,1447 575,1448 604,1448 633,1448 663,1448 692,1448 721,1448 750,1448 780,1449"/>
                <TextEquiv>
                    <Unicode>ture que sit perfectioris speciei quam visio respectu</Unicode>
                </TextEquiv>
            </TextLine>
            <TextLine id="r2l89" custom="readingOrder {index:43;}">
                <Coords points="190,1482 740,1487 785,1480 786,1458 191,1453"/>
                <Baseline points="195,1475 224,1475 253,1475 282,1475 312,1475 341,1475 370,1475 399,1475 429,1475 458,1475 487,1475 516,1475 546,1475 575,1476 604,1476 633,1476 663,1476 692,1476 721,1476 750,1476 780,1476"/>
                <TextEquiv>
                    <Unicode>dei. Etiam si deus mere naturaliter causaret visio¬</Unicode>
                </TextEquiv>
            </TextLine>
            <TextLine id="r2l91" custom="readingOrder {index:44;}">
                <Coords points="194,1511 778,1510 778,1485 719,1475 194,1481"/>
                <Baseline points="199,1504 227,1504 256,1503 285,1503 313,1503 342,1503 371,1503 399,1504 428,1504 457,1504 486,1504 514,1504 543,1504 572,1505 600,1505 629,1505 658,1505 686,1505 715,1505 744,1506 773,1506"/>
                <TextEquiv>
                    <Unicode>nem in anima adhuc esset finita quo ad perfectio</Unicode>
                </TextEquiv>
            </TextLine>
            <TextLine id="r2l93" custom="readingOrder {index:45;}">
                <Coords points="192,1537 739,1543 777,1539 778,1510 193,1511"/>
                <Baseline points="198,1531 226,1531 255,1531 284,1532 313,1532 341,1532 370,1532 399,1532 428,1532 456,1532 485,1533 514,1533 543,1533 571,1533 600,1533 629,1533 658,1533 686,1533 715,1534 744,1534 773,1534"/>
                <TextEquiv>
                    <Unicode>nem specificam propter finitatem capacitatis ani¬</Unicode>
                </TextEquiv>
            </TextLine>
            <TextLine id="r2l95" custom="readingOrder {index:46;}">
                <Coords points="193,1564 782,1569 772,1539 193,1537"/>
                <Baseline points="198,1559 228,1559 258,1560 289,1560 319,1560 350,1560 380,1560 411,1560 441,1561 472,1561 502,1561 533,1561 563,1561 594,1561 624,1561 655,1561 685,1562 716,1562 746,1562 777,1563"/>
                <TextEquiv>
                    <Unicode>merpatet igitur quod visio mille graduum respectu</Unicode>
                </TextEquiv>
            </TextLine>
            <TextLine id="r2l97" custom="readingOrder {index:47;}">
                <Coords points="188,1600 772,1599 780,1567 189,1564"/>
                <Baseline points="193,1588 222,1588 251,1588 280,1587 309,1587 338,1588 367,1588 396,1588 425,1588 454,1588 483,1588 512,1589 541,1589 570,1589 599,1590 628,1590 657,1590 686,1590 715,1591 744,1591 774,1591"/>
                <TextEquiv>
                    <Unicode>dei est perfectior et nobilior perfectione intrinse</Unicode>
                </TextEquiv>
            </TextLine>
            <TextLine id="r2l99" custom="readingOrder {index:48;}">
                <Coords points="197,1624 781,1628 781,1596 760,1593 197,1595"/>
                <Baseline points="202,1617 230,1617 259,1616 288,1616 316,1616 345,1616 374,1616 402,1616 431,1616 460,1616 489,1616 517,1616 546,1617 575,1617 603,1618 632,1618 661,1618 689,1619 718,1619 747,1619 776,1619"/>
                <TextEquiv>
                    <Unicode>ca sue speciei quam aliqua visionum mere naturalituer</Unicode>
                </TextEquiv>
            </TextLine>
            <TextLine id="r2l101" custom="readingOrder {index:49;}">
                <Coords points="192,1651 783,1647 770,1624 192,1626"/>
                <Baseline points="197,1645 226,1645 255,1644 284,1644 313,1644 342,1644 371,1644 400,1644 429,1644 458,1644 487,1644 516,1644 545,1644 574,1644 603,1645 632,1645 661,1645 690,1646 719,1646 748,1647 778,1647"/>
                <TextEquiv>
                    <Unicode>causabilium respectu obiector quorumcunque crea¬</Unicode>
                </TextEquiv>
            </TextLine>
            <TextLine id="r2l103" custom="readingOrder {index:50;}">
                <Coords points="197,1680 789,1683 789,1656 717,1648 197,1651"/>
                <Baseline points="202,1673 231,1673 260,1673 289,1673 318,1673 347,1673 376,1673 405,1673 434,1673 463,1673 493,1673 522,1673 551,1673 580,1673 609,1673 638,1673 667,1674 696,1674 725,1674 754,1675 784,1675"/>
                <TextEquiv>
                    <Unicode>torum vel creabilium. ⁋ Unde dicendum est quod to</Unicode>
                </TextEquiv>
            </TextLine>
            <TextLine id="r2l105" custom="readingOrder {index:51;}">
                <Coords points="192,1705 781,1708 781,1682 758,1679 192,1678"/>
                <Baseline points="197,1701 227,1701 257,1701 288,1701 318,1701 349,1701 379,1701 410,1701 440,1700 471,1700 501,1700 532,1700 562,1700 593,1700 623,1700 654,1701 684,1701 715,1701 745,1701 776,1702"/>
                <TextEquiv>
                    <Unicode>ta latitudo specierum visionis possibilium equa</Unicode>
                </TextEquiv>
            </TextLine>
            <TextLine id="r2l107" custom="readingOrder {index:52;}">
                <Coords points="195,1735 778,1738 769,1705 195,1705"/>
                <Baseline points="200,1729 228,1730 257,1730 285,1730 314,1730 343,1730 371,1730 400,1730 429,1730 457,1730 486,1730 515,1730 543,1729 572,1729 601,1730 629,1730 658,1730 687,1730 715,1730 744,1730 773,1730"/>
                <TextEquiv>
                    <Unicode>lium semper graduum cuilibet in sua specie est sen</Unicode>
                </TextEquiv>
            </TextLine>
            <TextLine id="r2l109" custom="readingOrder {index:53;}">
                <Coords points="190,1766 781,1762 781,1739 747,1733 190,1735"/>
                <Baseline points="195,1758 224,1758 253,1758 282,1758 311,1758 340,1758 369,1758 398,1758 427,1758 456,1758 485,1758 514,1758 543,1758 572,1758 601,1758 630,1759 659,1759 688,1759 717,1759 746,1759 776,1759"/>
                <TextEquiv>
                    <Unicode>per finita ita quod summum gradum tenet visio ob¬</Unicode>
                </TextEquiv>
            </TextLine>
            <TextLine id="r2l111" custom="readingOrder {index:54;}">
                <Coords points="190,1788 778,1794 778,1762 190,1767"/>
                <Baseline points="195,1785 223,1785 252,1785 281,1785 310,1785 339,1785 368,1786 397,1786 426,1786 455,1786 484,1786 512,1786 541,1786 570,1786 599,1786 628,1787 657,1787 686,1787 715,1787 744,1788 773,1788"/>
                <TextEquiv>
                    <Unicode>iecti infiniti et si naturaliter causaretur ab eo ad </Unicode>
                </TextEquiv>
            </TextLine>
            <TextLine id="r2l113" custom="readingOrder {index:55;}">
                <Coords points="195,1820 742,1826 785,1819 786,1795 196,1789"/>
                <Baseline points="200,1814 229,1814 258,1813 287,1813 316,1813 345,1813 374,1813 403,1814 432,1814 461,1814 490,1814 519,1815 548,1815 577,1815 606,1816 635,1816 664,1816 693,1816 722,1816 751,1816 780,1816"/>
                <TextEquiv>
                    <Unicode>huc esset finita visio secundum speciem: quia crea¬</Unicode>
                </TextEquiv>
            </TextLine>
            <TextLine id="r2l115" custom="readingOrder {index:56;}">
                <Coords points="192,1847 779,1851 779,1825 722,1817 192,1820"/>
                <Baseline points="197,1842 225,1842 254,1842 283,1842 312,1842 341,1842 370,1843 398,1843 427,1843 456,1843 485,1843 514,1844 543,1844 572,1844 600,1844 629,1845 658,1845 687,1845 716,1845 745,1845 774,1845"/>
                <TextEquiv>
                    <Unicode>tura rationalis non est mobilis visione perfectio</Unicode>
                </TextEquiv>
            </TextLine>
            <TextLine id="r2l117" custom="readingOrder {index:57;}">
                <Coords points="190,1878 779,1880 779,1851 759,1849 190,1848"/>
                <Baseline points="195,1870 225,1870 255,1870 286,1870 316,1870 347,1870 377,1871 408,1871 438,1871 469,1872 499,1872 530,1872 560,1873 591,1873 621,1873 652,1874 682,1874 713,1874 743,1874 774,1874"/>
                <TextEquiv>
                    <Unicode>ri secundum speciem et sub isto gradu supremo om</Unicode>
                </TextEquiv>
            </TextLine>
            <TextLine id="r2l119" custom="readingOrder {index:58;}">
                <Coords points="195,1904 749,1911 764,1909 765,1879 196,1876"/>
                <Baseline points="200,1898 229,1898 258,1898 288,1899 317,1899 347,1899 376,1899 405,1899 435,1899 464,1899 494,1900 523,1900 553,1900 582,1901 611,1901 641,1902 670,1902 700,1903 729,1903 759,1904"/>
                <TextEquiv>
                    <Unicode>nes visiones casbiles a creaturis continentur. ⁋ E</Unicode>
                </TextEquiv>
            </TextLine>
            <TextLine id="r2l121" custom="readingOrder {index:59;}">
                <Coords points="194,1932 779,1934 769,1905 194,1905"/>
                <Baseline points="199,1927 227,1927 256,1927 285,1927 314,1927 342,1927 371,1927 400,1928 429,1928 457,1928 486,1929 515,1929 544,1929 572,1930 601,1930 630,1930 659,1930 687,1930 716,1930 745,1929 774,1929"/>
                <TextEquiv>
                    <Unicode>eodem etiam sequitur quod totalis latitudo specifi¬</Unicode>
                </TextEquiv>
            </TextLine>
            <TextLine id="r2l123" custom="readingOrder {index:60;}">
                <Coords points="191,1959 783,1964 782,1933 191,1934"/>
                <Baseline points="196,1955 225,1955 254,1955 283,1955 312,1955 341,1955 370,1955 399,1956 428,1956 457,1956 487,1956 516,1957 545,1957 574,1957 603,1958 632,1958 661,1958 690,1958 719,1959 748,1959 778,1959"/>
                <TextEquiv>
                    <Unicode>ca visionum quo ad sensum est finita. ⁋ Et ideo non</Unicode>
                </TextEquiv>
            </TextLine>
            <TextLine id="r2l125" custom="readingOrder {index:61;}">
                <Coords points="186,1994 781,1993 781,1966 734,1961 186,1959"/>
                <Baseline points="191,1983 220,1983 249,1983 278,1984 308,1984 337,1984 366,1984 395,1984 425,1984 454,1985 483,1985 512,1985 542,1985 571,1985 600,1986 629,1986 659,1986 688,1986 717,1987 746,1987 776,1987"/>
                <TextEquiv>
                    <Unicode>sic vna excedit aliam sicut obiectum vnius obie¬</Unicode>
                </TextEquiv>
            </TextLine>
            <TextLine id="r2l127" custom="readingOrder {index:62;}">
                <Coords points="191,2019 745,2024 782,2021 783,1992 192,1991"/>
                <Baseline points="196,2011 225,2011 254,2011 283,2012 312,2012 341,2012 370,2012 399,2012 428,2013 457,2013 486,2013 515,2013 544,2013 573,2013 602,2014 631,2014 660,2014 689,2014 718,2015 747,2015 777,2016"/>
                <TextEquiv>
                    <Unicode>ctum alterius. ⁋ Nec debet hoc mirabile videri</Unicode>
                </TextEquiv>
            </TextLine>
            <TextLine id="r2l129" custom="readingOrder {index:63;}">
                <Coords points="194,2042 782,2050 771,2019 194,2016"/>
                <Baseline points="199,2039 227,2039 256,2039 285,2039 314,2039 343,2040 372,2040 401,2040 430,2041 459,2041 488,2041 516,2042 545,2042 574,2042 603,2043 632,2043 661,2043 690,2043 719,2044 748,2044 777,2044"/>
                <TextEquiv>
                    <Unicode>cum omnes visiones naturaliter possibiles ita</Unicode>
                </TextEquiv>
            </TextLine>
            <TextLine id="r2l131" custom="readingOrder {index:64;}">
                <Coords points="188,2075 781,2079 781,2050 737,2044 188,2044"/>
                <Baseline points="193,2068 222,2068 251,2069 280,2069 309,2069 338,2069 367,2069 397,2069 426,2070 455,2070 484,2070 513,2070 542,2070 571,2071 601,2071 630,2071 659,2071 688,2072 717,2072 746,2073 776,2073"/>
                <TextEquiv>
                    <Unicode>sint propinquarum specierum vt quiqui credant</Unicode>
                </TextEquiv>
            </TextLine>
            <TextLine id="r2l133" custom="readingOrder {index:65;}">
                <Coords points="184,2106 779,2120 780,2084 741,2074 185,2076"/>
                <Baseline points="190,2097 219,2097 248,2098 277,2098 307,2098 336,2098 365,2099 394,2099 424,2100 453,2100 482,2100 511,2101 541,2101 570,2101 599,2101 628,2102 658,2102 687,2102 716,2102 745,2102 775,2102"/>
                <TextEquiv>
                    <Unicode>et teneant quod omnes visiones possibiles haberi re¬</Unicode>
                </TextEquiv>
            </TextLine>
            <TextEquiv>
                <Unicode>secundum duplum triplum etc. in visionibus quod tan¬
dem et tandem dabitur visio equalis perfectionis
vel maioris cum visione dei data ⁋ Respondetur
igitur ad primum argumentum iuxta solutionem da¬
tam ad primum dubium prime questionis quod que¬
libet creatura rationalis est capacitatis finite¬
⁋ Ideo datur maximus gradus visionis cuius ani¬
ma petri est capax sit gratia exempli talis vt mil¬
le tunc nullum obiectum quantecunque perfectionis
etiam naturaliter agens potest producere visionem
sue speciei in eadem anima perfectiorem seu melio¬
rem quam visio mille graduum in eadem specie et cum
deus etiam libere possit producere visionem mille
graduum in eadem anima patet quod nulla creatura
data vel dabilis potest producere naturaliter visio
nem perfectionem quo ad gradum quam deus sed mil¬
le gradus indiuiduales secundum intensionem in 
specie nobiliori et respectu obiecti nobilioris sunt
nobiliores seu perfectius indiuiduum constituen¬
tes quam totidem speciei innobilioris. visio igitur mil
le graduum respectu dei est perfectior quam queuis
alia totidem graduum respectu alterius obiecti.
⁋ Correlarium ceteris paribus ex parte intellectus et
certitudinis vel euidentie actuum et obiectorum
perceptorum. non oportet quod actus in eadem pro.
portione se excedant in qua obiecta quo ad perfe
ctionem specificam quia tunc visio mille graduum
respectu dei esset in infinitum perfectior visione
mille graduum respectu cuiuscunque obiecti crea¬
ti cuius oppositum patet ex iam dictis. ⁋ Item si
cut patet ex dictis visio anime respectu dei que est
mille graduum est finite perfectionis secundum spe
ciem eo quod capacitas eius sit finita et etiam visio
albedinis totidem graduum est finite perfectio¬
nis secundum suam speciem. igitur si proportio vi¬
sionum quo ad perfectionem specificam esset secun
dum proportionem obiectorum ita quod obiecto in 
duplo nobiliori corresponderet visio in duplo per¬
fectioritunc cum in infinitum possit procedi in ob¬
lecto creabili sic quod detur aliquod duple perfectio
nis ad albedinem et aliquod triple et sic sine statu se¬
quitur quod sit danda aliqua visio anime respectu crea¬
ture que sit perfectioris speciei quam visio respectu
dei. Etiam si deus mere naturaliter causaret visio¬
nem in anima adhuc esset finita quo ad perfectio
nem specificam propter finitatem capacitatis ani¬
merpatet igitur quod visio mille graduum respectu
dei est perfectior et nobilior perfectione intrinse
ca sue speciei quam aliqua visionum mere naturalituer
causabilium respectu obiector quorumcunque crea¬
torum vel creabilium. ⁋ Unde dicendum est quod to
ta latitudo specierum visionis possibilium equa
lium semper graduum cuilibet in sua specie est sen
per finita ita quod summum gradum tenet visio ob¬
iecti infiniti et si naturaliter causaretur ab eo ad 
huc esset finita visio secundum speciem: quia crea¬
tura rationalis non est mobilis visione perfectio
ri secundum speciem et sub isto gradu supremo om
nes visiones casbiles a creaturis continentur. ⁋ E
eodem etiam sequitur quod totalis latitudo specifi¬
ca visionum quo ad sensum est finita. ⁋ Et ideo non
sic vna excedit aliam sicut obiectum vnius obie¬
ctum alterius. ⁋ Nec debet hoc mirabile videri
cum omnes visiones naturaliter possibiles ita
sint propinquarum specierum vt quiqui credant
et teneant quod omnes visiones possibiles haberi re¬</Unicode>
            </TextEquiv>
        </TextRegion>
        <TextRegion orientation="0.0" id="TextRegion_1609292982132_465" custom="readingOrder {index:1;}">
            <Coords points="795,169 1418,169 1418,2143 789,2143 790,2137 795,222"/>
            <TextLine id="r2l4" custom="readingOrder {index:0;}">
                <Coords points="817,272 1377,273 1405,269 1405,232 1230,218 1063,241 995,219 817,234"/>
                <Baseline points="822,261 850,261 879,262 908,262 937,262 966,262 995,263 1024,263 1053,263 1082,263 1111,263 1139,263 1168,263 1197,263 1226,263 1255,263 1284,263 1313,263 1342,263 1371,263 1400,263"/>
                <TextEquiv>
                    <Unicode>spectu quorumcumque obiectorum etiam dei sit eiui</Unicode>
                </TextEquiv>
            </TextLine>
            <TextLine id="r2l6" custom="readingOrder {index:1;}">
                <Coords points="825,293 1408,300 1402,269 825,270"/>
                <Baseline points="830,289 858,290 887,290 915,290 944,291 973,291 1001,291 1030,291 1059,291 1087,291 1116,291 1145,291 1173,291 1202,291 1231,291 1259,291 1288,291 1317,292 1345,292 1374,292 1403,293"/>
                <TextEquiv>
                    <Unicode>dem speciei specialissime. ⁋ Sciendum circa dicia</Unicode>
                </TextEquiv>
            </TextLine>
            <TextLine id="r2l8" custom="readingOrder {index:2;}">
                <Coords points="826,325 1404,323 1404,302 1363,296 826,294"/>
                <Baseline points="831,317 859,318 887,319 916,319 944,320 973,320 1001,320 1029,320 1058,321 1086,321 1115,321 1143,321 1171,321 1200,321 1228,320 1257,320 1285,320 1313,320 1342,320 1370,320 1399,319"/>
                <TextEquiv>
                    <Unicode>quod si obiecta mere naturaliter producerent suas vi</Unicode>
                </TextEquiv>
            </TextLine>
            <TextLine id="r2l10" custom="readingOrder {index:3;}">
                <Coords points="821,352 1411,355 1399,323 821,325"/>
                <Baseline points="826,345 855,345 884,346 913,346 942,347 971,347 1000,347 1029,348 1058,348 1087,348 1116,348 1145,348 1174,349 1203,349 1232,349 1261,349 1290,349 1319,349 1348,348 1377,348 1406,348"/>
                <TextEquiv>
                    <Unicode>siones in creatura rationali comprehensiue viden</Unicode>
                </TextEquiv>
            </TextLine>
            <TextLine id="r2l12" custom="readingOrder {index:4;}">
                <Coords points="816,381 1413,382 1413,355 1380,352 816,355"/>
                <Baseline points="821,374 850,374 879,375 909,375 938,376 967,376 997,376 1026,376 1055,377 1085,377 1114,377 1143,377 1173,377 1202,377 1231,377 1261,377 1290,378 1319,378 1349,378 1378,377 1408,377"/>
                <TextEquiv>
                    <Unicode>ti quodlibet per suam visionem tunc eadem esset</Unicode>
                </TextEquiv>
            </TextLine>
            <TextLine id="r2l14" custom="readingOrder {index:5;}">
                <Coords points="820,412 1414,414 1414,386 1386,380 820,380"/>
                <Baseline points="825,404 854,404 883,404 912,404 941,404 971,404 1000,404 1029,404 1058,404 1087,404 1117,405 1146,405 1175,405 1204,405 1233,405 1263,405 1292,405 1321,405 1350,405 1379,405 1409,405"/>
                <TextEquiv>
                    <Unicode>proportio visionum et obiectorum et tunc visio</Unicode>
                </TextEquiv>
            </TextLine>
            <TextLine id="r2l16" custom="readingOrder {index:6;}">
                <Coords points="820,434 1416,440 1416,411 1394,409 820,412"/>
                <Baseline points="825,430 854,431 883,431 912,432 942,432 971,433 1000,433 1030,433 1059,433 1088,433 1118,434 1147,434 1176,434 1205,434 1235,434 1264,434 1293,434 1323,434 1352,434 1381,434 1411,434"/>
                <TextEquiv>
                    <Unicode>dei esset simpliciter infinita tam quo ad speciem</Unicode>
                </TextEquiv>
            </TextLine>
            <TextLine id="r2l18" custom="readingOrder {index:7;}">
                <Coords points="827,469 1413,468 1413,439 828,434"/>
                <Baseline points="832,459 860,459 889,460 918,460 947,460 976,461 1004,461 1033,461 1062,462 1091,462 1120,462 1148,463 1177,463 1206,463 1235,463 1264,463 1292,463 1321,462 1350,462 1379,462 1408,461"/>
                <TextEquiv>
                    <Unicode>quam quo ad gradum sed ita non fit propter finitatem</Unicode>
                </TextEquiv>
            </TextLine>
            <TextLine id="r2l20" custom="readingOrder {index:8;}">
                <Coords points="825,492 1416,496 1416,467 825,468"/>
                <Baseline points="830,487 859,488 888,488 917,489 946,489 975,489 1004,489 1033,490 1062,490 1091,490 1120,490 1149,490 1178,490 1207,490 1236,490 1265,490 1294,491 1323,491 1352,491 1381,491 1411,492"/>
                <TextEquiv>
                    <Unicode>capacitatis anime. ⁋ Et ideo visio quam habet eti</Unicode>
                </TextEquiv>
            </TextLine>
            <TextLine id="r2l22" custom="readingOrder {index:9;}">
                <Coords points="825,521 1361,528 1415,523 1416,496 826,492"/>
                <Baseline points="830,516 859,516 888,516 917,517 946,517 975,517 1004,518 1033,518 1062,518 1091,518 1120,519 1149,519 1178,519 1207,519 1236,519 1265,519 1294,519 1323,519 1352,519 1381,518 1410,518"/>
                <TextEquiv>
                    <Unicode>am respectu dei est finita quo ad gradum indivi¬</Unicode>
                </TextEquiv>
            </TextLine>
            <TextLine id="r2l24" custom="readingOrder {index:10;}">
                <Coords points="825,549 1412,552 1406,521 825,522"/>
                <Baseline points="830,543 858,544 887,544 916,545 945,545 974,546 1003,546 1031,547 1060,547 1089,547 1118,547 1147,547 1176,547 1205,547 1233,547 1262,547 1291,547 1320,547 1349,547 1378,547 1407,548"/>
                <TextEquiv>
                    <Unicode>dualem et quo ad perfectionem speciei. ⁋ Et li¬</Unicode>
                </TextEquiv>
            </TextLine>
            <TextLine id="r2l26" custom="readingOrder {index:11;}">
                <Coords points="819,578 1417,586 1409,551 819,549"/>
                <Baseline points="824,571 853,572 882,573 912,573 941,574 971,574 1000,575 1029,575 1059,575 1088,575 1118,575 1147,575 1176,575 1206,576 1235,576 1265,576 1294,576 1323,576 1353,576 1382,576 1412,577"/>
                <TextEquiv>
                    <Unicode>cet secundum legem ordinatam nulla creatura</Unicode>
                </TextEquiv>
            </TextLine>
            <TextLine id="r2l28" custom="readingOrder {index:12;}">
                <Coords points="822,612 1421,605 1421,586 1369,579 822,578"/>
                <Baseline points="827,601 856,601 885,601 915,602 944,602 974,602 1003,603 1033,603 1062,603 1092,603 1121,603 1150,604 1180,604 1209,604 1239,604 1268,604 1298,604 1327,603 1357,603 1386,603 1416,602"/>
                <TextEquiv>
                    <Unicode>possit causare visionem tam perfectam in spe¬</Unicode>
                </TextEquiv>
            </TextLine>
            <TextLine id="r2l30" custom="readingOrder {index:13;}">
                <Coords points="827,635 1411,637 1398,609 827,611"/>
                <Baseline points="832,628 860,629 889,630 918,630 946,631 975,631 1004,631 1032,631 1061,631 1090,632 1119,632 1147,632 1176,632 1205,632 1233,632 1262,632 1291,632 1319,632 1348,632 1377,632 1406,633"/>
                <TextEquiv>
                    <Unicode>cie tamen absolute possibile foret quod deus daret</Unicode>
                </TextEquiv>
            </TextLine>
            <TextLine id="r2l32" custom="readingOrder {index:14;}">
                <Coords points="825,666 1411,667 1411,638 1383,634 825,635"/>
                <Baseline points="830,657 858,658 887,658 916,659 945,659 974,659 1002,660 1031,660 1060,660 1089,660 1118,660 1146,660 1175,660 1204,660 1233,660 1262,660 1290,660 1319,660 1348,660 1377,659 1406,659"/>
                <TextEquiv>
                    <Unicode>creature potestatem creandi talem speciem visio</Unicode>
                </TextEquiv>
            </TextLine>
            <TextLine id="r2l34" custom="readingOrder {index:15;}">
                <Coords points="821,694 1413,695 1402,666 821,666"/>
                <Baseline points="826,685 855,686 884,686 913,687 942,687 971,687 1000,687 1029,688 1058,688 1087,688 1117,689 1146,689 1175,689 1204,689 1233,689 1262,689 1291,689 1320,689 1349,689 1378,689 1408,689"/>
                <TextEquiv>
                    <Unicode>nis effectiue impossibile tamen est simpliciter quod </Unicode>
                </TextEquiv>
            </TextLine>
            <TextLine id="r2l36" custom="readingOrder {index:16;}">
                <Coords points="816,720 1404,725 1405,699 817,694"/>
                <Baseline points="821,714 849,714 878,714 907,715 936,715 965,715 994,716 1023,716 1052,716 1081,717 1110,717 1138,717 1167,717 1196,718 1225,718 1254,718 1283,718 1312,717 1341,717 1370,717 1399,716"/>
                <TextEquiv>
                    <Unicode>aliqua creatura causet talem visionem mere na¬</Unicode>
                </TextEquiv>
            </TextLine>
            <TextLine id="r2l38" custom="readingOrder {index:17;}">
                <Coords points="819,750 1407,754 1407,722 1391,721 819,722"/>
                <Baseline points="824,743 852,743 881,743 910,743 939,744 968,744 997,744 1026,744 1055,744 1084,745 1113,745 1141,745 1170,745 1199,745 1228,746 1257,746 1286,746 1315,746 1344,746 1373,745 1402,745"/>
                <TextEquiv>
                    <Unicode>turaliter obiectiue quia talis visio est visio obie</Unicode>
                </TextEquiv>
            </TextLine>
            <TextLine id="r2l40" custom="readingOrder {index:18;}">
                <Coords points="819,777 1387,783 1405,779 1406,752 820,750"/>
                <Baseline points="824,771 852,771 881,771 910,772 939,772 968,772 996,772 1025,773 1054,773 1083,773 1112,773 1140,773 1169,774 1198,774 1227,774 1256,774 1284,774 1313,774 1342,774 1371,774 1400,774"/>
                <TextEquiv>
                    <Unicode>cti immensi igitur si esset causata a creatura obie</Unicode>
                </TextEquiv>
            </TextLine>
            <TextLine id="r2l42" custom="readingOrder {index:19;}">
                <Coords points="825,803 1406,809 1406,780 825,780"/>
                <Baseline points="830,799 858,799 887,800 915,800 944,801 972,801 1001,801 1029,801 1058,801 1086,801 1115,802 1144,802 1172,802 1201,802 1229,802 1258,802 1286,802 1315,802 1343,802 1372,802 1401,802"/>
                <TextEquiv>
                    <Unicode>ctiue mere naturaliter cum nulla visio sit natura</Unicode>
                </TextEquiv>
            </TextLine>
            <TextLine id="r2l44" custom="readingOrder {index:20;}">
                <Coords points="821,834 1370,841 1407,836 1408,808 822,803"/>
                <Baseline points="826,827 854,827 883,828 912,828 941,828 970,828 998,829 1027,829 1056,829 1085,830 1114,830 1142,831 1171,831 1200,831 1229,831 1258,832 1286,832 1315,832 1344,832 1373,831 1402,831"/>
                <TextEquiv>
                    <Unicode>liter mere visio alicuius nisi illius a quo est obie</Unicode>
                </TextEquiv>
            </TextLine>
            <TextLine id="r2l46" custom="readingOrder {index:21;}">
                <Coords points="819,859 1410,861 1398,834 819,837"/>
                <Baseline points="824,855 853,856 882,856 911,856 940,856 969,857 998,857 1027,858 1056,858 1085,858 1114,859 1143,859 1172,859 1201,859 1230,860 1259,860 1288,860 1317,859 1346,859 1375,859 1405,858"/>
                <TextEquiv>
                    <Unicode>ctiue naturaliter causata sequitur quod ipsa erit vi¬</Unicode>
                </TextEquiv>
            </TextLine>
            <TextLine id="r2l48" custom="readingOrder {index:22;}">
                <Coords points="823,887 1419,897 1412,856 1277,872 823,859"/>
                <Baseline points="828,883 857,883 886,884 915,884 945,885 974,885 1003,886 1033,886 1062,887 1091,887 1121,887 1150,887 1179,888 1208,888 1238,888 1267,888 1296,888 1326,888 1355,888 1384,888 1414,888"/>
                <TextEquiv>
                    <Unicode>sio creature tanquam obiecti immensi quod est impos</Unicode>
                </TextEquiv>
            </TextLine>
            <TextLine id="r2l50" custom="readingOrder {index:23;}">
                <Coords points="820,922 1397,926 1407,896 821,888"/>
                <Baseline points="825,913 853,913 882,913 911,913 940,914 969,914 997,915 1026,915 1055,915 1084,915 1113,916 1141,916 1170,916 1199,917 1228,917 1257,917 1285,917 1314,917 1343,917 1372,917 1401,916"/>
                <TextEquiv>
                    <Unicode>sibile. ⁋ Contra dicta sint. a. et. b. equalia per om¬</Unicode>
                </TextEquiv>
            </TextLine>
            <TextLine id="r2l52" custom="readingOrder {index:24;}">
                <Coords points="821,950 1417,951 1405,917 821,922"/>
                <Baseline points="826,940 855,941 884,941 913,942 943,942 972,943 1001,943 1031,944 1060,944 1089,945 1119,945 1148,945 1177,946 1206,946 1236,946 1265,946 1294,946 1324,945 1353,945 1382,944 1412,943"/>
                <TextEquiv>
                    <Unicode>nia tunc distincte et eque apprehensiue cognosce</Unicode>
                </TextEquiv>
            </TextLine>
            <TextLine id="r2l54" custom="readingOrder {index:25;}">
                <Coords points="819,977 1417,980 1417,953 1388,947 819,949"/>
                <Baseline points="824,969 853,970 882,970 912,971 941,971 971,971 1000,972 1029,972 1059,973 1088,973 1118,973 1147,973 1176,974 1206,974 1235,974 1265,974 1294,974 1323,974 1353,974 1382,973 1412,973"/>
                <TextEquiv>
                    <Unicode>re a. et. b. sunt duple perfectionis in cognoscendo </Unicode>
                </TextEquiv>
            </TextLine>
            <TextLine id="r2l56" custom="readingOrder {index:26;}">
                <Coords points="823,1004 1410,1010 1410,979 823,976"/>
                <Baseline points="828,998 856,998 885,999 914,1000 943,1000 972,1001 1001,1001 1029,1001 1058,1001 1087,1002 1116,1002 1145,1002 1174,1002 1203,1002 1231,1002 1260,1002 1289,1002 1318,1002 1347,1002 1376,1002 1405,1002"/>
                <TextEquiv>
                    <Unicode>ad cognoscere precise a. igitur pari ratione sic co</Unicode>
                </TextEquiv>
            </TextLine>
            <TextLine id="r2l58" custom="readingOrder {index:27;}">
                <Coords points="816,1037 1412,1035 1412,1007 1395,1006 816,1003"/>
                <Baseline points="821,1028 850,1028 879,1028 908,1028 938,1028 967,1028 996,1029 1026,1029 1055,1029 1084,1030 1114,1030 1143,1030 1172,1030 1201,1031 1231,1031 1260,1031 1289,1031 1319,1030 1348,1030 1377,1029 1407,1029"/>
                <TextEquiv>
                    <Unicode>gnoscere aliquod obiectum duple perfectionis</Unicode>
                </TextEquiv>
            </TextLine>
            <TextLine id="r2l60" custom="readingOrder {index:28;}">
                <Coords points="823,1062 1415,1065 1415,1039 1396,1034 823,1035"/>
                <Baseline points="828,1055 857,1055 886,1056 915,1057 944,1057 973,1058 1002,1058 1031,1058 1060,1058 1089,1058 1119,1058 1148,1058 1177,1058 1206,1058 1235,1058 1264,1058 1293,1058 1322,1058 1351,1058 1380,1059 1410,1059"/>
                <TextEquiv>
                    <Unicode>ad a. est duple perfectionis in cognoscendo et sic</Unicode>
                </TextEquiv>
            </TextLine>
            <TextLine id="r2l62" custom="readingOrder {index:29;}">
                <Coords points="817,1087 1406,1093 1414,1065 818,1062"/>
                <Baseline points="822,1083 851,1084 880,1084 909,1084 939,1084 968,1085 997,1085 1027,1085 1056,1086 1085,1086 1115,1086 1144,1086 1173,1086 1202,1086 1232,1086 1261,1086 1290,1086 1320,1086 1349,1086 1378,1086 1408,1085"/>
                <TextEquiv>
                    <Unicode>arguitur de triplo etc. igitur clara dei visio cum</Unicode>
                </TextEquiv>
            </TextLine>
            <TextLine id="r2l64" custom="readingOrder {index:30;}">
                <Coords points="823,1114 1407,1122 1407,1092 1392,1090 823,1087"/>
                <Baseline points="828,1111 856,1112 885,1112 914,1112 942,1112 971,1113 1000,1113 1028,1113 1057,1114 1086,1114 1115,1114 1143,1114 1172,1114 1201,1114 1229,1115 1258,1114 1287,1114 1315,1114 1344,1114 1373,1114 1402,1114"/>
                <TextEquiv>
                    <Unicode>sit obiecti infiniti est in infinitum perfectior visio</Unicode>
                </TextEquiv>
            </TextLine>
            <TextLine id="r2l66" custom="readingOrder {index:31;}">
                <Coords points="817,1146 1406,1154 1406,1125 1376,1119 817,1114"/>
                <Baseline points="822,1138 852,1139 882,1139 913,1140 943,1140 974,1141 1004,1141 1035,1141 1065,1142 1096,1142 1126,1142 1157,1143 1187,1143 1218,1143 1248,1143 1279,1143 1309,1143 1340,1143 1370,1144 1401,1144"/>
                <TextEquiv>
                    <Unicode>quam cuiuscunque alterius obiecti. ⁋ Preterea com</Unicode>
                </TextEquiv>
            </TextLine>
            <TextLine id="r2l68" custom="readingOrder {index:32;}">
                <Coords points="822,1172 1415,1180 1415,1146 822,1146"/>
                <Baseline points="827,1167 856,1167 885,1168 914,1168 943,1169 972,1169 1001,1169 1031,1170 1060,1170 1089,1170 1118,1171 1147,1171 1176,1171 1205,1171 1235,1171 1264,1171 1293,1171 1322,1171 1351,1170 1380,1170 1410,1170"/>
                <TextEquiv>
                    <Unicode>tra formam arguendi vnam prius positam angu¬</Unicode>
                </TextEquiv>
            </TextLine>
            <TextLine id="r2l70" custom="readingOrder {index:33;}">
                <Coords points="824,1201 1414,1202 1401,1176 824,1175"/>
                <Baseline points="829,1195 858,1195 887,1195 916,1196 945,1196 974,1197 1003,1197 1032,1197 1061,1198 1090,1198 1119,1199 1148,1199 1177,1199 1206,1199 1235,1200 1264,1200 1293,1200 1322,1200 1351,1199 1380,1199 1409,1199"/>
                <TextEquiv>
                    <Unicode>lus contingentie est finite acutiei eo quod per ma¬</Unicode>
                </TextEquiv>
            </TextLine>
            <TextLine id="r2l72" custom="readingOrder {index:34;}">
                <Coords points="812,1228 1379,1239 1414,1233 1415,1202 813,1201"/>
                <Baseline points="817,1223 846,1224 876,1224 905,1224 935,1225 965,1225 994,1225 1024,1225 1053,1226 1083,1226 1113,1226 1142,1227 1172,1227 1201,1227 1231,1227 1261,1228 1290,1228 1320,1228 1349,1228 1379,1227 1409,1227"/>
                <TextEquiv>
                    <Unicode>iorationem circuli fit acutior et tamen non sequi</Unicode>
                </TextEquiv>
            </TextLine>
            <TextLine id="r2l74" custom="readingOrder {index:35;}">
                <Coords points="815,1258 1413,1260 1413,1235 1365,1231 815,1229"/>
                <Baseline points="820,1251 849,1251 878,1252 908,1252 937,1252 967,1253 996,1253 1025,1254 1055,1254 1084,1254 1114,1255 1143,1255 1172,1255 1202,1256 1231,1256 1261,1256 1290,1256 1319,1256 1349,1256 1378,1256 1408,1256"/>
                <TextEquiv>
                    <Unicode>tur angulus rectilineus potest fieri in duplo acu</Unicode>
                </TextEquiv>
            </TextLine>
            <TextLine id="r2l76" custom="readingOrder {index:36;}">
                <Coords points="819,1288 1411,1293 1411,1265 1359,1256 819,1257"/>
                <Baseline points="824,1279 853,1280 882,1280 911,1281 940,1282 969,1282 998,1282 1027,1283 1056,1283 1085,1283 1115,1283 1144,1283 1173,1284 1202,1284 1231,1284 1260,1284 1289,1284 1318,1284 1347,1284 1376,1284 1406,1284"/>
                <TextEquiv>
                    <Unicode>tior et in triplo et sic in infinitum igitur potest fie</Unicode>
                </TextEquiv>
            </TextLine>
            <TextLine id="r2l78" custom="readingOrder {index:37;}">
                <Coords points="821,1313 1367,1323 1404,1320 1405,1292 822,1289"/>
                <Baseline points="826,1307 854,1308 883,1308 911,1309 940,1309 969,1310 997,1310 1026,1311 1055,1311 1083,1311 1112,1312 1141,1312 1169,1312 1198,1312 1227,1313 1255,1313 1284,1313 1313,1313 1341,1313 1370,1313 1399,1313"/>
                <TextEquiv>
                    <Unicode>ri acutior angulo contigentie pari ratione non va¬</Unicode>
                </TextEquiv>
            </TextLine>
            <TextLine id="r2l80" custom="readingOrder {index:38;}">
                <Coords points="815,1340 1359,1351 1406,1346 1407,1318 816,1311"/>
                <Baseline points="820,1336 849,1337 878,1338 907,1338 936,1338 965,1339 994,1339 1023,1339 1052,1339 1081,1339 1110,1340 1139,1340 1168,1340 1197,1340 1226,1340 1255,1340 1284,1341 1313,1341 1342,1341 1371,1342 1401,1342"/>
                <TextEquiv>
                    <Unicode>let forma arguendi prius facta consimiliter de vi</Unicode>
                </TextEquiv>
            </TextLine>
            <TextLine id="r2l82" custom="readingOrder {index:39;}">
                <Coords points="820,1372 1412,1370 1396,1344 820,1339"/>
                <Baseline points="825,1364 854,1365 883,1365 912,1366 941,1366 970,1366 999,1367 1028,1367 1057,1367 1086,1368 1116,1368 1145,1368 1174,1368 1203,1369 1232,1369 1261,1369 1290,1369 1319,1369 1348,1370 1377,1370 1407,1370"/>
                <TextEquiv>
                    <Unicode>sionibus. ⁋ Respondetur ad primum dicendo quod con</Unicode>
                </TextEquiv>
            </TextLine>
            <TextLine id="r2l84" custom="readingOrder {index:40;}">
                <Coords points="811,1403 1413,1403 1413,1377 1391,1373 812,1370"/>
                <Baseline points="817,1393 846,1394 876,1394 905,1394 935,1394 964,1395 994,1395 1023,1395 1053,1396 1082,1396 1112,1396 1142,1397 1171,1397 1201,1397 1230,1397 1260,1398 1289,1398 1319,1398 1348,1398 1378,1398 1408,1398"/>
                <TextEquiv>
                    <Unicode>paratio predicta potest intelligi vel oe visionibus me</Unicode>
                </TextEquiv>
            </TextLine>
            <TextLine id="r2l86" custom="readingOrder {index:41;}">
                <Coords points="813,1426 1398,1436 1414,1403 814,1402"/>
                <Baseline points="818,1421 847,1421 877,1422 906,1423 936,1423 965,1423 995,1424 1024,1424 1054,1424 1083,1424 1113,1424 1142,1425 1172,1425 1201,1425 1231,1425 1260,1425 1290,1426 1319,1426 1349,1427 1378,1427 1408,1428"/>
                <TextEquiv>
                    <Unicode>re naturaliter causabilibus ab obiectis suis vel</Unicode>
                </TextEquiv>
            </TextLine>
            <TextLine id="r2l88" custom="readingOrder {index:42;}">
                <Coords points="812,1455 1406,1462 1406,1436 1345,1429 812,1427"/>
                <Baseline points="817,1451 846,1451 875,1451 904,1451 933,1451 963,1451 992,1452 1021,1452 1050,1452 1079,1453 1109,1453 1138,1453 1167,1453 1196,1454 1225,1454 1255,1454 1284,1454 1313,1454 1342,1454 1371,1454 1401,1454"/>
                <TextEquiv>
                    <Unicode>supernaturaliter vel a solo deo vel aliter concau¬</Unicode>
                </TextEquiv>
            </TextLine>
            <TextLine id="r2l90" custom="readingOrder {index:43;}">
                <Coords points="804,1488 1408,1486 1408,1460 804,1455"/>
                <Baseline points="809,1478 838,1479 868,1479 898,1480 927,1480 957,1480 987,1481 1016,1481 1046,1482 1076,1482 1106,1482 1135,1482 1165,1483 1195,1483 1224,1483 1254,1483 1284,1483 1313,1483 1343,1482 1373,1482 1403,1482"/>
                <TextEquiv>
                    <Unicode>sante quam communiter causabilibus in potentiis. Primo</Unicode>
                </TextEquiv>
            </TextLine>
            <TextLine id="r2l92" custom="readingOrder {index:44;}">
                <Coords points="808,1515 1384,1517 1414,1512 1414,1482 808,1487"/>
                <Baseline points="813,1506 842,1507 872,1507 902,1507 932,1508 962,1508 991,1509 1021,1509 1051,1509 1081,1510 1111,1510 1140,1510 1170,1510 1200,1510 1230,1510 1260,1510 1289,1510 1319,1510 1349,1510 1379,1510 1409,1509"/>
                <TextEquiv>
                    <Unicode>modo ad comprehensiue videndum duo obiecta disti¬</Unicode>
                </TextEquiv>
            </TextLine>
            <TextLine id="r2l94" custom="readingOrder {index:45;}">
                <Coords points="813,1540 1415,1542 1405,1511 813,1515"/>
                <Baseline points="818,1535 847,1535 877,1536 906,1536 936,1536 966,1536 995,1537 1025,1537 1054,1537 1084,1537 1114,1538 1143,1538 1173,1538 1202,1538 1232,1538 1262,1538 1291,1538 1321,1538 1350,1538 1380,1538 1410,1537"/>
                <TextEquiv>
                    <Unicode>cte non sufficit quod visio superioris sit causata in sua</Unicode>
                </TextEquiv>
            </TextLine>
            <TextLine id="r2l96" custom="readingOrder {index:46;}">
                <Coords points="817,1571 1413,1575 1413,1546 1363,1540 817,1540"/>
                <Baseline points="822,1564 851,1564 880,1565 909,1565 939,1565 968,1565 997,1566 1027,1566 1056,1566 1085,1566 1115,1566 1144,1566 1173,1566 1202,1566 1232,1566 1261,1566 1290,1567 1320,1567 1349,1567 1378,1567 1408,1567"/>
                <TextEquiv>
                    <Unicode>specie seu tot graduum sue speciei sicut inferior in sua</Unicode>
                </TextEquiv>
            </TextLine>
            <TextLine id="r2l98" custom="readingOrder {index:47;}">
                <Coords points="816,1595 1134,1607 1417,1593 1417,1572 1391,1570 816,1571"/>
                <Baseline points="821,1591 850,1592 880,1592 909,1593 939,1593 968,1594 998,1594 1027,1594 1057,1594 1086,1594 1116,1594 1146,1594 1175,1594 1205,1594 1234,1594 1264,1594 1293,1594 1323,1594 1352,1594 1382,1594 1412,1594"/>
                <TextEquiv>
                    <Unicode>quia si anima videret comprehensiue seipsam vi¬</Unicode>
                </TextEquiv>
            </TextLine>
            <TextLine id="r2l100" custom="readingOrder {index:48;}">
                <Coords points="819,1626 1414,1627 1400,1598 819,1594"/>
                <Baseline points="824,1618 853,1619 882,1621 911,1621 941,1622 970,1622 999,1622 1028,1623 1058,1623 1087,1623 1116,1622 1145,1622 1175,1622 1204,1622 1233,1622 1262,1622 1292,1623 1321,1623 1350,1624 1379,1624 1409,1626"/>
                <TextEquiv>
                    <Unicode>sione decem graduum non tamen videret deum compre</Unicode>
                </TextEquiv>
            </TextLine>
            <TextLine id="r2l102" custom="readingOrder {index:49;}">
                <Coords points="817,1657 1417,1654 1417,1633 1392,1627 817,1623"/>
                <Baseline points="822,1647 851,1648 881,1648 910,1649 940,1649 969,1650 999,1650 1028,1650 1058,1650 1087,1650 1117,1650 1146,1650 1176,1650 1205,1650 1235,1650 1264,1651 1294,1651 1323,1651 1353,1652 1382,1652 1412,1653"/>
                <TextEquiv>
                    <Unicode>hensiue visione decem graduum sue speciei ymo re</Unicode>
                </TextEquiv>
            </TextLine>
            <TextLine id="r2l104" custom="readingOrder {index:50;}">
                <Coords points="817,1679 1413,1685 1413,1656 1375,1653 817,1656"/>
                <Baseline points="822,1675 851,1676 880,1676 909,1676 939,1677 968,1677 997,1677 1027,1677 1056,1677 1085,1678 1115,1678 1144,1678 1173,1678 1202,1678 1232,1678 1261,1679 1290,1679 1320,1679 1349,1680 1378,1680 1408,1680"/>
                <TextEquiv>
                    <Unicode>quiretur visio graduum infinitorum vel intensiue</Unicode>
                </TextEquiv>
            </TextLine>
            <TextLine id="r2l106" custom="readingOrder {index:51;}">
                <Coords points="815,1708 1408,1714 1392,1682 815,1679"/>
                <Baseline points="820,1703 849,1703 878,1704 907,1704 936,1705 965,1705 994,1706 1024,1706 1053,1706 1082,1706 1111,1707 1140,1707 1169,1707 1198,1707 1228,1707 1257,1708 1286,1708 1315,1708 1344,1708 1373,1709 1403,1709"/>
                <TextEquiv>
                    <Unicode>imensa sed talis est creature impossibilis. ⁋ Et ex</Unicode>
                </TextEquiv>
            </TextLine>
            <TextLine id="r2l108" custom="readingOrder {index:52;}">
                <Coords points="813,1740 1409,1744 1409,1714 1381,1710 813,1708"/>
                <Baseline points="818,1732 847,1732 876,1733 905,1733 935,1733 964,1733 993,1733 1023,1734 1052,1734 1081,1734 1111,1734 1140,1735 1169,1735 1198,1735 1228,1736 1257,1736 1286,1736 1316,1736 1345,1737 1374,1737 1404,1737"/>
                <TextEquiv>
                    <Unicode>hoc patet solutio argumenti quia bene procedit</Unicode>
                </TextEquiv>
            </TextLine>
            <TextLine id="r2l110" custom="readingOrder {index:53;}">
                <Coords points="819,1764 1358,1773 1414,1769 1415,1746 820,1741"/>
                <Baseline points="824,1759 853,1760 882,1761 911,1761 941,1762 970,1762 999,1763 1028,1763 1058,1763 1087,1763 1116,1763 1145,1763 1175,1763 1204,1764 1233,1764 1262,1764 1292,1764 1321,1764 1350,1764 1379,1764 1409,1765"/>
                <TextEquiv>
                    <Unicode>quando quodlibet obiectum haberet potentiam</Unicode>
                </TextEquiv>
            </TextLine>
            <TextLine id="r2l112" custom="readingOrder {index:54;}">
                <Coords points="817,1795 1410,1797 1410,1769 817,1764"/>
                <Baseline points="822,1789 851,1789 880,1790 909,1790 938,1790 967,1790 996,1791 1026,1791 1055,1791 1084,1791 1113,1791 1142,1792 1171,1792 1200,1792 1230,1792 1259,1792 1288,1793 1317,1793 1346,1793 1375,1793 1405,1794"/>
                <TextEquiv>
                    <Unicode>sibi summe proportionatam. ⁋ Unde non est mirum si</Unicode>
                </TextEquiv>
            </TextLine>
            <TextLine id="r2l114" custom="readingOrder {index:55;}">
                <Coords points="820,1823 1402,1827 1402,1802 1379,1797 820,1797"/>
                <Baseline points="825,1818 853,1818 882,1818 910,1818 939,1818 968,1818 996,1818 1025,1819 1053,1819 1082,1819 1111,1819 1139,1820 1168,1820 1196,1820 1225,1820 1254,1821 1282,1821 1311,1821 1339,1821 1368,1822 1397,1822"/>
                <TextEquiv>
                    <Unicode>duplata tantum altera causa noticie non duple¬</Unicode>
                </TextEquiv>
            </TextLine>
            <TextLine id="r2l116" custom="readingOrder {index:56;}">
                <Coords points="814,1852 1408,1853 1408,1824 814,1823"/>
                <Baseline points="819,1847 848,1847 877,1847 906,1847 935,1847 965,1847 994,1847 1023,1848 1052,1848 1081,1848 1111,1849 1140,1849 1169,1849 1198,1850 1227,1850 1257,1850 1286,1850 1315,1849 1344,1849 1373,1849 1403,1848"/>
                <TextEquiv>
                    <Unicode>tur noticia sed si dupletur procedit bene argu¬</Unicode>
                </TextEquiv>
            </TextLine>
            <TextLine id="r2l118" custom="readingOrder {index:57;}">
                <Coords points="811,1882 1415,1879 1415,1853 1399,1852 811,1850"/>
                <Baseline points="816,1876 845,1875 875,1875 905,1875 934,1875 964,1875 994,1875 1023,1875 1053,1876 1083,1876 1113,1877 1142,1877 1172,1878 1202,1878 1231,1878 1261,1878 1291,1878 1320,1878 1350,1877 1380,1877 1410,1875"/>
                <TextEquiv>
                    <Unicode>mentum et eodum modo dicitur si supernaturali¬</Unicode>
                </TextEquiv>
            </TextLine>
            <TextLine id="r2l120" custom="readingOrder {index:58;}">
                <Coords points="819,1908 1367,1915 1405,1910 1406,1884 820,1882"/>
                <Baseline points="824,1903 852,1903 881,1903 910,1903 939,1903 968,1904 996,1904 1025,1904 1054,1905 1083,1905 1112,1906 1140,1906 1169,1906 1198,1906 1227,1907 1256,1907 1284,1907 1313,1906 1342,1906 1371,1905 1400,1904"/>
                <TextEquiv>
                    <Unicode>ter causentur tales visiones. ⁋ Et si arguatur ex quo </Unicode>
                </TextEquiv>
            </TextLine>
            <TextLine id="r2l122" custom="readingOrder {index:59;}">
                <Coords points="816,1941 1411,1939 1411,1909 816,1909"/>
                <Baseline points="821,1932 850,1932 879,1932 908,1932 938,1932 967,1932 996,1932 1025,1932 1055,1933 1084,1933 1113,1934 1142,1934 1172,1934 1201,1935 1230,1935 1259,1935 1289,1935 1318,1935 1347,1935 1376,1935 1406,1934"/>
                <TextEquiv>
                    <Unicode>clara dei visio est finite nobilioris speciei etiam si est</Unicode>
                </TextEquiv>
            </TextLine>
            <TextLine id="r2l124" custom="readingOrder {index:60;}">
                <Coords points="813,1966 1411,1966 1411,1939 813,1938"/>
                <Baseline points="818,1959 847,1960 876,1960 906,1960 935,1960 965,1961 994,1961 1023,1961 1053,1962 1082,1962 1112,1962 1141,1962 1170,1963 1200,1963 1229,1963 1259,1963 1288,1963 1317,1963 1347,1962 1376,1962 1406,1961"/>
                <TextEquiv>
                    <Unicode>naturaliter causata a deo quam sit visio naturaliter cau¬</Unicode>
                </TextEquiv>
            </TextLine>
            <TextLine id="r2l126" custom="readingOrder {index:61;}">
                <Coords points="809,1993 1411,1997 1411,1964 809,1964"/>
                <Baseline points="814,1988 843,1988 873,1988 902,1989 932,1989 962,1989 991,1989 1021,1990 1050,1990 1080,1990 1110,1991 1139,1991 1169,1991 1198,1992 1228,1992 1258,1992 1287,1992 1317,1992 1346,1992 1376,1991 1406,1991"/>
                <TextEquiv>
                    <Unicode>sabilis in intellectu creato ab aliquam creatura et hoc</Unicode>
                </TextEquiv>
            </TextLine>
            <TextLine id="r2l128" custom="readingOrder {index:62;}">
                <Coords points="810,2020 1378,2029 1411,2023 1412,1996 811,1997"/>
                <Baseline points="815,2016 844,2016 874,2016 903,2017 933,2017 962,2017 992,2018 1021,2018 1051,2019 1080,2019 1110,2019 1140,2019 1169,2020 1199,2020 1228,2020 1258,2020 1287,2020 1317,2019 1346,2019 1376,2019 1406,2018"/>
                <TextEquiv>
                    <Unicode>absolute in genere qualitatis cum igitur quamli¬</Unicode>
                </TextEquiv>
            </TextLine>
            <TextLine id="r2l130" custom="readingOrder {index:63;}">
                <Coords points="809,2049 1414,2050 1414,2020 809,2020"/>
                <Baseline points="814,2045 843,2045 873,2046 903,2046 933,2046 962,2047 992,2047 1022,2047 1052,2047 1081,2047 1111,2048 1141,2048 1171,2048 1200,2048 1230,2048 1260,2048 1290,2048 1319,2048 1349,2048 1379,2048 1409,2048"/>
                <TextEquiv>
                    <Unicode>bet creaturam potest deus causare in duplo perfe</Unicode>
                </TextEquiv>
            </TextLine>
            <TextLine id="r2l132" custom="readingOrder {index:64;}">
                <Coords points="817,2081 1405,2085 1405,2053 1388,2051 817,2054"/>
                <Baseline points="822,2073 850,2074 879,2074 908,2075 937,2075 966,2075 995,2076 1024,2076 1053,2076 1082,2076 1111,2076 1139,2076 1168,2076 1197,2076 1226,2076 1255,2076 1284,2076 1313,2076 1342,2077 1371,2077 1400,2078"/>
                <TextEquiv>
                    <Unicode>ctionem secundum speciem et in triplo etc. sequitur quod</Unicode>
                </TextEquiv>
            </TextLine>
            <TextLine id="r2l134" custom="readingOrder {index:65;}">
                <Coords points="817,2126 1155,2110 1238,2127 1294,2102 1346,2124 1408,2113 1408,2084 1333,2078 817,2081"/>
                <Baseline points="822,2104 851,2104 880,2105 909,2106 938,2106 967,2106 996,2106 1025,2106 1054,2106 1083,2106 1112,2106 1141,2106 1170,2106 1199,2105 1228,2105 1257,2105 1286,2105 1315,2105 1344,2105 1373,2105 1403,2105"/>
                <TextEquiv>
                    <Unicode>deus possit causare in intellectu vnam visionem</Unicode>
                </TextEquiv>
            </TextLine>
            <TextLine id="r2l135" custom="readingOrder {index:66;}">
                <Coords points="1263,2149 1274,2149 1279,2144 1289,2148 1296,2143 1308,2152 1318,2151 1318,2108 1302,2108 1294,2102 1280,2114 1271,2108 1263,2109"/>
                <Baseline points="1268,2133 1313,2133"/>
                <TextEquiv>
                    <Unicode>c. ia</Unicode>
                </TextEquiv>
            </TextLine>
            <TextEquiv>
                <Unicode>spectu quorumcumque obiectorum etiam dei sit eiui
dem speciei specialissime. ⁋ Sciendum circa dicia
quod si obiecta mere naturaliter producerent suas vi
siones in creatura rationali comprehensiue viden
ti quodlibet per suam visionem tunc eadem esset
proportio visionum et obiectorum et tunc visio
dei esset simpliciter infinita tam quo ad speciem
quam quo ad gradum sed ita non fit propter finitatem
capacitatis anime. ⁋ Et ideo visio quam habet eti
am respectu dei est finita quo ad gradum indivi¬
dualem et quo ad perfectionem speciei. ⁋ Et li¬
cet secundum legem ordinatam nulla creatura
possit causare visionem tam perfectam in spe¬
cie tamen absolute possibile foret quod deus daret
creature potestatem creandi talem speciem visio
nis effectiue impossibile tamen est simpliciter quod 
aliqua creatura causet talem visionem mere na¬
turaliter obiectiue quia talis visio est visio obie
cti immensi igitur si esset causata a creatura obie
ctiue mere naturaliter cum nulla visio sit natura
liter mere visio alicuius nisi illius a quo est obie
ctiue naturaliter causata sequitur quod ipsa erit vi¬
sio creature tanquam obiecti immensi quod est impos
sibile. ⁋ Contra dicta sint. a. et. b. equalia per om¬
nia tunc distincte et eque apprehensiue cognosce
re a. et. b. sunt duple perfectionis in cognoscendo 
ad cognoscere precise a. igitur pari ratione sic co
gnoscere aliquod obiectum duple perfectionis
ad a. est duple perfectionis in cognoscendo et sic
arguitur de triplo etc. igitur clara dei visio cum
sit obiecti infiniti est in infinitum perfectior visio
quam cuiuscunque alterius obiecti. ⁋ Preterea com
tra formam arguendi vnam prius positam angu¬
lus contingentie est finite acutiei eo quod per ma¬
iorationem circuli fit acutior et tamen non sequi
tur angulus rectilineus potest fieri in duplo acu
tior et in triplo et sic in infinitum igitur potest fie
ri acutior angulo contigentie pari ratione non va¬
let forma arguendi prius facta consimiliter de vi
sionibus. ⁋ Respondetur ad primum dicendo quod con
paratio predicta potest intelligi vel oe visionibus me
re naturaliter causabilibus ab obiectis suis vel
supernaturaliter vel a solo deo vel aliter concau¬
sante quam communiter causabilibus in potentiis. Primo
modo ad comprehensiue videndum duo obiecta disti¬
cte non sufficit quod visio superioris sit causata in sua
specie seu tot graduum sue speciei sicut inferior in sua
quia si anima videret comprehensiue seipsam vi¬
sione decem graduum non tamen videret deum compre
hensiue visione decem graduum sue speciei ymo re
quiretur visio graduum infinitorum vel intensiue
imensa sed talis est creature impossibilis. ⁋ Et ex
hoc patet solutio argumenti quia bene procedit
quando quodlibet obiectum haberet potentiam
sibi summe proportionatam. ⁋ Unde non est mirum si
duplata tantum altera causa noticie non duple¬
tur noticia sed si dupletur procedit bene argu¬
mentum et eodum modo dicitur si supernaturali¬
ter causentur tales visiones. ⁋ Et si arguatur ex quo 
clara dei visio est finite nobilioris speciei etiam si est
naturaliter causata a deo quam sit visio naturaliter cau¬
sabilis in intellectu creato ab aliquam creatura et hoc
absolute in genere qualitatis cum igitur quamli¬
bet creaturam potest deus causare in duplo perfe
ctionem secundum speciem et in triplo etc. sequitur quod
deus possit causare in intellectu vnam visionem
c. ia</Unicode>
            </TextEquiv>
        </TextRegion>
    </Page>
</PcGts>
