4959 6601
1865 1055 4102 1228 ad movendum et determinandum voluntatem et non intellectum: vtpote quia videtur
1886 1166 4115 1291 bonum vel conueniens huic parti assentire. et haec est dispositio credentis: vt
1884 1266 4101 1390 cum aliquis credit dictis alicuius hominis: quia videtur decens vel vtile: sic
1879 1338 4104 1472 etiam movemur ad credendum reuelatis a prima veritate inquantum nobis repro-
1874 1420 4100 1547 mititur si crediderimus praemium aeternae vitae consequemur. et hoc praemio mo-
1879 1510 4106 1657 uemur ad credendum: et sic in credente ratio non determinat per se intellectus: vt
1867 1595 4085 1736 aliqui falso opinantur: sed voluntas. vnde Augustinus. dicit: quod cetera potest homo nol-
1871 1688 4101 1825 lens: credere autaem non nisi volens. Et hinc est quod fides dicitur habitus fir-
1869 1787 4095 1908 miter adhaesiuus propositionibus no cuidentibus propter solam auctoritatem dicen
1869 1863 4088 1999 tis cum imperio voluntatis. Quando vero ratio quae movet ad alteram partem
1855 1955 4088 2089 contradictionis non sufficit ad determinadum intellectum: quia non resoluit con
1864 2030 4086 2180 clusionem in principia per se nota: neque sufficit ad determinadum voluntatem
1866 2130 4086 2255 vt honum videatur illi parti adhaerere: tunc homo opinatur illud cui adhaeret
1857 2217 4084 2348 Et haec est ratio quare credere est in libera potestate hominis et non opinari. Et
1847 2296 4089 2425 cum per rationes pobabiles intellectus non determinetur perfecte: quia semper
1860 2379 4082 2510 remanet motus ad contratrium: accipit enim vnam partem contradictionis cum
1864 2463 4086 2597 formidine et dubitatione alterius: ideo opinans non totaliter assentit. vnde opi-
1848 2554 4079 2677 nio est habitus infirmus: id est cum formidine de opposito de aliqua proposi
1856 2641 4080 2777 tione generabilis per praemissas pobabiles non tamen certas seu euidentes. Quando
1856 2726 4077 2867 vero homo non habet rationem ad vnam partem magis quam ad aliam: sicut in illis
1848 2821 4073 2941 probleumatibus de quibus rationes no habemus. quod nescientis est: vel pro
1865 2900 4091 3017 pter apparentem aequalitatem eorum que mouent ad vtramque partem: quod dubitan
1856 2989 4073 3113 tis est. tunc nulio modo intellectus assentit: cum nulio modo determinetur eius
1853 3062 4083 3201 iudicium vel neutralitas: sed aequaliter inter duas partes contradictionis fluctu
1845 3153 4083 3293 et si aliquod debile signum apparens verisimile plus pro vna parte quam pro alia
1840 3236 4067 3375 habet: tunc aliquantulum vni inclinatur sed dubitat de alterius veritate et adhuc
1841 3329 4075 3445 neutri assentit. Cum autem signum multum verisimile habet pro vna parte:
1844 3406 4057 3544 tunc dimissa neutralitate iam suspicatur de alia. Unde suspitio est habitus in-
1837 3493 4064 3633 firmiter adhaesiuus de propositione contingenter vera generatus solum ex qui-
1847 3582 4057 3720 busdam signis rhetoricis: que nihil pohibet ee vera: quamuis propositio cui in-
1832 3676 4064 3802 tellectus assentit sit falsa: vt si Titius esset fur: et quis videns eum de nocte
1831 3764 4057 3896 errabundum assentiret propter hoc signum quod Titius esset fur: talis assensus esset
1834 3844 4060 3969 suspitio vel coniecturatio. Patet ergo ex dictis quod in illa operatione intellectus
1828 3927 4065 4055 qua fomat simplices rerum quidditates. i. simplices et quidditatiuos conceptus
1838 4015 4042 4151 non inuenitur assensus nec dissensus: cum non sit ihi verum vel falsum. Non
1837 4105 4050 4217 enim dicimur alicui assentire nisi cum inhaeremus ei quasi vero. Similiter du-
1835 4189 4029 4341 bitans non habet assensum cum non inhaereat vni partim contradictionis magis
1822 4289 4057 4410 quam alteri. Similiter nec opinans hahet assensum totaliter cum non firmetur eius
1821 4381 4056 4491 acceptio circa alteram partem. Sententia autem vt Auicenna et Ilach volunt
1825 4470 4035 4580 est conceptio distincta vel certissima alterius partis contradictionis. Assenti
1826 4539 4050 4660 re autem a sententia dicitur. Intelligens autem habet quidem assensum: quia
1825 4634 4052 4759 certissime alteri parti inhaeret: sed non habet cogitationem. id est rationis inquisitionem
