4959 6601
1890 1065 4099 1224 guitur tamen ab opinari cum includat formidinem saltem habitualem. gene-
1856 1182 4095 1307 ratur enim per imperium voluntatis concurrente ad hoc testimonio vel auctoritate:
1861 1264 4089 1385 vel etiam dialetica vel probabili ratione. Tertio modo accipitur credere strictius
1877 1344 4098 1471 pro assensione sine formidine simpliciter tam actuali quam habituali talibus de
1859 1441 4092 1570 quorum veritate non habetur euidentia sensus vel rationis naturalis: sed constat
1865 1500 4081 1645 de eis per reuelationes a deo immediate vel mediate factam. et hoc est credere
1865 1606 4090 1734 christianae ea que pertinent ad falutem. De hoc credere loquitur magister sententiarum
1865 1688 4082 1820 li. iii. di. xxiii. c. ii. Fides inquit est virtus qua creduntur quae non videntur. quod
1860 1777 4085 1900 tamen non de omnibus que non videntur accipiendum est: sed de his tantum quae cre
1858 1853 4060 1990 dere: vt ait Augustinus in Encheridion ad religionea pertinent. Quarto accipitur
1841 1949 4083 2076 credere strictissime pro assensione vt dictum est cum complacentia voluntatis in
1841 2039 4074 2165 obiecto fidei ex charitate procedente. Et sic credere est ex fide quae per dilectonem
1853 2119 4088 2236 operatur. vnde magister vbi supra. c. iii. aliud est credere in deum: aliud credere
1843 2196 4074 2335 deo: aliud credere deum. Credere deo est credere vera esse quae loquuntur: quod
1849 2297 4068 2427 et mali faciunt: et nos credimus homini sed non in hominem. Credere deum
1839 2365 4080 2508 est credere quod ipse sit deus: quod etiam mali faciunt. Credere in deum est cre-
1844 2453 4080 2589 dendo amare: credendo in eum ire: credendo ei adhaerere et eius membris in
1843 2549 4062 2671 coporari. Per hanc fidem iustificatur impius: vt deinde ipsa fides incipiat per
1831 2636 4070 2757 dilectioem operari. Ea enim sola bona opera dicenda sunt que fiunt per dile
1847 2721 4063 2842 ctionem dei. Unde patet quod credere hoc quarto modo sumptum est meritorium
1835 2812 4065 2924 et ad salutem necessarium. Credere autem habitualiter sumptum dupliciter dicitur
1821 2887 4069 3025 secundum quod fides habitualis secundum doctores est dumplex: quia quedam est acquisita: que
1841 2973 4066 3107 dam vero infusa. Fides acquisita est habitus adhaesiuus certus et non euidens
1843 3049 4052 3197 sine formidine saltem actuali causatus vel genitus per imperium volutatis con-
1838 3154 4081 3262 currente ad hoc testimonio scripturarum vel auctoritate humana: vel etiam dialetica
1824 3228 4073 3361 vel probabili ratione et haec fides acquisita pro quanto innititur fallibili veritati
1826 3330 4059 3453 vtputa rationi naturali seu humanae persuasioni vel auctoritati hominis vel miracuio
1835 3398 4065 3528 de quo non constat propter quid sit factum: dicit beatus Thomas in. iii. sen.
1839 3500 4052 3589 quod talis fides nibil aliud est quam opinio rationibus firmata: quae quantumcumque crescam
1821 3569 4062 3700 non sufficiat ad determinandum intellectum assentiat sine formidine actualiter
1824 3671 4060 3786 vel habituali. quod si contingat per talem fidem sine formidine actuali assentire
1831 3740 4041 3878 hoc facit affectio voluntatis: que secundum Petrum de Alliaco cum aliquo motiuo
1831 3833 4048 3962 paruo potest auferre omnem formidinem actualem. Nam respectum cuiuscumque
1834 3927 4048 4044 propositiiois cuius oppositum non est euidens firmiorem assensum potest in intelle
1815 4008 4047 4129 ctum causare voluntas per suum imperium cum aliquo motiuo quam quaecunque suasio sine
1808 4088 4039 4228 huiusmodi imperio. Et hinc est quod assensus causatus per voluntatem firmior est quam
1821 4177 4026 4315 assensus causatus sine voluntate per solam rationem probabilem. propter quod
1823 4253 4036 4397 dicit Arisoteles, vii. ethicorum. quod aliqui ita afficiuntur opinionibus suis quod ex imperio
1808 4359 4036 4485 voluntatis superueniente rationi probabili ita firmiter adhaerent eis sicut alii
1823 4448 4042 4566 propositionibus scitis. Ex quo patet quod non potest intantum augeri opinio secundum
1824 4529 4040 4625 praedictum doctorem quod cogat intellectum contra imperium voluntatis assentire
1797 4622 4032 4756 alicui complexo. Patet etiam quod quamuis non sit ita fortis aut ita cogens ratio faciens
