4959 6601
1847 1070 4075 1230 audientes enim scripturas credimus doctrine spiritu. Est autem rursus fi-
1861 1193 4088 1312 des indistabilis et iniudicabilis species eorum quae a deo nunciata sunt. Prima
1850 1279 4077 1386 igitur mentis nostrae est: Secunda charismatum spiritus. Uult ergo dicere secundum
1847 1367 4083 1487 Alexandrum de Ales in. iii quod est fides ex auditu acquisita sine testimonio scri-
1860 1450 4084 1555 pturarum vel aliorum et est fides gratuita infusa a deo ad assentiendum primae veri-
1849 1546 4071 1652 tati propter se. Fides primo modo dicta colligitur ex testimonio et ratione et non
1853 1623 4091 1741 est sufficiens ad salutem. Secunda vero infunditur ex superna illuminatione, et
1847 1702 2986 1805 haec est fides salutaris et donum gratiae.
2358 1891 3961 1999 Prima opinio quod ad credendum christianae non requiritur
2411 1974 3958 2091 voluntatis imperium: sed intellectus necessitatur per
2405 2064 3569 2178 miracula vel rationes demonstratiuas.
2138 2198 4070 2337 Quamuis ad credendum christianae requiratur voluntatis imperium: vt di
2115 2314 4079 2436 ctum est: non tamen est manifestum si praeter voluntatis imperium prae
2082 2404 4079 2509 terigatur de per se apparentia alicuius rationis: de quo multiplex et va
1841 2484 4069 2588 ria est theologorum opinio. Quidam enim opinantur quod per miracula vel anti-
1858 2569 4085 2663 quorum gesta vel rationes demonstratiuas necessitatur et compellitur intellectus
1834 2647 4070 2766 humanus et angelicus ad credendum sine imperio voluntatis: citra tamen eui
1841 2734 4065 2836 dentiam: vt dicit Ockan in quadam questione de quodlibet. Et huius opini-
1839 2835 4088 2930 onis videtur esse magister Robertus holkot et Franciscus de Marchia et
1839 2910 4079 3033 plures alii doctores cum quibus defensor praedictae conclusionis in suo apologe
1838 3006 4066 3107 tico sentire videtur. Pro qua opinione arguitur primo sic: Non minorem assen
1844 3076 4066 3194 sum causant miracula sacta pro fide christiana qusm testimonium hominum. sed testimo
1831 3171 4061 3279 nium humanum et historiae antiquae quas inuenimus in libris causant in nobis as-
1838 3247 4077 3368 sensum sine formidine: intantum quod necessitant intellectum. vnde quamtumcunque homo
1840 3337 4078 3429 foret infidelis si coram eo fierent miracula insolita ad ostensionem veritatis
1831 3436 4078 3529 articulorum: puta quod mortui resuscitarentur: per praedicantes talia necessitaretur
1825 3513 4071 3631 talis infidelis ad credendum. Secunda ratio: Assensus articulorum fidei est in
1837 3596 4061 3701 ipsis daemonibus: quia daemones credunt et contremiscunt Iacobi. ii. et in euan-
1840 3702 4055 3796 gelio Luc. v. legitur quod ipsi dixerunt christo filio dei: Ad quid venisti ante tem-
1845 3775 4063 3872 pus torquere nos. Quaeritur ergo an iste assensus causabatur in eis ex euidentia
1831 3860 4074 3959 rei. et hoc non: quia talis euidentia causatur ex visione diuinae essentiae: que de
1847 3930 4066 4051 comuni lege est impossibilis viatori. aut talis assensus causabatur propter mi
1832 4028 4065 4146 racula que ipsi viderunt. et si sic: cum constet quod ipsi non sint affecti ad illa que
1836 4115 4069 4231 crediderunt: patet quod non crediderunt per imperium voluntatis. igitur talia mi-
1837 4192 4053 4323 racula necessitant et compellunt intellectum daemonis: et a fortiori intellectum
1831 4286 4056 4401 hominis viatoris. Tercia ratio: Si constaret alicui euidenter aliquam multi
1839 4370 4064 4483 tudinem hominum esse veracem in verbis et honestam in vita pariter circum
1831 4459 4067 4580 spectam in naturaliter scibilibus: si talis multitudo assereret constanter quaedam
1831 4543 4045 4661 esse credenda ad quae ratio naturalis non potest attingere: talis infidelis et etiam
1837 4626 4062 4773 fidelis necessitaretur ad assensum quorumcunquem credendorum. Confirmantur
