4959 6601
963 1127 3191 1231 sed ex aliquo alio intellectum ex se neutrum ad talis actus specificationem deter-
956 1217 3189 1337 minante: quod non videtur esse aliud quam apparentia credibilis ex parte rationis
966 1314 3183 1414 Quarto sic: ad illud credendum non determinatur homo praecise per actum
954 1399 3199 1502 voluntatis: de quo interrogatus cur illud credat non assignabit praecisum actum
963 1482 3193 1583 voluntatis. sed ita est quod interrogatus aliquis cur credat potius christianae fidei
973 1565 3192 1662 quam fidei mahumetensium non assignabit praecise actum voluntatis. ergo non in-
971 1656 3204 1759 clinatur quis ad credendum per praecisum actum voluntatis. Quod autem non
954 1740 3188 1832 assignetur merus actus voluntatis patet per experientiam et per dicta theo-
968 1835 3188 1937 logorum: a quibus conmuniter illa octo allegantur cur euangelio debeamus
954 1917 3179 2015 credere: scilicet pronunciatio prophetica. scripturarum concordia. auctoritas
958 1998 3180 2093 scribentium. rationabilitas contentores. irrationabilitas singulorum errorum. ec-
960 2073 3190 2182 clesie stabilitas. miraculorum claritas. Quinto sic arguitur: quotienscumque ali-
973 2169 3173 2272 qui duo determinantur ad credendum opposita: et quilibet illorum per hoc praecise de
969 2268 3186 2374 terminatur: quia vult sic determinari: non potest dici quod rationabilius iste mo
928 2322 3187 2439 ueatur ad credendum quam ille. sed datis duobus quorum alter vult credere. a.
960 2421 3187 2525 esse verum: et alter non vult credere: est dicere hunc vel illum velle rationa
970 2511 3192 2605 bilius et alium irrationabilius. ergo illi ad sic vel sic velle non determinantur
964 2607 3191 2700 quia praecise sic volunt. maior huius rationis est nota: quia vt inquit Alber-
965 2688 3187 2785 tus in tercio de anima: cum voluntas sic agit praecise quia vult sic agere: assimi
965 2762 3180 2864 latur tyranno in cuius actione non queritur ratio acti: quia ipsius agere non
953 2867 3189 2952 est secundum rationes agere: sed pro libito agere. minor est manifesta: quia quotidie
968 2940 3173 3031 dicimus machumetistas vel iudeos irrationabiliter in hoc agere quod non cre-
959 3033 3181 3136 dunt: et nos rationabiliter agere quia credimus. Quod si causa praecisa quare ego
960 3112 3182 3207 crederem: ille non crederet esset praecise: quia ego vellem ille non vellet: vterque
958 3190 3191 3282 esset actus tyrannicus voluntatis: et in neutro appareret maior vel minor ratio
965 3275 3173 3390 nabilitas: sed mera potestas et imperium tyrannicum voluntatis: quod videtur de
966 3385 3193 3472 rogare dignitati fidei christianae. Relinquitur ergo quod ad credendum non sufficit
947 3449 2151 3557 intellectui merum voluntatis imperium.
1508 3631 3060 3731 Rationes Scoti et Durandi in. iii sententiarum pro tercia
1515 3714 2830 3834 et quarta conclusionibus secundae opinionis.
1236 3852 3181 3984 Uabus conclusionibus praecedetibus adiungit secunda opinio duas alias
1235 3977 3183 4075 quas Scotus et Durandus in. iii. sen. asserunt et defendunt. Quarum pri-
1218 4061 3166 4170 ma tercia in ordine est haec: Ad credendum christianae non sufficit ap
986 4146 3174 4241 prehensio credibilium cum fide infusa et imperio voluntatis. Probatur: quia
968 4234 3195 4320 infusa fide in baptismo: et postea intellectu formante in se istam: deus est trinus
974 4313 3176 4434 et vnus: non est in potestate voluntatis quod appareat sibi sic esse in re sicut illa
980 4402 3171 4520 propositio significat. ergo quantumcunque voluntas velit: non oportet quod intelle-
959 4487 3184 4582 ctus assentiat nisi plus concurrat. Confirmatur secundum Augustinus in de spiritu littera
991 4582 3174 4674 Neque inquit credere posset anima quolibet libero arbitrio: si nulla sit suasio vel vo
973 4659 3173 4796 catio cui credat. sed si habitus fidei cum apprehensione articulorum et imperio voluntatis
