4959 6601
957 1098 3173 1215 minor declarabitur statim: et ostendetur quod oportet actum credendi resoluere
960 1206 3162 1300 ad aliquod medium quod est in se apparens. Et confirmatur hoc per dictum Sal-
964 1283 3169 1375 uatoris Io. xv. Si non venissem inquit et locutus eis non fuissem peccatum
958 1367 3180 1456 non haberent. Si opera in eis non fecissem quae nullus alius fecit peccatum non
946 1450 3176 1571 haberent. Constat autem quod non habuissent excusationem de peccato incredu
953 1534 3161 1628 litatis: dato quod christus non fuisset eis locutus vel alia miracula fecisset: si fides in
943 1614 3178 1724 fusa suffecisset ad credendum: dummodo credibilia fuissent eis proposita. Uidetur
938 1708 3170 1798 ergo quod ad crededum non sufficiat fides infusa sine aliqua acquisita noticia. et
952 1790 3185 1889 ideo secundum Apostolum ad Ro. i. ad crededum opus est praedicatione. praedicatio autem
938 1875 3168 1966 non est simplex propositio credibilium: sed est cum persuasione ex scripturis vel
955 1977 3183 2062 figuris vel aliquo apparenti. Confirmatur praecedens deductio: quia per fidem
943 2046 3176 2141 nunquam dimittitur totaliter ratio humana: quia quamuis aliquod creditum sit tota-
950 2134 3177 2231 liter supra rationem humanam: vt deum esse trinum in personis: medium tamen
955 2231 3186 2322 credendi hoc et consimilia oportet resolui ad aliquid cum quo concorditer con
933 2308 3175 2416 currit ratio humana et in generali et in speciali. In generali quidem: quia ipsa
948 2397 3170 2494 ratio dictat quod nec deum in se nec effectus suae potentiae potest ratio nostra tota-
951 2475 3170 2587 liter comprehendere: immo nec forte aliqua eorum attingere quantum est ex nobis
954 2568 3173 2669 pure: propter quod ex consequenti ratio dictat quod talibus est assentiendum ex
944 2661 3185 2762 auctoritate illius qui talia nouit cuiusmodi est deus. In speciali vero: quia primum
949 2738 3169 2832 creditum ad quod vltimo sit relsoutio credibilium est ecclesiam non decipi in fide
938 2824 3165 2915 tanquam rectam a spiritu sancto: cui concordat illud quod dominus dixit Petro Luc. xxii.
946 2907 3162 2996 Ego pro te rogaui petre vt non deficiat fides tua. Ad hoc autem ciare et concordi
942 2991 3169 3084 ter concurrit ratio humana quae dictat ex apparentibus quod doctrina confirmata
949 3083 3163 3175 per tot signa a martyribus conseruata inter tot supplicia sit vera. Et ideo ratio
939 3165 3180 3265 totaliter non dimittitur a credente: modo non est possibile aliter credere saltem me
935 3242 3179 3344 ritorie. Cum enim credere sit quoddam assentire: assentire autem nullus potest
939 3340 3169 3440 nisi ei quod apparet verum: oportet quod illud quod creditur appareat rationi
956 3424 3172 3516 verum vel in se vel ratione medii per quod assentitur: et si ratione medii illud me
937 3509 3164 3602 dium apparebit verum vel in se vel per aliud medium. et si non est processus
941 3590 3168 3698 in infinitum oportet quod deueniatur ad primum quod appareat rationi esse verum
939 3678 3155 3791 in se et secundum se: et tale secundum se concordat rationi. ergo fides non excludit rationem
936 3764 3155 3863 sed supponit ipsam: licet non rationem demonstratiuam. Unde ipsemet Sal-
933 3846 3163 3949 uator doctrinam fidei quam praedicabat reduxit ad quaedam apparentia in se
943 3941 3156 4049 scilicet ad miracula: vt ex apparentibus et visis ratio assentiret dictis non ap-
947 4017 3163 4132 parentibus. Unde Io. x. postquam dixerat: Ego et pater vnum sumus quod non
936 4116 3171 4199 est apparens in se: adiunxit: Si non facio inquit opera patris mei nolite cre-
946 4193 3176 4284 dere: si autem facio et si mihi non vultis credere: operibus credite: vt cogno-
936 4271 3157 4371 scatis et credatis quia pater in me est et ego in patre. Et idem fuit de doctri-
935 4366 3157 4460 na apostolorum: de qua dicitur Math. vlti. quod praedicauerunt domino cooperante
947 4455 3166 4565 et sermonem confirmante sequentibus signis. Ex his igitur patet quod ad crede
931 4540 2989 4655 dum christianae praeexigitur de per se apparentia credibilium ex parte rationis.
