4959 6601
936 1102 3155 1216 pignoris in domo venditoris: quamuis securitatem eis faciant signa tamen sunt incre
931 1210 3158 1311 dulitatis ipsius: sic pignora et securitas probationum designant incredulitatem
929 1288 3154 1394 intellectus. Patet hoc idem per exemplum de multitudine baculorum et appo
927 1382 3146 1479 ditariorum quae designant infirmitatem ambulantis. Septimo sequitur quod sicut
933 1465 3138 1560 huiusmodi credulitas siue fides quae sit per probationes vel suasiones non est virtuosa
934 1552 3142 1643 sic ipsa est viciosa et deo contumeliosa: ideoque damnatione ac supplicio dignissi-
931 1634 3137 1737 ma. Primum patet: quia virtus est circa difficile. huiusmodi autem credulitas non solum
925 1727 3161 1816 non est difficilis sed facilis: quia sicut impossibile est non credere manifeste vera
919 1809 3141 1901 sic difficile est non credere probabilia. Secundum patet: quia sicut contumelia sit viro
935 1887 3143 1986 notae honitatis si ei absque pignore non credatur: sic deo: et quanto maior tanto me
943 1980 3146 2069 lior. Item non est quis ita mendax: cui cum pignore non credatur. quae ergo
915 2059 3153 2161 reuerentia sit deo si ei sic credatur vel fides adhibeatur. Item tali credulitate
918 2155 3148 2260 non creditur deo sed probationi: sicut venditor non credit emptori sed pignori
919 2243 3155 2335 Octauo sequitur quod deo digna credulitas est illa et sola talis: qua ei creditur
926 2326 3146 2433 sine omni pignore rationum aut probationum coactione: gratis scilicet et obedienter.
922 2422 3147 2514 non propter hoc verax est aut verum est quod loquitur. et omnis alia credulitas est
925 2501 3141 2610 irreligiosa et deo contumeliosa: quia per talem deo non creditur: sed pignori rationum
919 2581 3146 2678 quare nec talis facit fidelem. Finaliter infert praedictus doctor: quod inquisitio
902 2666 3149 2769 probationum est vnum impedimentum in cognitione legis christi seu veritatis articulorum.
1449 2842 2869 2930 Opinio Alexandri de Alis: quod ad credendum
1461 2936 2888 3039 christianae non requiritur de per se apparentia rationis.
1175 3077 3142 3199 Andem opinionem tenet magister Alexander de Alis. iii parte summe
1146 3174 3152 3261 q.lxxviii. qui postquam probauit necessitatem fidei infusae: quam solam vocat
1115 3267 3140 3367 salutarem: ex intentione probat multipliciter quod talis non sit per rationes
922 3348 3144 3451 suasa nec pobata hoc modo. Sicut aliud inquit est diligere aliquem ex suis
918 3437 3151 3545 meritis: seu ratione beneficum vel vtilitatis. aliud vero diligere ipsum sine meritis et
908 3535 3144 3622 sola virtute et gratia diligentis. sic aliud est credere ex probabilitate ipius cre-
924 3599 3141 3707 dibilis: aliud ex virtute credentis. Similis ergo virtus est amare improbum
901 3689 3143 3794 charitate: et credere improbabile fide. nec minoris virtutis est credere im-
929 3792 3135 3892 probabile: quem improbum diligere. Si ergo ex charitate seu amore salutari contra
933 3869 3144 3971 merita improbus et inimicus diligitur. ergo ex fide salutari sine probatione et
911 3963 3149 4057 rationis suasione improbabili veritati credetur. Item quod absque probatione et
919 4038 3150 4133 suasione creditur: virtute credentis creditur. aut ergo deo hoc modo creden
926 4125 3137 4236 dum est: et habemus propositum. aut non sine suasione et probatione: et tunc non est
917 4219 3142 4314 ei alio modo credendum quam cuilibet alii. cuilibet enim alii probatione crederetur.
938 4296 3154 4396 Item non est adeo quis mendax cui probationibus idoneis a quolibet non cre
912 4382 3137 4477 datur. qui ergo non aliter deo credit quam probationibus idoneis et certis: mani-
920 4465 3145 4569 festum est: quoniam deum in hac parte in nulio mendacibus anteponit: et ipsos deo
918 4565 3126 4664 in assensu credulitatis adequat: quod aperte dei contumelia est. Relinquitur ergo
940 4657 3140 4763 quod fides salutaris credit deo sine persuasione et probatione. Item sicut deo de
