4959 6601
933 1099 3148 1268 per quam ratio humana figuratur dixerunt: Iam non propter tuam loquelam credimus
927 1253 3153 1346 haec Tho. hoc idem sentire videtur magister Guillus Altissiodorensis in sua summa
913 1330 3142 1447 li. iii. c. de fide. et. li. i. c. i. et fere omnes theologi antiqui et moderni paucis exceptis
1445 1498 3079 1619 Opinio domini Petri de palude: quod ad credendum christianae
1468 1591 2803 1686 non requiritur de per se rationis apparentia.
1168 1746 3139 1852 Andem quoque opinionem tenet dominus Petrus de palude. iii. sen. vbi
1170 1849 3133 1944 ex intentione tenet et probat quod per fidem infusam sine fide acquisita vel qua-
1151 1937 3159 2035 cunque apparentia credibilis per solum imperium voluntatis et determina
911 1979 3156 2119 tione vel explicatione credibilium potest intellectus exire in actum credendi ad salu
910 2115 3148 2215 tem necessarium. vnde sic scribit: Fides infusa non potest exire in actum credendi aliquo
915 2198 3144 2277 modo nisi ipsum credibile proponatur per quemcunque quocunque vel ab homine ver-
902 2272 3148 2394 bo: vel a deo vel angelo: et sic fides est ex auditu. Et huius ratio est: quia fides
906 2361 3158 2475 est habitus adhaesiuus. vnde cum non magis determinet intellectum quam habitus natu
912 2460 3143 2557 ralis: sicut habitus primorum intelligibilium speculabilium vel agibilium nunquam incli-
899 2544 3133 2638 nat ad assentiendum eis nisi proponantur termini aliquo sensu interiori vel exte-
908 2627 3142 2717 riori: sicut puer nunquam sciret istud principium: de quolibet esse vel non esse: nisi
903 2711 3149 2812 audiuisset vel legisset: vel aliquo alio sensu percepisset: sic ea quae sunt fidei: nisi
924 2787 3150 2896 proponantur per doctrinam vel reuelationem vel aliquem alium modum: intellectus
902 2867 3153 2971 non crederet. In hoc tamen est differentia: quia principia naturalia potest intellectus
919 2967 3148 3079 per se inuenire sine alterius verbo vel scripto: quibus propositis et apprehen
895 3059 3138 3148 sis non potest intellectus non assentire nec in eis errare. iiii. metaphy. Ea autem
909 3144 3141 3251 quae sunt fidei non potest intellectus per se inuenire. sed ipsis propositis et appre-
911 3219 3142 3322 hensis potest non assentire et circa talia errare. Cuius ratio est: quia dato quod lumen
896 3309 3133 3400 fidei sit formaliter et subiectiue in intellectu: non inclinat tamen intellectum ad assen
904 3395 3144 3504 sum credibilium vel articulorum nisi mediante voluntate. et inde est quod credere dicitur
880 3486 3142 3591 actus intellectus moti et determinati per voluntatem. Quod autem talis fides infusa
903 3583 3129 3673 possit exire in actum credendi sine fide acquisita vel apparentia rationis probatur
903 3657 3137 3747 tripliciter. Primo sic: quia existens in gratia potest vincere omnem temptationem sine
902 3739 3139 3834 adminicuio hominis vel influxu speciali non consentiendo: secundum illud: Sufficit tibi gratia
896 3824 3133 3926 mea. Si ergo puero baptizato qui nihil audiuit de articulis diabolus vel haereticus
917 3916 3137 4028 persuaderet contrarium fidei: puta deum non esse trinum et vnum: vel non esse incarnatum: aut
893 4003 3155 4112 non posset non assentire errori: et sic non sufficeret gratia ad salutem: quod est erroneum: aut
910 4095 3125 4185 posset non assentire: et hoc esset per fidem infusam: quod est propositum: quia non vi-
890 4185 3140 4288 tatur peccatum nisi per virtutem oppositam. habitus autem non fugit suum contrarium: nisi
912 4252 3130 4355 quia inclinat per se et primo ad suum proprium obiectum: sicut graue non recedit a
906 4344 3140 4441 sursum: nisi quia tendit deorsum. Si ergo fides sufficit ad non assentiendum er-
911 4429 3140 4527 rori: hoc est quia determinate inclinat ad assentiendum veritati: non tamen neces-
910 4506 3119 4620 sario vt dictum est: sed libere et contingenter mediante voluntate. Secundo sic: non
892 4610 3132 4713 minus inclinat habitus intellectualis ad iudicandum: quam moralis ad eligendum
894 4682 3128 4816 sed castitas infusa oblata materia temptationis puero cum primo sentit tempta
