<?xml version="1.0" encoding="UTF-8" standalone="yes"?>
<PcGts xmlns="http://schema.primaresearch.org/PAGE/gts/pagecontent/2013-07-15" xmlns:xsi="http://www.w3.org/2001/XMLSchema-instance" xsi:schemaLocation="http://schema.primaresearch.org/PAGE/gts/pagecontent/2013-07-15 http://schema.primaresearch.org/PAGE/gts/pagecontent/2013-07-15/pagecontent.xsd">
    <Metadata>
        <Creator>prov=University of Rostock/Institute of Mathematics/CITlab|PLANET AI GmbH/Gundram Leifert/gundram.leifert@planet-ai.de:name=cod-nHHjHd-m4(htr_id=19208)::::v=2.6.0
prov=University of Rostock/Institute of Mathematics/CITlab|PLANET AI GmbH/Tobias Gruening/tobias.gruening@planet-ai.de:name=de.uros.citlab.module.baseline2polygon.B2PSeamMultiOriented:v=2.6.0
prov=University of Rostock/Institute of Mathematics/CITlab/Tobias Gruening/tobias.gruening@uni-rostock.de:name=/net_tf/LA73_249_0mod360.pb:de.uros.citlab.segmentation.CITlab_LA_ML:v=2.4.2
Transkribus</Creator>
        <Created>2019-12-03T20:11:22.204-05:00</Created>
        <LastChange>2019-12-11T17:14:18.411+01:00</LastChange>
        <TranskribusMetadata docId="280791" pageId="11469859" pageNr="88" tsid="20770060" status="DONE" userId="25065" imgUrl="https://files.transkribus.eu/Get?id=FIFXDXWUMBIXXPYTKEIWUOIU&amp;fileType=view" xmlUrl="https://files.transkribus.eu/Get?id=TUZRGTOZBHCGPEBBYNMTLWGF" imageId="7866795"/>
    </Metadata>
    <Page imageFilename="87.jpg" imageWidth="4959" imageHeight="6601">
        <ReadingOrder>
            <OrderedGroup id="ro_1576081624655" caption="Regions reading order">
                <RegionRefIndexed index="0" regionRef="r1"/>
            </OrderedGroup>
        </ReadingOrder>
        <TextRegion orientation="0.0" id="r1" custom="readingOrder {index:0;}">
            <Coords points="916,1251 916,4842 3133,4842 3133,1251"/>
            <TextLine id="r1l1" custom="readingOrder {index:0;}">
                <Coords points="940,1318 3140,1324 3141,1196 941,1190"/>
                <Baseline points="954,1293 1062,1293 1171,1293 1279,1293 1388,1293 1497,1294 1605,1294 1714,1294 1822,1295 1931,1295 2040,1296 2148,1297 2257,1297 2365,1298 2474,1299 2583,1300 2691,1300 2800,1301 2908,1302 3017,1303 3126,1303"/>
                <TextEquiv>
                    <Unicode>propositum: nec praedicta argumenta impediunt: quia nemo sane mentis dubitat</Unicode>
                </TextEquiv>
            </TextLine>
            <TextLine id="r1l2" custom="readingOrder {index:1;}">
                <Coords points="921,1407 3120,1424 3096,1313 921,1326"/>
                <Baseline points="934,1379 1042,1379 1151,1379 1259,1380 1368,1380 1477,1380 1585,1380 1694,1381 1803,1381 1911,1381 2020,1382 2129,1382 2237,1383 2346,1384 2455,1384 2563,1385 2672,1386 2781,1387 2889,1389 2998,1390 3107,1392"/>
                <TextEquiv>
                    <Unicode>quin sola voluntas cum noticia apprehensiua articuli sit causa praecisa ponendi in </Unicode>
                </TextEquiv>
            </TextLine>
            <TextLine id="r1l3" custom="readingOrder {index:2;}">
                <Coords points="906,1469 3094,1513 3134,1406 906,1403"/>
                <Baseline points="920,1460 1030,1462 1140,1464 1250,1466 1360,1466 1470,1467 1580,1467 1690,1467 1800,1466 1910,1466 2020,1466 2130,1466 2240,1466 2350,1467 2460,1468 2570,1469 2680,1472 2790,1474 2900,1478 3010,1483 3120,1489"/>
                <TextEquiv>
                    <Unicode>esse actum credendi. Tum primo: quia voluntas creata non est omnipotens: ita quod per</Unicode>
                </TextEquiv>
            </TextLine>
            <TextLine id="r1l4" custom="readingOrder {index:3;}">
                <Coords points="919,1565 3135,1577 3135,1505 2961,1485 920,1476"/>
                <Baseline points="934,1548 1043,1549 1152,1550 1261,1550 1371,1551 1480,1551 1589,1551 1699,1552 1808,1552 1917,1552 2027,1552 2136,1552 2245,1553 2354,1553 2464,1554 2573,1555 2682,1556 2792,1558 2901,1560 3010,1563 3120,1566"/>
                <TextEquiv>
                    <Unicode>suum velle ponat in esse omne quod vult esse. Tum secundo: quia credere est actus</Unicode>
                </TextEquiv>
            </TextLine>
            <TextLine id="r1l5" custom="readingOrder {index:4;}">
                <Coords points="927,1650 3071,1682 3144,1588 928,1562"/>
                <Baseline points="941,1633 1050,1634 1159,1636 1269,1637 1378,1637 1488,1638 1597,1638 1707,1638 1816,1637 1926,1637 2035,1637 2144,1637 2254,1637 2363,1638 2473,1639 2582,1640 2692,1641 2801,1644 2911,1646 3020,1649 3130,1653"/>
                <TextEquiv>
                    <Unicode>liberi arbitrii: et per consequens praesupponit noticiam apprehensiuam articuli et ostensivam</Unicode>
                </TextEquiv>
            </TextLine>
            <TextLine id="r1l6" custom="readingOrder {index:5;}">
                <Coords points="919,1731 3115,1750 3144,1662 919,1650"/>
                <Baseline points="933,1721 1042,1722 1152,1722 1262,1723 1372,1723 1481,1723 1591,1723 1701,1722 1811,1722 1920,1722 2030,1722 2140,1722 2250,1723 2359,1723 2469,1724 2579,1726 2689,1727 2798,1730 2908,1732 3018,1735 3128,1739"/>
                <TextEquiv>
                    <Unicode>quid credendum vel non credendum sit. Praesupponit praeterea ex parte volunta</Unicode>
                </TextEquiv>
            </TextLine>
            <TextLine id="r1l7" custom="readingOrder {index:6;}">
                <Coords points="910,1825 3065,1848 3135,1748 910,1733"/>
                <Baseline points="925,1808 1034,1808 1144,1808 1254,1808 1363,1808 1473,1808 1583,1807 1692,1807 1802,1807 1912,1807 2022,1807 2131,1807 2241,1808 2351,1809 2460,1810 2570,1811 2680,1813 2789,1815 2899,1818 3009,1821 3119,1825"/>
                <TextEquiv>
                    <Unicode>tis appetitum finis et electionem conclusionis sylollogismi deliberatiui. Praesuppo</Unicode>
                </TextEquiv>
            </TextLine>
            <TextLine id="r1l8" custom="readingOrder {index:7;}">
                <Coords points="913,1903 3071,1933 3138,1839 913,1829"/>
                <Baseline points="927,1892 1036,1893 1146,1894 1256,1894 1366,1894 1476,1894 1585,1894 1695,1894 1805,1894 1915,1894 2025,1894 2134,1894 2244,1894 2354,1894 2464,1895 2574,1896 2683,1897 2793,1898 2903,1900 3013,1902 3123,1905"/>
                <TextEquiv>
                    <Unicode>nit finaliter diuinum auxilium ex parte dei liberum arbitrium hominis interius moventis </Unicode>
                </TextEquiv>
            </TextLine>
            <TextLine id="r1l9" custom="readingOrder {index:8;}">
                <Coords points="919,1993 3088,2014 3088,1931 2922,1906 919,1902"/>
                <Baseline points="933,1980 1040,1981 1147,1981 1254,1981 1361,1981 1468,1981 1575,1981 1682,1980 1789,1980 1896,1980 2003,1979 2110,1979 2217,1979 2324,1979 2431,1980 2538,1981 2645,1981 2752,1983 2859,1985 2966,1987 3074,1989"/>
                <TextEquiv>
                    <Unicode>et inclinantis. et hoc omnes qui recte sapiunt concedunt et fatentur. Relinquitur igitur quod</Unicode>
                </TextEquiv>
            </TextLine>
            <TextLine id="r1l10" custom="readingOrder {index:9;}">
                <Coords points="909,2077 3128,2088 3128,2002 3037,1991 909,1988"/>
                <Baseline points="922,2066 1031,2066 1141,2066 1250,2066 1360,2066 1470,2066 1579,2065 1689,2065 1799,2065 1908,2064 2018,2064 2128,2064 2237,2064 2347,2065 2457,2065 2566,2066 2676,2067 2786,2069 2895,2071 3005,2073 3115,2076"/>
                <TextEquiv>
                    <Unicode>si dubitare contingat de libertate credendi: vertatur in dubium si voluntas per suum</Unicode>
                </TextEquiv>
            </TextLine>
            <TextLine id="r1l11" custom="readingOrder {index:10;}">
                <Coords points="922,2173 3138,2176 3138,2096 3016,2079 922,2079"/>
                <Baseline points="937,2154 1046,2153 1155,2153 1264,2152 1374,2152 1483,2152 1592,2151 1702,2151 1811,2151 1920,2151 2030,2151 2139,2152 2248,2152 2357,2153 2467,2154 2576,2155 2685,2157 2795,2158 2904,2160 3013,2162 3123,2165"/>
                <TextEquiv>
                    <Unicode>imperium concurrat ad actum credendi vel non. Et si dicatur quod non: vt defensor </Unicode>
                </TextEquiv>
            </TextLine>
            <TextLine id="r1l12" custom="readingOrder {index:11;}">
                <Coords points="925,2263 3127,2261 3061,2174 925,2172"/>
                <Baseline points="938,2238 1046,2237 1155,2236 1264,2235 1373,2235 1482,2235 1590,2235 1699,2235 1808,2236 1917,2236 2026,2237 2134,2238 2243,2239 2352,2240 2461,2241 2570,2243 2678,2244 2787,2246 2896,2247 3005,2248 3114,2249"/>
                <TextEquiv>
                    <Unicode>praedictae conclusionis in suo apologetico tacite cum Olchot sentire videtur: conclu-</Unicode>
                </TextEquiv>
            </TextLine>
            <TextLine id="r1l13" custom="readingOrder {index:12;}">
                <Coords points="905,2336 3071,2361 3147,2261 906,2267"/>
                <Baseline points="918,2327 1028,2325 1139,2323 1250,2322 1361,2321 1471,2321 1582,2321 1693,2321 1804,2322 1914,2323 2025,2324 2136,2325 2247,2327 2357,2328 2468,2330 2579,2331 2690,2333 2800,2334 2911,2336 3022,2337 3133,2339"/>
                <TextEquiv>
                    <Unicode>ditur quod conclusio principalis cum correlaria propositione non solum haeresim sapere</Unicode>
                </TextEquiv>
            </TextLine>
            <TextLine id="r1l14" custom="readingOrder {index:13;}">
                <Coords points="911,2432 3050,2454 3145,2372 912,2335"/>
                <Baseline points="926,2411 1036,2409 1146,2408 1256,2407 1366,2407 1476,2407 1586,2407 1697,2408 1807,2409 1917,2410 2027,2412 2137,2413 2247,2415 2357,2417 2468,2419 2578,2420 2688,2421 2798,2423 2908,2423 3018,2424 3129,2424"/>
                <TextEquiv>
                    <Unicode>sed haeretice censeantur: vt argumenta conuincunt. Si vero concedatur quod volutas</Unicode>
                </TextEquiv>
            </TextLine>
            <TextLine id="r1l15" custom="readingOrder {index:14;}">
                <Coords points="914,2525 3136,2520 3081,2434 915,2431"/>
                <Baseline points="929,2498 1038,2497 1148,2496 1257,2496 1367,2496 1477,2496 1586,2497 1696,2498 1806,2499 1915,2500 2025,2502 2135,2503 2244,2504 2354,2505 2464,2507 2573,2508 2683,2508 2793,2509 2902,2509 3012,2509 3122,2509"/>
                <TextEquiv>
                    <Unicode>per suum imperium ad actum credendi concurrat: cum nemo dubitet quod sola voluntas</Unicode>
                </TextEquiv>
            </TextLine>
            <TextLine id="r1l16" custom="readingOrder {index:15;}">
                <Coords points="912,2597 3034,2626 3133,2604 3134,2519 912,2525"/>
                <Baseline points="926,2580 1035,2581 1145,2582 1255,2583 1365,2584 1474,2585 1584,2586 1694,2587 1804,2588 1913,2589 2023,2590 2133,2591 2243,2591 2352,2592 2462,2593 2572,2593 2682,2594 2791,2594 2901,2595 3011,2595 3121,2595"/>
                <TextEquiv>
                    <Unicode>non concurrat vt probatum est: sequitur quod quibuscunque aliis concurrentibus ex parte</Unicode>
                </TextEquiv>
            </TextLine>
            <TextLine id="r1l17" custom="readingOrder {index:16;}">
                <Coords points="914,2687 3127,2694 3086,2603 914,2596"/>
                <Baseline points="928,2667 1037,2669 1146,2671 1255,2671 1365,2672 1474,2673 1583,2673 1692,2673 1802,2673 1911,2673 2020,2673 2129,2673 2239,2673 2348,2673 2457,2673 2566,2674 2676,2674 2785,2675 2894,2677 3003,2678 3113,2680"/>
                <TextEquiv>
                    <Unicode>intellectus siue sit noticia apprehensiua siue persuasio vel ratio probabilis: ex quo </Unicode>
                </TextEquiv>
            </TextLine>
            <TextLine id="r1l18" custom="readingOrder {index:17;}">
                <Coords points="920,2770 3077,2787 3136,2687 920,2698"/>
                <Baseline points="934,2752 1043,2755 1152,2757 1262,2758 1371,2759 1480,2759 1590,2759 1699,2759 1808,2758 1918,2757 2027,2756 2136,2755 2246,2755 2355,2754 2464,2754 2574,2754 2683,2755 2792,2756 2902,2758 3011,2760 3121,2763"/>
                <TextEquiv>
                    <Unicode>voluntas de per se concurrit: credere fidei christianae sit in libera potestate hominis: quando</Unicode>
                </TextEquiv>
            </TextLine>
            <TextLine id="r1l19" custom="readingOrder {index:18;}">
                <Coords points="907,2858 3137,2871 3136,2776 907,2767"/>
                <Baseline points="920,2841 1030,2843 1140,2844 1250,2844 1360,2844 1470,2844 1580,2843 1691,2841 1801,2840 1911,2838 2021,2837 2131,2836 2241,2835 2351,2834 2462,2834 2572,2834 2682,2835 2792,2837 2902,2839 3012,2842 3123,2847"/>
                <TextEquiv>
                    <Unicode>sibi placet. quod sic probatur: quia in libera potestate hominis est adimplere praeceptum</Unicode>
                </TextEquiv>
            </TextLine>
            <TextLine id="r1l20" custom="readingOrder {index:19;}">
                <Coords points="916,2939 3124,2929 2761,2848 916,2859"/>
                <Baseline points="929,2932 1038,2930 1147,2928 1256,2926 1365,2925 1474,2924 1583,2922 1692,2921 1801,2920 1910,2920 2019,2920 2128,2920 2237,2920 2346,2920 2455,2921 2564,2922 2673,2924 2782,2926 2891,2929 3000,2932 3109,2935"/>
                <TextEquiv>
                    <Unicode>dei et ecclesiae et mereri quando sibi placet. et hoc negare est veritatem sacrae scriptu</Unicode>
                </TextEquiv>
            </TextLine>
            <TextLine id="r1l21" custom="readingOrder {index:20;}">
                <Coords points="909,3032 3025,3049 3119,3033 3120,2953 909,2938"/>
                <Baseline points="923,3019 1032,3014 1141,3010 1250,3007 1359,3005 1468,3004 1577,3003 1686,3003 1795,3003 1904,3004 2014,3005 2123,3006 2232,3008 2341,3010 2450,3012 2559,3013 2668,3015 2777,3016 2886,3017 2995,3018 3105,3018"/>
                <TextEquiv>
                    <Unicode>rae peruertere. sed credere cadit sub praecepto dei et ecclesiae et sub merito vt pro </Unicode>
                </TextEquiv>
            </TextLine>
            <TextLine id="r1l22" custom="readingOrder {index:21;}">
                <Coords points="910,3115 2841,3137 3137,3123 3138,3051 911,3031"/>
                <Baseline points="925,3094 1035,3091 1145,3089 1255,3088 1365,3087 1475,3087 1585,3088 1695,3089 1805,3091 1915,3093 2025,3095 2135,3097 2245,3099 2355,3101 2465,3103 2575,3104 2685,3105 2795,3106 2905,3106 3015,3105 3125,3104"/>
                <TextEquiv>
                    <Unicode>batum est. ergo credere est in libera potestate hominis quando sibi placet. Item cum quis credit</Unicode>
                </TextEquiv>
            </TextLine>
            <TextLine id="r1l23" custom="readingOrder {index:22;}">
                <Coords points="902,3190 3132,3228 3113,3117 903,3124"/>
                <Baseline points="916,3173 1026,3174 1136,3175 1246,3177 1356,3178 1466,3179 1576,3180 1686,3181 1796,3182 1906,3182 2016,3183 2126,3184 2236,3185 2346,3185 2456,3186 2566,3187 2676,3188 2786,3189 2896,3190 3006,3191 3117,3192"/>
                <TextEquiv>
                    <Unicode>aut credit cum sibi placet: aut quando sibi displicet: aut quando nec sibi placet nec dis- </Unicode>
                </TextEquiv>
            </TextLine>
            <TextLine id="r1l24" custom="readingOrder {index:23;}">
                <Coords points="914,3290 2861,3311 3091,3293 3128,3210 915,3193"/>
                <Baseline points="929,3265 1038,3265 1147,3266 1256,3266 1365,3267 1475,3267 1584,3268 1693,3268 1802,3269 1911,3269 2021,3270 2130,3270 2239,3271 2348,3271 2457,3272 2567,3273 2676,3273 2785,3274 2894,3275 3003,3275 3113,3276"/>
                <TextEquiv>
                    <Unicode>plicet. si primum habetur propositum. si secundum et tercium sequitur quod aliquis credit no- </Unicode>
                </TextEquiv>
            </TextLine>
            <TextLine id="r1l25" custom="readingOrder {index:24;}">
                <Coords points="903,3365 3125,3389 3125,3278 904,3290"/>
                <Baseline points="918,3354 1027,3354 1137,3354 1246,3354 1356,3353 1466,3353 1575,3354 1685,3354 1794,3354 1904,3354 2014,3355 2123,3355 2233,3356 2342,3357 2452,3358 2562,3359 2671,3360 2781,3362 2890,3364 3000,3366 3110,3369"/>
                <TextEquiv>
                    <Unicode>lens aut nec volens nec nolens: quod est contra beatum Augustinus. Praeterea dato quod </Unicode>
                </TextEquiv>
            </TextLine>
            <TextLine id="r1l26" custom="readingOrder {index:25;}">
                <Coords points="904,3455 3128,3452 3128,3386 2993,3369 904,3363"/>
                <Baseline points="918,3440 1027,3440 1137,3439 1247,3439 1357,3439 1466,3439 1576,3439 1686,3439 1796,3439 1905,3440 2015,3440 2125,3440 2235,3441 2344,3441 2454,3442 2564,3443 2674,3444 2783,3445 2893,3446 3003,3447 3113,3449"/>
                <TextEquiv>
                    <Unicode>homo non credat qu vult credere: adhuc credere de facto est in libera hominis </Unicode>
                </TextEquiv>
            </TextLine>
            <TextLine id="r1l27" custom="readingOrder {index:26;}">
                <Coords points="916,3555 3135,3550 3135,3453 917,3466"/>
                <Baseline points="930,3524 1039,3524 1149,3524 1258,3525 1368,3525 1477,3525 1587,3525 1696,3525 1806,3525 1915,3525 2025,3525 2135,3525 2244,3525 2354,3526 2463,3527 2573,3528 2682,3529 2792,3530 2901,3532 3011,3534 3121,3536"/>
                <TextEquiv>
                    <Unicode>potestate cum sibi placet: quia quando homo vult credere: aut potest credere et non credere</Unicode>
                </TextEquiv>
            </TextLine>
            <TextLine id="r1l28" custom="readingOrder {index:27;}">
                <Coords points="907,3623 3093,3656 3093,3551 3024,3543 907,3559"/>
                <Baseline points="922,3610 1029,3610 1137,3610 1245,3610 1353,3610 1461,3610 1568,3609 1676,3609 1784,3609 1892,3609 2000,3609 2107,3609 2215,3609 2323,3610 2431,3610 2539,3611 2646,3612 2754,3613 2862,3615 2970,3617 3078,3619"/>
                <TextEquiv>
                    <Unicode>vel non potest. Si potest credere et non credere: ergo in libera potestate hominis est</Unicode>
                </TextEquiv>
            </TextLine>
            <TextLine id="r1l29" custom="readingOrder {index:28;}">
                <Coords points="907,3712 2918,3735 3106,3727 3107,3649 907,3624"/>
                <Baseline points="922,3696 1030,3697 1139,3698 1247,3698 1356,3698 1465,3698 1573,3698 1682,3697 1790,3697 1899,3696 2008,3695 2116,3695 2225,3695 2333,3694 2442,3695 2551,3695 2659,3696 2768,3697 2876,3699 2985,3701 3094,3705"/>
                <TextEquiv>
                    <Unicode>credere quando sibi placet credere. Si non potest credere ergo nunquem credet: quod est haere</Unicode>
                </TextEquiv>
            </TextLine>
            <TextLine id="r1l30" custom="readingOrder {index:29;}">
                <Coords points="913,3804 3129,3800 3079,3717 912,3713"/>
                <Baseline points="926,3783 1035,3785 1144,3785 1254,3786 1363,3786 1473,3785 1582,3785 1691,3784 1801,3783 1910,3782 2020,3781 2129,3781 2238,3780 2348,3780 2457,3779 2567,3780 2676,3780 2785,3781 2895,3783 3004,3785 3114,3788"/>
                <TextEquiv>
                    <Unicode>ticum. consequentia patet: quia nemo operatur nec agit quod non potest operari neque agere: </Unicode>
                </TextEquiv>
            </TextLine>
            <TextLine id="r1l31" custom="readingOrder {index:30;}">
                <Coords points="917,3901 3141,3877 3141,3807 3028,3794 917,3807"/>
                <Baseline points="932,3872 1041,3872 1151,3872 1261,3872 1371,3871 1481,3871 1590,3870 1700,3869 1810,3868 1920,3868 2030,3867 2139,3866 2249,3866 2359,3866 2469,3866 2579,3866 2688,3866 2798,3867 2908,3869 3018,3870 3128,3872"/>
                <TextEquiv>
                    <Unicode>quia quod non potest fieri ab homine non fit ab homine. libera enim potestas credendi et</Unicode>
                </TextEquiv>
            </TextLine>
            <TextLine id="r1l32" custom="readingOrder {index:31;}">
                <Coords points="909,3969 3133,3969 3086,3881 909,3897"/>
                <Baseline points="923,3955 1032,3956 1142,3957 1252,3957 1362,3957 1471,3956 1581,3956 1691,3955 1801,3955 1910,3954 2020,3953 2130,3953 2240,3952 2349,3952 2459,3953 2569,3953 2679,3954 2788,3955 2898,3957 3008,3960 3118,3963"/>
                <TextEquiv>
                    <Unicode>non credendi praecedit omnem actum intellectus et voluntatis. ergo ipsis positio</Unicode>
                </TextEquiv>
            </TextLine>
            <TextLine id="r1l33" custom="readingOrder {index:32;}">
                <Coords points="915,4054 3134,4078 3039,3970 915,3965"/>
                <Baseline points="929,4041 1038,4042 1148,4043 1257,4043 1367,4043 1476,4042 1586,4042 1695,4041 1805,4041 1914,4040 2024,4040 2133,4039 2243,4039 2352,4039 2462,4039 2571,4040 2681,4041 2790,4043 2900,4045 3009,4049 3119,4052"/>
                <TextEquiv>
                    <Unicode>vel circumscriptis homo libere potest credere et non credere cum sibi placet credere</Unicode>
                </TextEquiv>
            </TextLine>
            <TextLine id="r1l34" custom="readingOrder {index:33;}">
                <Coords points="921,4155 2993,4172 3120,4159 3121,4062 921,4055"/>
                <Baseline points="935,4125 1043,4127 1152,4128 1260,4129 1369,4129 1478,4129 1586,4128 1695,4128 1803,4127 1912,4126 2021,4126 2129,4126 2238,4126 2346,4126 2455,4126 2564,4127 2672,4129 2781,4131 2889,4134 2998,4138 3107,4142"/>
                <TextEquiv>
                    <Unicode>Item cum ostensum sit in tercia opinione per rationes et auctoritates Apostoli et sanctorum doctorum: </Unicode>
                </TextEquiv>
            </TextLine>
            <TextLine id="r1l35" custom="readingOrder {index:34;}">
                <Coords points="908,4233 3124,4233 3082,4144 908,4155"/>
                <Baseline points="923,4219 1032,4218 1141,4218 1251,4217 1360,4217 1469,4216 1579,4216 1688,4215 1797,4215 1907,4214 2016,4214 2125,4214 2235,4214 2344,4214 2453,4215 2563,4215 2672,4216 2781,4217 2891,4218 3000,4220 3110,4222"/>
                <TextEquiv>
                    <Unicode>quod apparentia credibilis non per se requiratur ad credere fidei christianae: sequitur quod con-</Unicode>
                </TextEquiv>
            </TextLine>
            <TextLine id="r1l36" custom="readingOrder {index:35;}">
                <Coords points="911,4306 3121,4317 3121,4234 911,4234"/>
                <Baseline points="925,4295 1034,4298 1143,4299 1252,4301 1361,4301 1470,4302 1579,4302 1688,4302 1797,4302 1906,4302 2016,4302 2125,4301 2234,4301 2343,4301 2452,4301 2561,4301 2670,4302 2779,4302 2888,4303 2997,4305 3107,4307"/>
                <TextEquiv>
                    <Unicode>clusio praedicta in sensu pro quo sit sit erronea et distinctio nulla. Praeterea dato</Unicode>
                </TextEquiv>
            </TextLine>
            <TextLine id="r1l37" custom="readingOrder {index:36;}">
                <Coords points="920,4403 3142,4402 3142,4310 920,4306"/>
                <Baseline points="935,4385 1044,4385 1154,4386 1264,4387 1373,4387 1483,4387 1593,4388 1702,4388 1812,4388 1922,4388 2032,4388 2141,4388 2251,4388 2361,4388 2470,4388 2580,4388 2690,4389 2799,4389 2909,4389 3019,4390 3129,4391"/>
                <TextEquiv>
                    <Unicode>quod apparentia vel persuasio requiratur ad actum credendi: adhuc in libera potestate</Unicode>
                </TextEquiv>
            </TextLine>
            <TextLine id="r1l38" custom="readingOrder {index:37;}">
                <Coords points="909,4490 3119,4503 3100,4401 909,4398"/>
                <Baseline points="922,4465 1031,4467 1140,4470 1249,4471 1358,4472 1467,4473 1576,4474 1686,4475 1795,4475 1904,4475 2013,4475 2122,4475 2231,4475 2340,4474 2450,4474 2559,4474 2668,4474 2777,4474 2886,4474 2995,4474 3105,4475"/>
                <TextEquiv>
                    <Unicode>hominis est credere cum sibi placet: quia persuasio et apparentia non auferunt neque </Unicode>
                </TextEquiv>
            </TextLine>
            <TextLine id="r1l39" custom="readingOrder {index:38;}">
                <Coords points="922,4573 3130,4570 3111,4492 922,4487"/>
                <Baseline points="937,4551 1051,4553 1166,4554 1281,4556 1395,4557 1510,4559 1625,4560 1739,4560 1854,4561 1969,4562 2083,4562 2198,4562 2313,4562 2427,4562 2542,4561 2657,4561 2771,4560 2886,4559 3001,4557 3116,4556"/>
                <TextEquiv>
                    <Unicode>dant homini liberam credendi potestantem: immo talis apparentia vel persuasio est in</Unicode>
                </TextEquiv>
            </TextLine>
            <TextLine id="r1l40" custom="readingOrder {index:39;}">
                <Coords points="923,4674 3131,4657 3048,4560 923,4574"/>
                <Baseline points="937,4638 1046,4640 1155,4641 1264,4642 1373,4643 1482,4644 1591,4645 1700,4646 1809,4646 1918,4647 2027,4647 2136,4647 2245,4647 2354,4647 2463,4647 2572,4646 2681,4645 2790,4644 2899,4642 3008,4641 3117,4639"/>
                <TextEquiv>
                    <Unicode>libera potestante hominis quando sibi placet: quia in libera potestante hominis est quando sibi placet facere</Unicode>
                </TextEquiv>
            </TextLine>
            <TextLine id="r1l41" custom="readingOrder {index:40;}">
                <Coords points="911,4753 3105,4751 3130,4657 911,4662"/>
                <Baseline points="925,4730 1034,4729 1144,4729 1253,4729 1363,4729 1472,4729 1582,4730 1691,4731 1801,4731 1910,4732 2020,4732 2129,4732 2239,4733 2348,4733 2458,4733 2567,4732 2677,4731 2786,4730 2896,4729 3005,4727 3115,4724"/>
                <TextEquiv>
                    <Unicode>quod in se est. sed libere facienti quod in se est occurrent necessaria ad credendum </Unicode>
                </TextEquiv>
            </TextLine>
            <TextLine id="r1l42" custom="readingOrder {index:41;}">
                <Coords points="910,4843 2830,4872 3115,4844 3115,4750 910,4754"/>
                <Baseline points="924,4819 1032,4818 1141,4818 1250,4817 1359,4817 1468,4818 1577,4818 1686,4818 1795,4819 1904,4819 2013,4820 2121,4820 2230,4820 2339,4821 2448,4821 2557,4821 2666,4820 2775,4820 2884,4819 2993,4817 3102,4815"/>
                <TextEquiv>
                    <Unicode>et per consequens si apparentiae et persuasiones sunt necessariae secundum te: sequitur quod apparentiae</Unicode>
                </TextEquiv>
            </TextLine>
            <TextEquiv>
                <Unicode>propositum: nec praedicta argumenta impediunt: quia nemo sane mentis dubitat
quin sola voluntas cum noticia apprehensiua articuli sit causa praecisa ponendi in 
esse actum credendi. Tum primo: quia voluntas creata non est omnipotens: ita quod per
suum velle ponat in esse omne quod vult esse. Tum secundo: quia credere est actus
liberi arbitrii: et per consequens praesupponit noticiam apprehensiuam articuli et ostensivam
quid credendum vel non credendum sit. Praesupponit praeterea ex parte volunta
tis appetitum finis et electionem conclusionis sylollogismi deliberatiui. Praesuppo
nit finaliter diuinum auxilium ex parte dei liberum arbitrium hominis interius moventis 
et inclinantis. et hoc omnes qui recte sapiunt concedunt et fatentur. Relinquitur igitur quod
si dubitare contingat de libertate credendi: vertatur in dubium si voluntas per suum
imperium concurrat ad actum credendi vel non. Et si dicatur quod non: vt defensor 
praedictae conclusionis in suo apologetico tacite cum Olchot sentire videtur: conclu-
ditur quod conclusio principalis cum correlaria propositione non solum haeresim sapere
sed haeretice censeantur: vt argumenta conuincunt. Si vero concedatur quod volutas
per suum imperium ad actum credendi concurrat: cum nemo dubitet quod sola voluntas
non concurrat vt probatum est: sequitur quod quibuscunque aliis concurrentibus ex parte
intellectus siue sit noticia apprehensiua siue persuasio vel ratio probabilis: ex quo 
voluntas de per se concurrit: credere fidei christianae sit in libera potestate hominis: quando
sibi placet. quod sic probatur: quia in libera potestate hominis est adimplere praeceptum
dei et ecclesiae et mereri quando sibi placet. et hoc negare est veritatem sacrae scriptu
rae peruertere. sed credere cadit sub praecepto dei et ecclesiae et sub merito vt pro 
batum est. ergo credere est in libera potestate hominis quando sibi placet. Item cum quis credit
aut credit cum sibi placet: aut quando sibi displicet: aut quando nec sibi placet nec dis- 
plicet. si primum habetur propositum. si secundum et tercium sequitur quod aliquis credit no- 
lens aut nec volens nec nolens: quod est contra beatum Augustinus. Praeterea dato quod 
homo non credat qu vult credere: adhuc credere de facto est in libera hominis 
potestate cum sibi placet: quia quando homo vult credere: aut potest credere et non credere
vel non potest. Si potest credere et non credere: ergo in libera potestate hominis est
credere quando sibi placet credere. Si non potest credere ergo nunquem credet: quod est haere
ticum. consequentia patet: quia nemo operatur nec agit quod non potest operari neque agere: 
quia quod non potest fieri ab homine non fit ab homine. libera enim potestas credendi et
non credendi praecedit omnem actum intellectus et voluntatis. ergo ipsis positio
vel circumscriptis homo libere potest credere et non credere cum sibi placet credere
Item cum ostensum sit in tercia opinione per rationes et auctoritates Apostoli et sanctorum doctorum: 
quod apparentia credibilis non per se requiratur ad credere fidei christianae: sequitur quod con-
clusio praedicta in sensu pro quo sit sit erronea et distinctio nulla. Praeterea dato
quod apparentia vel persuasio requiratur ad actum credendi: adhuc in libera potestate
hominis est credere cum sibi placet: quia persuasio et apparentia non auferunt neque 
dant homini liberam credendi potestantem: immo talis apparentia vel persuasio est in
libera potestante hominis quando sibi placet: quia in libera potestante hominis est quando sibi placet facere
quod in se est. sed libere facienti quod in se est occurrent necessaria ad credendum 
et per consequens si apparentiae et persuasiones sunt necessariae secundum te: sequitur quod apparentiae</Unicode>
            </TextEquiv>
        </TextRegion>
    </Page>
</PcGts>
