2453 3727
-1 -24 63 72 π¬
200 338 1845 422 vero materiam in scientiarum genere, tripertito metimur nam in aliquo scientiae ge
193 419 1849 478 nere, materiam esse dicimus, ad quam omnia tanquam ad initium & fontem reuocen¬
184 479 1852 540 tur alteram vero esse, quam cuncta tanquam integrum totum contuentur tertiam au
189 530 1849 604 tem eam esse dicimus, ad quam omnia tanquam ad uniuersitatem totam referantur.
196 608 1847 691 quod quidem praecare in grammatica, & gaeometria ostenditur. In quarum altera
190 664 1843 744 quemadmodum materia, tripertito, in litera, oratione, & uoce seiungitur, in altera
192 718 1838 813 punctus, corpus, continuitasque secernitur, ita in hoc genere materia tripertita de¬
196 781 1846 866 scribitur quarum una ad parentem rerum deum, altera ad Christum tertia ad sa¬
196 857 1849 930 crorum genera refertur. Itaque ob eam causam nostrorum contentione certatur, an
193 918 1843 994 fidei membra, theologiae initia dicantur Aureolus enim aculeatorum argumento
190 978 1838 1058 rum rapax, arcum totu contendit, ut ea Theologiae principia esse neget & in quo
183 1047 1850 1126 dam quasi conclusionum genere uersari putet, quod in theologia patefaciendum
190 1102 1842 1188 & tuendum sit. Nam nullum genus scientiae dicit ad initia sua condudenda pro¬
185 1166 1855 1269 gredi, sed potius ex his concludendi rationem nancisci . at cum diuum Thomam
188 1244 1843 1319 omnemque prope Theologorum coetum de his, quaestionum genera construere
190 1299 1852 1379 confirmet, ad eaque explicanda, patefacienda, concludendaque progredi dicat, ut cum¬
184 1364 1840 1440 quaeritur, tergeminus ne deus dicatur, fieriue possit ut cutis humanae amictu ue¬
184 1427 1847 1508 stiatur deus, & quae eius generis sunt, fatendum esse censet, ea nullo modo theo¬
195 1485 1850 1576 logiae initia debere dici, sed in quodam potius condudendi genere uersari. Quo
190 1548 1840 1648 quidem loco flos & robur Theologorum uaria armorum genera ad dimicandum
194 1632 1845 1702 affert, maximeque Bernardus. Oliuerius. Gerardus Senensis, & Thomas etiam Ar¬
190 1684 1839 1782 gentina, argumentorum genera, quocunque torquent inflectunt. Nos cum Aureol¬
185 1744 1836 1836 rationes deducimus, non multum ei prorsus, etiam subducta summa, concedimus.
193 1814 1849 1898 nam quanquam nullum scientiae genus dicamus ad initia sua probanda progredi¬
197 1877 1848 1960 nullo tamemn modo interdictum esse uolumus, quin aliquod scientiae genus initia
183 1942 1837 2026 sua, aliquo similitudinum genere ostendat, eaque a labefactantium ratione tuea
192 2001 1848 2090 tur, aut doceat argumentorum genera contraria, euerti, & labefactari posse. Ex quo
185 2067 1854 2164 perspicuum uideri debet, ea non in condudendi, sed quasi in principiorum quodam
196 2134 1844 2228 genere uersari, quae a disserentium aduersariorum argumentatione defendantur, ut
190 2198 1834 2282 Aristoteles contra eos sibi faciendum putat, qui initia in disserendo negarint. Sec
186 2259 1840 2342 quaeri maxime hoc loco potest, an Theologia in aliquo scientiarum genere uerse
193 2344 1843 2411 tur. Nobis vero duplex placet scientiae esse genus. nam & unum esse intelligimus
198 2387 1854 2484 quod ab initijs naturali intelligentiae luce notis eruitur, quo in genere arithmetica,
202 2451 1843 2533 & gaeometria numerantur. Alterum vero id esse dicimus, quod ex antegredientis
190 2514 1846 2593 disciplinae principijs dimanat ut Musice & spectatrix, quae graece SπTικί nomina¬
190 2579 1842 2667 tur, quarum altera ab arithmeticae, altera a gaeometriae principijs de promitur. Quo
184 2641 1855 2725 in genere intelligi debet, theologiam esse constitutam, cum ab initijs celsioris scien
185 2708 1843 2791 tiae luce notis oriatur, quae ab autoris dei, diuorumque patefactione dimanat. Quare
195 2773 1843 2859 non sine causa id scientiae genus, caeteris praestantius uideri potest siquidem om¬
196 2846 1846 2930 nis scientiae praestantia, aut materiae dignitate, aut ostendendi modo ostenditur
184 2912 1848 2992 ut perspicuum est astrologiam a gaeometria, certa ostendendi ratione superari
193 2975 1848 3075 eamque materiae dignitate excellere. Cum autem id scientiae genus, quod sit pro¬
