2453 3727
18 -43 73 59 ae
196 309 1856 399 approbatione rerum motum fateamur, rectissimis possumus motuum rationi¬
184 387 1850 461 bus indagare deum. Siquidem cum confirmemus quodcunquam agitatur, alieno
194 452 1853 521 impulsum moueri, id ipsum quod primum mouet, quoniam alterius non agitatur mo¬
195 518 1847 601 tu(neque enim princeps motus esset, si ab alio impelli uideretur) fateri cogimur, ut
190 579 1855 650 consistere, aut se ipsum agitare dicatur. nam si alieno impulsum moueretur, necesse
182 643 1861 715 esse dicimus, id quoque a quo impellitur, ab alio antegrediente moueri, & rursum
190 708 1855 797 aliud ab alio impelli, ex quo effici, ut in infinitum sit progressura excursio. Neque
190 776 1860 848 enim unquam orsum primum inueniri posse affirmamus, si id quod putatur primum¬
182 836 1845 910 aliud semper antecedere dicatur. Praeterea scientius, exquisitiusque rationes colli¬
184 908 1850 984 gimus, quicquid agitatur, alieno concitum impulsum moueri, & in impellentibus
184 982 1861 1048 & pulsis in interminatum excurri nullo modo posse quodquidem hoc modo con
180 1029 1861 1107 nectimus. Si quicquam suapte ui agitatur, necesse est aut habeat motionis suae or¬
193 1103 1858 1179 sum, aut alio impellente agitetur necesse est etiam ut suapte ui, non nutu partis im
184 1171 1857 1240 pellantur, quemadmodum animantia pedum ingressum mouentur, quod si ita esset, fa¬
180 1224 1857 1293 cile sequi posset, non integritatem suapte ui, sed partem aliquam moueri, quod etiam
190 1287 1851 1375 confitendum est sectile esse & diuiduum, partibusque contineri. cum sectile sit, quod
177 1355 1848 1422 cunque mouetur. Quo constituto illud arripimus, quicquid ex se agitari dicatur.
184 1420 1846 1489 id intelligi debere primo esse motum. itaque ut pars una feriata consistat, totius
190 1489 1852 1567 quies & otium insequitur, nam si una torpescente agitaretur altera, tum minime
196 1546 1857 1630 putandum uideretur, totum primum esse impulsum, sed partem eius fuisse agitatam, quae
196 1610 1855 1681 altera consistente, moueretur, nihil autem consistens deside & torpescente altero¬
194 1674 1851 1741 suopte nutu agitatur ex quo connecti potest, ab alio impelli quodcumque mouetur.
181 1740 1848 1810 Deinde etiam adiungimus, que in impellentibus & pulsis, in infinitum nullo modo
190 1804 1852 1880 indagatio decurrat. nam si in infinitum cursus manaret, necesse esset ut impellen
188 1867 1851 1941 tia & pulsa, innumerabilia corpora putarentur quando quidem quodcunque mo
182 1945 1855 2022 uetur, sectile sit, & corpus, omne autem corpus impellens, pariter dum mouet agi¬
177 1993 1855 2071 tatur. igitur omnia infinita impulso uno mouerentur, at cum unum eorum sit
189 2074 1854 2140 circumscriptione definitum, praecare patet id circumscripto tempore moueri. ex
195 2129 1857 2209 quo sciri potest, caetera etiam tempore definito impelli, quod fieri nullo modo
193 2194 1849 2275 potest. ergo fieri etiam non potest ut in impellentibus & pulsis, in infinitum pro¬
181 2253 1847 2337 gressio dimanet. Eodemque modo rationes inducimus de ijs quae aut aduenticio¬
187 2324 1845 2407 aut ui, aut instrumento mouentur, infinitaque argumentationum genera colligi¬
180 2391 1858 2453 mus, quibus rectissime probatur, aliena impulsione moueri, quaecunque mouen¬
190 2446 1855 2522 tur cum autem sub cernendi sensum cadat, sidera moueri, fatendum esse dicimus
188 2505 1853 2584 ea afieno impulsum moueri. Si uero molitor & auctor motus non mouetur, necessa¬
181 2578 1852 2652 rio probamus, aliquem constituendum esse agitatorem immobilem si mouetur, aliquo
190 2643 1846 2720 impellente moueri, aut in infinitum emanaturam indagationem putamus, aut aliquem
181 2700 1843 2785 statorem impulsorem exquirendum. Sed quoniam perabsurda est in infinitum inqusitio, no
189 2783 1843 2854 cessario affirmamus aliquem agitatorem immobilem, initium & fontem esse motus, quem
184 2839 1843 2918 deum esse homines coacti fateantur . Eodemque modo cum fieri non posse uideamus ut qucquam
192 2916 1846 2980 ex se omnino gignatur, multaque cernamus eodem concurrere, & alia ab alijs superari, ne¬
186 2978 1853 3061 cessario nobis existimandum dicimus, ut aut in, infinitum emanaturam progressionem,
