2453 3826
605 321 2300 452 aut aliquam principem causam exqrendam arbitremur, quo sit uniuersitatis generatrix¬
618 397 2307 510 Quinetiam cum agnoscamus ratione uacantia, constantissimo, & certo quodam ordine
610 464 2315 584 progredi, quod quidem casu fieri non posse scimus, cum continuata, eademque semper
611 530 2310 635 fere constantia progrediantur, ad ultimum statuere cogimur, id ab aliqua mente
622 599 2315 724 oriri, quae sit moderatrix, & rectrix rati ordinis naturae, quam deum esse concedendum
619 662 2300 765 sit. ltaque quamquam sensilium rerum notione nullo modo percipi dei natura possit, eo
614 733 2309 832 tamen effectuum ab eo manantium agnitione progredimur, ut illa naturae ratio¬
616 793 2313 908 ne pernoscamus, quae ei congruere necessario uideantur. Siquidem perfacile nege¬
622 874 2308 964 mus parentem rerum deum corporea natura constare nam omne corpus, nullo mo¬
609 926 2302 1039 do mouetur, nisi externo agitatu impellatur cum autem deum statorem, esse impul
613 997 2313 1106 sorem supra sit probatum a nobis, in promptu uideri debet asomaton esse eum
611 1060 2306 1164 ut Graeci dicunt, & corporea natura uacare. Nec item eum ulla coagmentatione con
610 1163 2315 1235 cretum esse dicimus cum quodcumque comnectitur, necesse sit aliquo omnino coagmen¬
611 1196 2312 1305 tatore egere. atque etiam quicquid est coagmentatum & structum, euerti & labe¬
617 1258 2310 1371 factari potest deus autem labefactari nullo modo potest. Nam quidquid gigni¬
620 1327 2315 1429 tur, naturam habet patibilem, commutationis & motus cum autem deus nullo mo¬
618 1395 2321 1497 do moueatur, intelligi maxime potest, eum esse aeternum, orsu & fine uacantem.
607 1461 2319 1561 Ex quo etiam ratione certa colligitur, deum nullo potentiae nexu deuinciri, cum quod
619 1523 2320 1635 cunque potentia continetur, alicui sit herili naturae subiectum . at cum deus princeps
611 1588 2318 1696 causa dicatur, nullum nancisci potest praesidentem herum . igitur nec ulla potentia
620 1691 2321 1759 continetur, sed simplex est, & puritate pollens actus. Nec est item eius naturae ullum
611 1728 2314 1824 materiae genus admixtum quando quidem materia initium agendi nullo modo
618 1820 2317 1897 dicatur, Rectissime quoque probatur minime eum aduenticia pati. siquidem sui pol
624 1854 2315 1964 lens, & existens natura perose, nullius est particeps, quod non sit suaptae naturae pro
621 1926 2312 2039 prium, quae sui par, suique similis existit. Quod cum ita sit, necesse est nullius quoque
618 1988 2317 2091 corporis esse formam proptereaque nullius esse naturae potest, quae non eius esse
618 2052 2302 2154 naturae dicatur. Ergo nec fieri ullo modo potest, ut alterius corporis forma uidea¬
610 2128 2302 2220 tur, nam omnis existens natura per se, omnino ea praestantior uideri debet, cuius
608 2188 2306 2295 natura in altero consistit at cum omnis alterius corporis forma in altero nitatur,
614 2248 2302 2359 praedare sciri potest principem causam alterius corporis esse formam nullo mo¬
625 2320 2300 2424 do posse. In quo quidem facile superiorum Philolophorum ueternum agnoscitur
614 2385 2300 2484 qui dum princeps initium materia praeditum uolunt, non intelligunt se deo ab¬
622 2479 2302 2562 solutionem expletam adimere cum princeps initium materia praeditum, longisi
620 2524 2308 2621 sime ab absolutione absit. Sed nos cum deum maxime in actu uersari dicamus,
614 2581 2302 2686 intelligi etiam uolumus, cumulata eum absolutione expleri. Nec minus est eorum
625 2656 2315 2755 philosophorum minuendus adeps, qui quanquam quod esset interminatum, deum
617 2721 2296 2811 esse censerent, non tamen uidebant aeque se in infinitate, ac in principis initij na¬
626 2782 2306 2881 tura labi. Nam cum id materia praeditum efficerent, ei infinitatem quoque mate¬
610 2852 2296 2950 riae compotem annecti uolebant, affirmantes aliquod omnino corporis intermi¬
609 2925 2299 3013 nati genus initium & fontem esse rerum. At nos cum dei naturam in altero nul¬
608 3000 2315 3099 lo modo niti, sed existentem per se, suique pollentem uideamus, facile intellectu
612 3050 1606 3158 esse dicimus, eum interminatum debere credi¬
