2453 3727
684 123 1369 266 DISTINCTIO III
392 227 1703 351 DE SCIENTIA DEI DISTINCTIO III
425 303 1834 413 Erum quoniam in dei pernoscenda natura, libatum est a nobis quodcumque
420 367 1834 482 frugiferum uidebatur, & quasi flos Theologiae decerptus, nunc sequitur ut
423 450 1835 541 structis pontibus ad diuinam scientiam transmittatur, quaeraturque
392 514 1825 619 in primis, an aliqua omnino sit dei nominanda scientia. Nam multi qui uo
169 556 1828 695 funt laudemi sibi argute disserendi dari, nullam dei scientiam esse censent quandoquidem
171 624 1823 732 scientiam absolutionem rei additam afferre dicant. At cum maxime deum sint¬,
171 692 1834 815 plicitate pollere confirment, nec quicquam eius naturae additum arbitrentur, obtine¬
165 760 1831 863 re se putant, ut nullo modo quaepiam dei scientia esse dicatur. Plato autem ne¬
166 830 1827 947 gat scientem esse deum, sed supra scientiam efferri opinatur in quo philolopho
166 894 1838 1003 rum pedissequam phalangem habet, qui quasi id sibi per Platonem liceat, ratum
161 942 1835 1049 ordinem deorum constituunt. Quorum quidem sententiam satis a diuo Dio¬
174 1006 1824 1136 nysio reiectam esse uideo. Sed accessit callidissimus auctor Auerrois, qui dei ma
174 1077 1830 1179 xime propriam scientiam & uitam esse putat. Nobis uero certius probatur cumu¬
170 1138 1832 1250 late scientem esse deum. Nam cum formae angustiae ex materiae concretione oriantur,
167 1206 1842 1320 intelligi potest formarum genera quo magis materia uacant, eo magis ad immen
167 1277 1840 1395 sitatem quandam interminata accedere. Ex quo sciri debet quippiam materia uacans,
174 1331 1844 1455 maxime nancisci pernoscendi uim seiunctaeque naturae modo, noscendi ac perci¬
178 1391 1834 1523 piendi oriri modum. ltaque praeclare Aristoteies ait stirpium generi ob materia
171 1449 1833 1561 concretionem, pernoscendi ademptum esse sensum. At cum maxime deus sit ab
175 1532 1843 1637 omni materia seiunctus & liber, nemini dubium esse potest, eum scientem de¬
176 1588 1839 1714 bere maxime uideri. Sed interest nostra scire, an a satore mundi deo singularum
176 1648 1843 1770 rerum genera pernoscantur. Multi enim quasi magnam uideantur Aristoteli¬
180 1713 1834 1834 operam dedisse, singularum rerum scientiam esse negant. At cum ea quae scien
184 1785 1834 1898 tiarum genere non continentur, a quoquam percipi nullo modo possint, satis con
171 1849 1850 1960 dusum esse putant, nec ea quidem a deo intelligi posse. In eiusmodi enim contro
178 1909 1841 2027 uersia diuo Thomae ualde in ore est a deo singularum rerum genera pernosci
184 1970 1856 2080 contra quem ex caesia disciplina Aureolus multa Scoteo genere conscripsit, affir
177 2041 1850 2151 mans eum flaccescentium ratiuncularum genera afferre, quibus singula a deo
184 2100 1846 2230 percipi probare conetur nec ita ab eo Auerromim feriri dicit, ut cadendi necessita
186 2167 1850 2285 tem inducat. Tantundemque aculeorum affert argutus inficiator Garro. Sed prae
179 2238 1850 2340 ter caeteros ingenij gloria abundans Gregorius Ariminensis, articulatim argu¬
182 2297 1854 2408 mentorum genera retexit qui quidem muita eius deturbandi causa conari uide¬
187 2359 1854 2472 retur, si diligentior Aquinateorum uerborum aestimator putaretur. At uero ex
194 2424 1860 2550 philosophorum genere Auerrois, maxime talum intorsit, cum a deo singularum
192 2486 1849 2612 rerum genera percipi posse negauit nam cum ea interminata esse opinaretur, fa¬
188 2558 1853 2668 cile se probare sperauit, interminata nullo scientiarum genere praefiniri posse. In quo
195 2608 1864 2737 non uidit deum in agnoscendo secernere, nec sensit si concedendum sit, absurdum esse in¬
186 2691 1857 2795 terminata aliquo circunscripto scientiarum genere contineri, haud tamemn concedi opor
190 2746 1865 2855 tere absurdum uideri, ab eo interminata percipi, cuius sapientiae nullis sit finibus circum
192 2805 1855 2919 scriptus numerus. Ex eadem quoque Arabum disciplina Algazellus & Auicemna, nobi
195 2872 1858 3002 le recentium philolophorum par, quamquam minime a deo singula percipi posse ne
