2453 3826
635 255 2326 393 gent, cum tamen catholice singula rerum genera agnoscerc uolunt, non quidem
641 337 2328 464 quatenus per se singula existant. In quo sane non intelligunt se deo inscitiam in¬
631 400 2317 527 ternoscendi dare. At mihi quidem uidetur, cum singularum rerum agnitio, ad ho¬
638 470 2324 592 minum expletam absolutionem pertineat, necesse esse ut eadem a deo pernoscantur.
649 544 2319 649 Neque enim, ut ait Aristoteles, consentaneum uideri debet quicquam ab hominum ge¬
641 608 2333 719 nere sciri posse, quod dei notionem effugiat. Itaque dum Empedoclem uelut cras
643 669 2327 786 sioris opimaeque ceruicis illudit, accidere putat ut deus inscius omnino putetur, si
641 734 2329 853 antipathiam ignorare dicatur. Etenim absolutionum genera quae in inferiorum
635 808 2333 921 rerum generibus obstringuntur, simplicia in deo & iugata existunt. Et quamquam alia
644 872 2322 983 ui ab hominum genere catholica & materia seiuncta, rursumque alia ui, singula ma¬
641 932 2336 1047 teriaque concreta internoscantur, fatendum tamen essc uolumus, ut utraque sub dei
644 1007 2317 1110 simplicem intelligentiam cadant. Nec multo quidem secus cum malorum gene¬
641 1066 2327 1190 ra agnoscere dicimus. Nam quemadmodum in musicis claudicationem falsarum
641 1137 2321 1242 uocum exaudimus, quatenus a musico artificio dissideant, sic deum uolumus
640 1200 2317 1303 catholice cuncta malorum genera percipere, quatenus ab eius disciplina discre¬
640 1267 2320 1379 pent & rursum specie secernere, quatenus non eodem modo ab eo dissideant.
659 1335 2335 1434 Quamque hoc loco est nata disceptatio, an dei scientia mutari ullo modo possit. Plae¬
635 1396 2315 1497 rique enim qui ad ingenia capienda, malitiarum euerricula iactant, quo concinnius
635 1466 2323 1559 argumentum cadat, deum dicunt quaecunque agat, scire omnino posse at cum plu¬
637 1529 2323 1640 ra dcum moliri posse, quam moliatur, arbitrentur, sequi uolunt, plura eum scire quam
631 1603 2315 1704 sciat, quod si ita est, satis notum esse dei scientiam ademptione & auctu mutari
640 1665 2320 1769 posse. Contra quos diuus Thomas rotundius rude argumentum tornat. Nam
634 1724 2309 1831 deum dicit ea etiam scire, quae moliri possit, nec ullo modo moliatur nec tamen ob
629 1800 2305 1916 eam causam quod plura moliri possit, quam moliat, sequi uult, plura eum scire posse quam
635 1861 2315 1965 sciat nec item ob id que sciat quippiam futurum esse posse, quod nullo modo sit, co¬
630 1936 2321 2037 cludi putat ut dei scientia mutari ullo modo possit, sed ab eo uarietatem rerum
615 1998 2305 2087 percipi posse confirmat. Nos uero quanquam deum statuamus uarietates, conuersio
622 2057 2306 2153 nesque rerum pernoscere, eum tamen uolumus sine conuersione percipere, cum sub
629 2121 2309 2227 eius intelligentiam, nec transitionem, nec receptionem, aut obliuionem cadere pos¬
623 2187 2307 2293 se dicamus. Ex quo quidem effici, ut quamquam res mutari uideantur, in promptu ta¬
623 2251 2302 2369 men sit, eius scientiam nullo modo in rerum uarietate agnoscenda mutari. ldque
622 2324 2308 2424 eiusmodi simulacro ostendi potest. Siquidem quemadmodum oculus uitreum
610 2393 2302 2484 tectorium contuens, suapte natura transgredientium corpora quacumque moueantur
610 2473 2309 2559 sine receptione cernit, nec ullo tamen modo eius agnitio, aut natura mutatur, quam¬
629 2521 2305 2615 quam res mutari uideantur, ita hoc idem in dei scientia accidere posse arbitramur.
638 2585 2304 2686 Quare non sine causa intelligendum est an idem procreator mundi deus extra
617 2650 2305 2751 sc caetera rerum genera percipiat. Nonnulli qui Auerroim tanquam elephantem fu¬
616 2715 2309 2833 nambulum mirantur, deum quicquam extra se percipere posse negant, inuidiosissimeque
623 2788 2309 2881 Themistio obtrectare conantur, qui deum cuncta pernoscere confirmet, cum in¬
604 2849 2310 2948 telligat se causam & initium esse rerum idque etiam Aristoteleo conchylio tingunt,
610 2942 2309 3020 qui intelligentiam mentemque diuinam uilem fieri opinetur, si quicquam extra se perci
610 2984 2296 3091 pere posse dicatur quandoquidem cognobile intelligentiae absolutionem esse uelit,
