2453 3727
187 275 1857 356 argutius sapere uideantur, nullo iodo prouidentiam diuinam negauerunt, sed
181 350 1858 425 eam ministris uti uoluerunt, affirmantes eam regis quamsimillimam uideri, qui admi¬
180 414 1850 485 nistrandarum rerum suarum munia dispertiat. Ob eamque causam Plato tripartito
187 479 1861 558 prouidentiam distribuit nam unam auctoris rerum dei esse dixit, quae spirituum in
184 538 1861 624 primis naturae, rerumque uniuersitati consuleret alteram aiebat esse eam, quae singu
180 602 1858 687 lis rebus quae extabescerent & gignerentur prouideret, quam his coelitibus tribuendam
177 670 1862 744 statuit, qui circum coelum meantes coelestia corpora impellerent tertiam vero pu¬
181 738 1849 811 tauit, quae rerum humanarum procurationem susciperet, eamque daemonum generi ascri¬
182 811 1865 879 psit, quos inter homines & coelites interiectos esse censuit quam quidem sententiam
180 866 1861 944 multi tanquam statuam admirando praetereunt. Nos autem cuncta uolumus proui¬
190 930 1854 996 dentia sine ministris gubernari, sed tamemn quaedam intermedia esse dicimus, qui¬
184 994 1853 1072 bus non carentia uirtutis, sed affluentia probitatis inferiora regat quare si quicquam
171 1049 1861 1128 cuiquam bene fortunateque euenturum sit, ei deum, coelites, & coelum, suffragari opor¬
180 1130 1859 1201 tere dicimus. nam saepe alicui praeter propositum bene euenire scimus, ut si quis
178 1185 1853 1258 arando auri urnam excutiat, quam nullo prorsus modo erat illi in animo perqui¬
178 1258 1857 1330 rere. Etenim saepe accidere solet, quempiam molientem praeter propositum moliri, non
181 1301 1860 1392 tamen praeter heri propositum moliri, cui sit iure subiectus quemadmodum si. M. Tul
182 1378 1861 1463 lius. T. Tironi aliquo proficisci iubeat, quo eo imprudente Alexionem praemiserat,
177 1440 1849 1506 intelligi debet Tironis propositum, praeter Alexionis, non praeter. M. Tullij propo¬
177 1501 1846 1574 situm uideri. Eodemque modo quamquam homini quippiam fortuitu & casu accidat, id
171 1563 1844 1634 tamen quippiam statutum dicitur, nam cum homines corporis natura coelo, intel¬
172 1635 1849 1706 ligentia coelitibus, uoluntate parenti rerum deo subiecti sint, aliquid praeter pro¬
175 1700 1848 1785 positum homini accidere posse dicimus, quod tamen rato coeli ordine, uel coelitum
178 1753 1795 1835 uel dei constitutione cadat . Eodemque modo de selectione & fato disputatur.
563 1834 1507 1907 DE PRAEDESTINATIONE.
613 1898 1418 1984 DISTINCTIO SEXTA.
441 1953 1850 2040 Taque permagni refert an parens ille deus homines per praesignatio
460 2026 1855 2104 nem seligat. In quo quidem intelligendum est, cuncta prouidentiae
456 2093 1840 2170 diuinae esse subiecta, prouidentiaeque interesse res in ultimum statuere
449 2145 1849 2237 At finis ad quem genita a deo statuuntur, duplex omnino dicitur. Vnus
175 2219 1843 2292 qui supra genitarum rerum progredientem naturam constituitur, qui quidem cum aeternitas
175 2273 1840 2350 nominet, in fabricatore rerum deo contuendo consistit. Alter vero est ad naturam pro¬
174 2333 1847 2434 gredientem aptus, quem genita consequi possunt suapte ui & naturae suae modo. At
184 2407 1858 2488 ad eum finem, ad quem quippiam suapte ui peruenire nullo modo potest, necesse est
181 2462 1856 2548 ut ea perinde ab altero, ut tela a iaculante transferantur. Ex quo quidem iure natura
177 2545 1850 2607 rationis compos, quae imortalitatis est capax, ad aeternitatem tanquam a deo sublata
171 2588 1852 2672 subuolat. Ob eamque causam affirmatur praesignationem certissimos effectus consequi,
178 2651 1843 2743 cum tamemn nullam necessitatem afferat. Nam quamquam praesignatio pars prouidentiae no
177 2721 1859 2801 minetur, haud tamem cuncta, quae prouidentiae subsunt, necessaria dici ullo modo
177 2785 1840 2870 debent. At quaedam fortuitu cadunt proximarum causarum modo, quae sunt ad id¬
177 2872 1856 2928 a prouidentia constitutae, cum tamem ratus prouidentiae ordo nullo modo fallat,
177 2916 1848 3002 Eodemque modo dicimus ratum praesignationis ordinem esse certum, nec tamemn hominis
