<?xml version="1.0" encoding="UTF-8" standalone="yes"?>
<PcGts xmlns="http://schema.primaresearch.org/PAGE/gts/pagecontent/2013-07-15" xmlns:xsi="http://www.w3.org/2001/XMLSchema-instance" xsi:schemaLocation="http://schema.primaresearch.org/PAGE/gts/pagecontent/2013-07-15 http://schema.primaresearch.org/PAGE/gts/pagecontent/2013-07-15/pagecontent.xsd">
    <Metadata>
        <Creator>prov=University of Rostock/Institute of Mathematics/CITlab|PLANET AI GmbH/Gundram Leifert/gundram.leifert@planet-ai.de:name=cod-B8bqqq-m2(htr_id=26539)::::v=2.6.6
prov=University of Rostock/Institute of Mathematics/CITlab|PLANET AI GmbH/Tobias Gruening/tobias.gruening@planet-ai.de:name=de.uros.citlab.module.baseline2polygon.B2PSeamMultiOriented:v=2.6.6
prov=University of Rostock/Institute of Mathematics/CITlab|PLANET AI GmbH/Tobias Gruening/tobias.gruening@planet-ai.de:name=/net_tf/LA73_249_0mod360.pb:de.uros.citlab.segmentation.CITlab_LA_ML:v=2.6.6
Transkribus</Creator>
        <Created>2020-09-26T18:54:49.687-04:00</Created>
        <LastChange>2020-10-02T00:06:15.947+02:00</LastChange>
        <TranskribusMetadata docId="495223" pageId="20305761" pageNr="33" tsid="42384958" status="IN_PROGRESS" userId="25065" imgUrl="https://files.transkribus.eu/Get?id=RJAGBXFEZFKYWFKCYSNMANEY&amp;fileType=view" xmlUrl="https://files.transkribus.eu/Get?id=ZCMSWQSARCTMWQFJHLPIYNDR" imageId="15628288"/>
    </Metadata>
    <Page imageFilename="033.jpg" imageWidth="2453" imageHeight="3826">
        <ReadingOrder>
            <OrderedGroup id="ro_1601662573381" caption="Regions reading order">
                <RegionRefIndexed index="0" regionRef="r2"/>
            </OrderedGroup>
        </ReadingOrder>
        <TextRegion orientation="0.0" id="r2" custom="readingOrder {index:0;}">
            <Coords points="609,211 609,3094 2316,3094 2316,211"/>
            <TextLine id="r2l2" custom="readingOrder {index:0;}">
                <Coords points="635,398 1708,343 2321,397 2320,319 1834,261 634,333"/>
                <Baseline points="645,357 728,357 811,357 894,354 978,352 1061,350 1144,347 1227,342 1311,340 1394,337 1477,335 1560,333 1644,332 1727,332 1810,333 1893,336 1977,341 2060,347 2143,355 2226,365 2310,378"/>
                <TextEquiv>
                    <Unicode>causa, qui ientantes &amp; potantes flagitiosaque libidine ardentes induxerunt deosi</Unicode>
                </TextEquiv>
            </TextLine>
            <TextLine id="r2l3" custom="readingOrder {index:1;}">
                <Coords points="1199,433 1396,426 1447,448 1483,423 1538,437 1611,412 1736,432 1783,414 1782,346 1548,361 1378,348 1321,367 1197,353"/>
                <Baseline points="1208,410 1236,410 1264,410 1292,408 1321,408 1349,407 1377,407 1405,405 1434,404 1462,404 1490,402 1518,402 1547,401 1575,401 1603,399 1631,399 1660,398 1688,398 1716,398 1744,398 1773,399"/>
                <TextEquiv>
                    <Unicode>DE TRINITATE.</Unicode>
                </TextEquiv>
            </TextLine>
            <TextLine id="r2l4" custom="readingOrder {index:2;}">
                <Coords points="1101,514 1890,480 1889,430 1790,413 1643,418 1607,442 1460,424 1100,442"/>
                <Baseline points="1112,479 1150,479 1188,479 1227,479 1265,479 1304,477 1342,477 1380,476 1419,474 1457,473 1496,473 1534,471 1572,470 1611,468 1649,468 1688,467 1726,467 1764,467 1803,467 1841,467 1880,467"/>
                <TextEquiv>
                    <Unicode>DISTINCTIO NONA.</Unicode>
                </TextEquiv>
            </TextLine>
            <TextLine id="line_1601215957396_121" custom="readingOrder {index:3;}">
                <Coords points="898,575 1917,550 2323,600 2324,545 1949,482 899,509"/>
                <Baseline points="910,555 949,557 1025,558 1101,558 1176,557 1252,555 1328,552 1404,550 1479,548 1555,545 1631,543 1707,542 1782,542 1858,543 1934,545 2010,549 2085,555 2161,564 2237,574 2313,587"/>
                <TextEquiv>
                    <Unicode>Actenus de dei natura conscripsimus, nunc sequitur ut ea diuina genera</Unicode>
                </TextEquiv>
            </TextLine>
            <TextLine id="r2l6" custom="readingOrder {index:4;}">
                <Coords points="873,624 1044,665 1915,617 2326,665 2326,613 2238,585 1918,550 874,586"/>
                <Baseline points="884,621 955,624 1027,624 1098,624 1170,624 1242,622 1313,620 1385,618 1456,615 1528,613 1600,611 1671,609 1743,609 1814,609 1886,611 1958,612 2029,617 2101,622 2172,631 2244,640 2316,653"/>
                <TextEquiv>
                    <Unicode>apersequamur, quibus deum unum &amp; trinum esse ostenditur de qua quidem re.</Unicode>
                </TextEquiv>
            </TextLine>
            <TextLine id="line_1601215963772_130" custom="readingOrder {index:5;}">
                <Coords points="886,703 1895,683 2316,734 2316,663 2057,626 887,640"/>
                <Baseline points="897,688 918,689 991,690 1064,690 1137,690 1210,689 1283,686 1356,684 1429,682 1502,680 1575,678 1648,677 1721,675 1794,675 1867,677 1940,678 2013,682 2086,688 2159,694 2232,703 2306,714"/>
                <TextEquiv>
                    <Unicode>magna hominem certatione pugnatur. Nam literatores multi, qui tanquam</Unicode>
                </TextEquiv>
            </TextLine>
            <TextLine id="line_1601215949242_113" custom="readingOrder {index:6;}">
                <Coords points="895,781 1864,751 2312,794 2325,731 895,699"/>
                <Baseline points="905,756 944,758 1020,758 1096,756 1172,756 1248,753 1324,752 1400,749 1476,746 1552,744 1628,743 1704,743 1780,741 1856,743 1932,745 2008,748 2084,753 2160,760 2236,768 2313,780"/>
                <TextEquiv>
                    <Unicode>tubera sine radice uiuunt, id ob eam causam negant, propterea quod</Unicode>
                </TextEquiv>
            </TextLine>
            <TextLine id="r2l9" custom="readingOrder {index:7;}">
                <Coords points="634,855 1958,816 2302,859 2318,790 1849,751 634,794"/>
                <Baseline points="645,825 728,827 811,827 894,826 977,825 1060,822 1143,821 1226,818 1309,815 1392,813 1476,810 1559,809 1642,807 1725,807 1808,809 1891,810 1974,813 2057,817 2140,824 2223,832 2307,842"/>
                <TextEquiv>
                    <Unicode>minime esse posse arbitrentur. Nonnulli vero dum habent ratum, quod probarint, &amp; fal¬</Unicode>
                </TextEquiv>
            </TextLine>
            <TextLine id="r2l10" custom="readingOrder {index:8;}">
                <Coords points="646,913 2023,883 2320,926 2319,855 2109,826 646,847"/>
                <Baseline points="657,891 739,893 822,894 904,893 987,892 1070,890 1152,888 1235,886 1318,883 1400,881 1483,879 1566,876 1648,875 1731,875 1814,875 1896,876 1979,879 2062,883 2144,889 2227,897 2310,906"/>
                <TextEquiv>
                    <Unicode>sum quod opinatione suspicantur, foedissime in dei natura labuntur. Quibusdam etiam</Unicode>
                </TextEquiv>
            </TextLine>
            <TextLine id="r2l11" custom="readingOrder {index:9;}">
                <Coords points="640,988 1882,949 2320,989 2320,926 2014,883 640,932"/>
                <Baseline points="651,960 738,960 825,960 912,959 1000,957 1087,955 1174,953 1262,950 1349,948 1436,945 1524,944 1611,942 1698,941 1786,941 1873,942 1960,945 2048,950 2135,954 2222,962 2310,971"/>
                <TextEquiv>
                    <Unicode>qui ne ignem quidem calere putant, nisi eum manum contrectarint, nihil credendum esse </Unicode>
                </TextEquiv>
            </TextLine>
            <TextLine id="r2l12" custom="readingOrder {index:10;}">
                <Coords points="641,1061 1702,1015 2317,1055 2317,988 1630,950 641,989"/>
                <Baseline points="651,1025 733,1025 816,1025 899,1023 982,1022 1065,1020 1147,1019 1230,1017 1313,1014 1396,1011 1479,1010 1561,1008 1644,1008 1727,1008 1810,1008 1893,1010 1975,1013 2058,1016 2141,1021 2224,1028 2307,1037"/>
                <TextEquiv>
                    <Unicode>placet quod supra progredientem naturam uideatur. Multorum quoque studia tardantur.</Unicode>
                </TextEquiv>
            </TextLine>
            <TextLine id="r2l13" custom="readingOrder {index:11;}">
                <Coords points="647,1128 1893,1078 2291,1123 2312,1057 1815,1013 647,1058"/>
                <Baseline points="657,1091 739,1091 821,1091 903,1089 985,1088 1068,1086 1150,1084 1232,1082 1314,1080 1396,1078 1479,1076 1561,1074 1643,1074 1725,1073 1807,1074 1890,1076 1972,1078 2054,1081 2136,1086 2218,1092 2301,1100"/>
                <TextEquiv>
                    <Unicode>que id credere nolint, quod minus sub eorum cognitionem cadat quae quidem errorum</Unicode>
                </TextEquiv>
            </TextLine>
            <TextLine id="r2l14" custom="readingOrder {index:12;}">
                <Coords points="644,1183 1972,1147 2269,1192 2315,1116 1894,1080 644,1126"/>
                <Baseline points="654,1154 736,1155 819,1155 901,1154 984,1154 1066,1152 1149,1150 1231,1148 1314,1146 1396,1144 1479,1142 1561,1140 1644,1140 1726,1139 1809,1140 1891,1142 1974,1143 2056,1146 2139,1152 2221,1158 2304,1166"/>
                <TextEquiv>
                    <Unicode>prauitas ex ingeniorum imbecillitate defluxit. siquidem cum sensuum angustiae, ex qui¬</Unicode>
                </TextEquiv>
            </TextLine>
            <TextLine id="r2l15" custom="readingOrder {index:13;}">
                <Coords points="637,1244 2311,1248 2311,1182 1974,1148 637,1181"/>
                <Baseline points="648,1217 730,1218 813,1220 895,1220 978,1218 1061,1217 1143,1215 1226,1214 1309,1212 1391,1209 1474,1208 1557,1206 1639,1205 1722,1205 1805,1205 1887,1206 1970,1209 2053,1212 2135,1217 2218,1223 2301,1230"/>
                <TextEquiv>
                    <Unicode>bus hominum agnitio eruitur, in externorum sensilium genere uersentur, satis notum</Unicode>
                </TextEquiv>
            </TextLine>
            <TextLine id="r2l16" custom="readingOrder {index:14;}">
                <Coords points="634,1306 1907,1281 2318,1324 2318,1250 2006,1215 634,1245"/>
                <Baseline points="645,1283 728,1284 811,1284 894,1284 977,1283 1060,1283 1143,1281 1226,1279 1309,1277 1392,1275 1476,1274 1559,1274 1642,1272 1725,1272 1808,1272 1891,1274 1974,1276 2057,1278 2140,1283 2223,1289 2307,1295"/>
                <TextEquiv>
                    <Unicode>esse debet, his, tanquam compedibus, intelligentiae cursum retardari, diuinaque capessere</Unicode>
                </TextEquiv>
            </TextLine>
            <TextLine id="r2l17" custom="readingOrder {index:15;}">
                <Coords points="629,1378 2326,1377 2326,1327 2075,1285 629,1310"/>
                <Baseline points="639,1349 722,1350 806,1350 890,1350 974,1349 1058,1347 1142,1346 1225,1344 1309,1343 1393,1341 1477,1340 1561,1338 1645,1338 1729,1338 1812,1338 1896,1340 1980,1341 2064,1344 2148,1349 2232,1355 2316,1362"/>
                <TextEquiv>
                    <Unicode>nequire. At mihi quidem nullo modo consentaneum uideri solet, quoniam multa inter¬</Unicode>
                </TextEquiv>
            </TextLine>
            <TextLine id="r2l18" custom="readingOrder {index:16;}">
                <Coords points="640,1439 2311,1449 2311,1390 2145,1355 640,1374"/>
                <Baseline points="651,1415 733,1416 816,1416 898,1415 981,1415 1063,1413 1146,1412 1228,1410 1311,1409 1393,1407 1476,1406 1558,1404 1641,1404 1723,1404 1806,1404 1888,1406 1971,1408 2053,1411 2136,1415 2218,1421 2301,1427"/>
                <TextEquiv>
                    <Unicode>dum incredibilia uideantur, ea fieri posse negare. nam eodem modo nec credendum</Unicode>
                </TextEquiv>
            </TextLine>
            <TextLine id="r2l19" custom="readingOrder {index:17;}">
                <Coords points="627,1505 1868,1476 2306,1520 2321,1448 626,1435"/>
                <Baseline points="636,1481 719,1481 803,1482 887,1481 970,1481 1054,1479 1138,1478 1221,1476 1305,1475 1389,1473 1473,1472 1556,1470 1640,1470 1724,1470 1807,1470 1891,1472 1975,1474 2058,1478 2142,1481 2226,1487 2310,1494"/>
                <TextEquiv>
                    <Unicode>esset, aut ab electro paleam, aut ferrum, a magnete trahi, cum illi lapideo rigori nulla</Unicode>
                </TextEquiv>
            </TextLine>
            <TextLine id="r2l20" custom="readingOrder {index:18;}">
                <Coords points="623,1559 2320,1577 2320,1520 2059,1483 623,1508"/>
                <Baseline points="633,1547 716,1547 800,1548 884,1547 968,1547 1052,1545 1136,1544 1219,1542 1303,1541 1387,1539 1471,1537 1555,1536 1639,1535 1723,1535 1806,1535 1890,1536 1974,1539 2058,1542 2142,1547 2226,1553 2310,1560"/>
                <TextEquiv>
                    <Unicode>inesse appareat rapiendi uis, nec ferrum ductile suapte natura uideatur,. nec item cen¬</Unicode>
                </TextEquiv>
            </TextLine>
            <TextLine id="r2l21" custom="readingOrder {index:19;}">
                <Coords points="623,1631 2317,1645 2317,1580 2141,1551 623,1576"/>
                <Baseline points="633,1610 716,1611 800,1613 884,1613 967,1612 1051,1611 1135,1610 1218,1607 1302,1605 1386,1604 1470,1602 1553,1601 1637,1599 1721,1599 1804,1601 1888,1602 1972,1604 2055,1607 2139,1612 2223,1619 2307,1626"/>
                <TextEquiv>
                    <Unicode>sendum esset ab iaspide defluentem sisti sanguinem, quae enim esse potest lapidi cum</Unicode>
                </TextEquiv>
            </TextLine>
            <TextLine id="r2l22" custom="readingOrder {index:20;}">
                <Coords points="632,1703 2318,1713 2318,1656 2105,1616 632,1638"/>
                <Baseline points="642,1676 725,1677 808,1677 891,1677 975,1677 1058,1676 1141,1674 1224,1673 1308,1671 1391,1670 1474,1668 1557,1667 1641,1667 1724,1667 1807,1667 1890,1668 1974,1670 2057,1674 2140,1678 2223,1684 2307,1691"/>
                <TextEquiv>
                    <Unicode>sanguine cognatio: Atque etiam quis credere deberet, a struthocamelo concoqui &amp;</Unicode>
                </TextEquiv>
            </TextLine>
            <TextLine id="r2l23" custom="readingOrder {index:21;}">
                <Coords points="631,1770 1821,1739 2318,1780 2292,1704 1970,1675 631,1709"/>
                <Baseline points="642,1740 725,1742 808,1744 891,1745 975,1745 1058,1743 1141,1742 1224,1740 1308,1739 1391,1736 1474,1735 1557,1733 1641,1733 1724,1731 1807,1732 1890,1733 1974,1736 2057,1739 2140,1743 2223,1751 2307,1758"/>
                <TextEquiv>
                    <Unicode>molliri ferrum, a leone concoqui nequire: cum multo sit leonis quam struthocameli</Unicode>
                </TextEquiv>
            </TextLine>
            <TextLine id="r2l24" custom="readingOrder {index:22;}">
                <Coords points="632,1837 1772,1804 2311,1848 2311,1774 631,1770"/>
                <Baseline points="642,1806 729,1809 816,1810 903,1811 991,1809 1078,1808 1165,1806 1253,1805 1340,1803 1427,1802 1515,1800 1602,1799 1689,1797 1777,1797 1864,1799 1951,1801 2039,1805 2126,1809 2213,1815 2301,1823"/>
                <TextEquiv>
                    <Unicode>natura feruidior: nihiloque facilius existimandum esset, cyathum cinere fartum, tantum</Unicode>
                </TextEquiv>
            </TextLine>
            <TextLine id="r2l25" custom="readingOrder {index:23;}">
                <Coords points="623,1909 2315,1909 2290,1842 2058,1812 623,1845"/>
                <Baseline points="633,1872 716,1874 800,1875 883,1877 967,1875 1050,1875 1134,1874 1217,1872 1301,1870 1384,1868 1468,1866 1552,1865 1635,1864 1719,1863 1802,1863 1886,1865 1969,1868 2053,1871 2136,1876 2220,1882 2304,1889"/>
                <TextEquiv>
                    <Unicode>dem aquae refertum quam exhaustum capere : Eodemque modo nec putandum ab Echi¬</Unicode>
                </TextEquiv>
            </TextLine>
            <TextLine id="r2l26" custom="readingOrder {index:24;}">
                <Coords points="634,1965 2308,1969 2307,1904 2160,1883 634,1902"/>
                <Baseline points="645,1940 727,1941 810,1941 892,1941 975,1941 1058,1940 1140,1938 1223,1937 1306,1935 1388,1934 1471,1932 1554,1931 1636,1929 1719,1929 1802,1931 1884,1931 1967,1934 2050,1937 2132,1941 2215,1946 2298,1953"/>
                <TextEquiv>
                    <Unicode>naeide pisciculo uolantia nauigia sisti quae enim uis tantillo pisciculo inesse potest</Unicode>
                </TextEquiv>
            </TextLine>
            <TextLine id="r2l27" custom="readingOrder {index:25;}">
                <Coords points="622,2031 2302,2035 2302,1988 2005,1944 622,1962"/>
                <Baseline points="633,2006 720,2007 807,2006 894,2006 982,2005 1069,2004 1156,2003 1244,2000 1331,1998 1418,1997 1506,1997 1593,1995 1680,1995 1768,1995 1855,1997 1942,2000 2030,2002 2117,2007 2204,2012 2292,2019"/>
                <TextEquiv>
                    <Unicode>contra tantum impellentium remigum conatum, contra tam uarios ruentium uentorum impe¬</Unicode>
                </TextEquiv>
            </TextLine>
            <TextLine id="r2l28" custom="readingOrder {index:26;}">
                <Coords points="628,2105 2308,2108 2308,2049 2133,2018 628,2034"/>
                <Baseline points="639,2073 726,2073 813,2073 900,2073 988,2072 1075,2070 1162,2067 1250,2066 1337,2064 1424,2063 1512,2061 1599,2061 1686,2061 1774,2061 1861,2063 1948,2066 2036,2069 2123,2075 2210,2081 2298,2088"/>
                <TextEquiv>
                    <Unicode>tus, contra tantas procellas aestuantis maris: quis putaret quae nec ancorarum iactu.</Unicode>
                </TextEquiv>
            </TextLine>
            <TextLine id="r2l29" custom="readingOrder {index:27;}">
                <Coords points="626,2154 2306,2178 2306,2108 2150,2083 626,2103"/>
                <Baseline points="636,2139 723,2139 810,2139 897,2138 985,2136 1072,2135 1159,2133 1247,2132 1334,2130 1421,2129 1509,2127 1596,2127 1683,2127 1771,2127 1858,2129 1945,2132 2033,2135 2120,2140 2207,2146 2295,2153"/>
                <TextEquiv>
                    <Unicode>nec funium aut catenarum nexu continentur, unius pisciculi adhae sum contineri: Quod si</Unicode>
                </TextEquiv>
            </TextLine>
            <TextLine id="r2l30" custom="readingOrder {index:28;}">
                <Coords points="626,2223 2306,2236 2306,2180 2121,2146 626,2154"/>
                <Baseline points="636,2204 723,2205 810,2204 897,2204 985,2202 1072,2201 1159,2199 1247,2198 1334,2196 1421,2195 1509,2193 1596,2193 1683,2193 1771,2193 1858,2195 1945,2198 2033,2201 2120,2206 2207,2211 2295,2217"/>
                <TextEquiv>
                    <Unicode>haec fieri uidemus naturae progredientis uia, quorum nulla afferri ratio potest, num</Unicode>
                </TextEquiv>
            </TextLine>
            <TextLine id="r2l31" custom="readingOrder {index:29;}">
                <Coords points="625,2299 2302,2303 2303,2234 625,2228"/>
                <Baseline points="636,2268 718,2270 801,2270 884,2270 967,2268 1050,2268 1132,2267 1215,2265 1298,2263 1381,2262 1464,2261 1546,2259 1629,2259 1712,2259 1795,2259 1878,2261 1960,2264 2043,2268 2126,2273 2209,2279 2292,2286"/>
                <TextEquiv>
                    <Unicode>existimandum est nobis, quaedam incredibiliora in dei natura existere, quae nullo</Unicode>
                </TextEquiv>
            </TextLine>
            <TextLine id="r2l32" custom="readingOrder {index:30;}">
                <Coords points="616,2353 2306,2367 2306,2304 1835,2271 616,2302"/>
                <Baseline points="627,2333 710,2334 793,2334 877,2334 960,2334 1044,2333 1127,2331 1210,2330 1294,2328 1377,2327 1461,2327 1544,2325 1627,2325 1711,2325 1794,2327 1878,2327 1961,2330 2044,2334 2128,2338 2211,2344 2295,2351"/>
                <TextEquiv>
                    <Unicode>modo sub hominis notionem cadant: Neque enim ego fas esse puto, cum tam uariae</Unicode>
                </TextEquiv>
            </TextLine>
            <TextLine id="r2l33" custom="readingOrder {index:31;}">
                <Coords points="620,2416 1978,2399 2300,2449 2300,2367 2180,2349 620,2353"/>
                <Baseline points="630,2399 717,2400 804,2400 891,2399 979,2399 1066,2397 1153,2396 1241,2394 1328,2393 1415,2391 1503,2391 1590,2390 1677,2390 1765,2391 1852,2393 1939,2396 2027,2400 2114,2405 2201,2410 2289,2418"/>
                <TextEquiv>
                    <Unicode>inter se uoluntates, tanquam dissidentes intelligendi dissimilitudines sint, quod cuiquam</Unicode>
                </TextEquiv>
            </TextLine>
            <TextLine id="r2l34" custom="readingOrder {index:32;}">
                <Coords points="611,2479 2293,2508 2264,2436 1975,2406 611,2418"/>
                <Baseline points="621,2465 704,2465 787,2465 870,2465 953,2465 1036,2463 1119,2462 1202,2460 1285,2459 1368,2458 1452,2457 1535,2456 1618,2456 1701,2456 1784,2457 1867,2459 1950,2462 2033,2465 2116,2469 2199,2475 2283,2481"/>
                <TextEquiv>
                    <Unicode>tanquam ratum inhaeserit, id ab eo debere pugnacissime defendi etenim id quod saepe</Unicode>
                </TextEquiv>
            </TextLine>
            <TextLine id="r2l35" custom="readingOrder {index:33;}">
                <Coords points="613,2557 2303,2561 2236,2491 2038,2474 613,2480"/>
                <Baseline points="624,2531 707,2531 790,2529 874,2529 957,2528 1041,2528 1124,2526 1207,2525 1291,2523 1374,2523 1458,2522 1541,2522 1624,2522 1708,2522 1791,2523 1875,2525 1958,2528 2041,2531 2125,2535 2208,2540 2292,2546"/>
                <TextEquiv>
                    <Unicode>facile in alterius sensum irrepit, ab altero percipi nullo modo potest. An censen¬</Unicode>
                </TextEquiv>
            </TextLine>
            <TextLine id="r2l36" custom="readingOrder {index:34;}">
                <Coords points="610,2610 2294,2633 2231,2553 2086,2544 610,2557"/>
                <Baseline points="621,2594 704,2595 787,2597 870,2597 953,2595 1036,2595 1119,2594 1202,2592 1285,2591 1368,2589 1452,2589 1535,2588 1618,2588 1701,2588 1784,2589 1867,2590 1950,2593 2033,2597 2116,2601 2199,2606 2283,2613"/>
                <TextEquiv>
                    <Unicode>dum est solis aut lunae naturam, perinde in opilionis ut in eruditi intelligentiam in¬</Unicode>
                </TextEquiv>
            </TextLine>
            <TextLine id="r2l37" custom="readingOrder {index:35;}">
                <Coords points="611,2680 2168,2704 2309,2695 2310,2638 611,2617"/>
                <Baseline points="621,2660 704,2661 788,2661 872,2661 956,2660 1040,2659 1124,2658 1207,2657 1291,2655 1375,2655 1459,2654 1543,2654 1627,2654 1711,2654 1794,2655 1878,2657 1962,2660 2046,2663 2130,2668 2214,2674 2298,2681"/>
                <TextEquiv>
                    <Unicode>fluere: &amp; rursum eandem aeque erudito ac philolopho liquere: Num igitur, quoniam</Unicode>
                </TextEquiv>
            </TextLine>
            <TextLine id="r2l38" custom="readingOrder {index:36;}">
                <Coords points="605,2737 2297,2764 2297,2697 2028,2672 605,2692"/>
                <Baseline points="615,2726 698,2727 782,2727 865,2727 949,2727 1032,2726 1116,2726 1199,2724 1283,2723 1366,2723 1450,2721 1534,2721 1617,2720 1701,2721 1784,2721 1868,2723 1951,2726 2035,2729 2118,2733 2202,2739 2286,2745"/>
                <TextEquiv>
                    <Unicode>multa interdum a philolopho dicantur quae alterius intelligentiam fugiant, dicen</Unicode>
                </TextEquiv>
            </TextLine>
            <TextLine id="r2l39" custom="readingOrder {index:37;}">
                <Coords points="604,2815 2296,2828 2296,2775 2138,2743 604,2760"/>
                <Baseline points="615,2792 698,2793 782,2793 865,2793 949,2793 1032,2792 1116,2792 1199,2790 1283,2789 1366,2788 1450,2787 1534,2787 1617,2787 1701,2787 1784,2788 1868,2789 1951,2792 2035,2796 2118,2799 2202,2805 2286,2811"/>
                <TextEquiv>
                    <Unicode>dum erit, ea credi non debere: Ac rursum si qua interdum inducat, quae suprana</Unicode>
                </TextEquiv>
            </TextLine>
            <TextLine id="r2l40" custom="readingOrder {index:38;}">
                <Coords points="605,2874 2293,2889 2293,2832 1971,2806 605,2823"/>
                <Baseline points="615,2858 698,2859 781,2859 865,2859 948,2859 1032,2858 1115,2857 1198,2856 1282,2855 1365,2853 1449,2853 1532,2853 1615,2853 1699,2853 1782,2854 1866,2856 1949,2858 2032,2862 2116,2865 2199,2871 2283,2877"/>
                <TextEquiv>
                    <Unicode>turae complexum uideantur, ob eam causam neganda putabimus, propterea que ra¬</Unicode>
                </TextEquiv>
            </TextLine>
            <TextLine id="r2l41" custom="readingOrder {index:39;}">
                <Coords points="598,2954 2297,2957 2236,2887 1834,2864 598,2895"/>
                <Baseline points="609,2925 692,2925 776,2925 860,2925 944,2924 1028,2922 1112,2922 1195,2921 1279,2920 1363,2919 1447,2919 1531,2918 1615,2919 1699,2919 1782,2921 1866,2922 1950,2924 2034,2927 2118,2931 2202,2936 2286,2942"/>
                <TextEquiv>
                    <Unicode>tione indagari nequeant: An non usum cernimus intelligentiam in ueri iudicio per¬</Unicode>
                </TextEquiv>
            </TextLine>
            <TextLine id="r2l42" custom="readingOrder {index:40;}">
                <Coords points="605,3005 2302,3023 2302,2962 2037,2937 605,2952"/>
                <Baseline points="615,2990 698,2991 782,2991 866,2991 950,2990 1034,2990 1118,2988 1201,2988 1285,2987 1369,2986 1453,2985 1537,2985 1621,2985 1705,2985 1788,2987 1872,2988 1956,2991 2040,2994 2124,2998 2208,3003 2292,3009"/>
                <TextEquiv>
                    <Unicode>noscendo, caligine offundi: an non uidemus multa in lapidum, aquarum uel herbarum</Unicode>
                </TextEquiv>
            </TextLine>
            <TextLine id="r2l43" custom="readingOrder {index:41;}">
                <Coords points="599,3111 1588,3070 2302,3116 2302,3036 2186,3012 599,3020"/>
                <Baseline points="609,3056 693,3057 777,3057 861,3057 945,3057 1029,3057 1113,3056 1198,3056 1282,3054 1366,3054 1450,3053 1534,3053 1618,3053 1702,3053 1787,3054 1871,3056 1955,3059 2039,3062 2123,3066 2207,3071 2292,3078"/>
                <TextEquiv>
                    <Unicode>genere ignorari: Atqui haud tij sequi dicimus, si ea minus sub aciem intelligentiae ca¬</Unicode>
                </TextEquiv>
            </TextLine>
            <TextEquiv>
                <Unicode>causa, qui ientantes &amp; potantes flagitiosaque libidine ardentes induxerunt deosi
DE TRINITATE.
DISTINCTIO NONA.
Actenus de dei natura conscripsimus, nunc sequitur ut ea diuina genera
apersequamur, quibus deum unum &amp; trinum esse ostenditur de qua quidem re.
magna hominem certatione pugnatur. Nam literatores multi, qui tanquam
tubera sine radice uiuunt, id ob eam causam negant, propterea quod
minime esse posse arbitrentur. Nonnulli vero dum habent ratum, quod probarint, &amp; fal¬
sum quod opinatione suspicantur, foedissime in dei natura labuntur. Quibusdam etiam
qui ne ignem quidem calere putant, nisi eum manum contrectarint, nihil credendum esse 
placet quod supra progredientem naturam uideatur. Multorum quoque studia tardantur.
que id credere nolint, quod minus sub eorum cognitionem cadat quae quidem errorum
prauitas ex ingeniorum imbecillitate defluxit. siquidem cum sensuum angustiae, ex qui¬
bus hominum agnitio eruitur, in externorum sensilium genere uersentur, satis notum
esse debet, his, tanquam compedibus, intelligentiae cursum retardari, diuinaque capessere
nequire. At mihi quidem nullo modo consentaneum uideri solet, quoniam multa inter¬
dum incredibilia uideantur, ea fieri posse negare. nam eodem modo nec credendum
esset, aut ab electro paleam, aut ferrum, a magnete trahi, cum illi lapideo rigori nulla
inesse appareat rapiendi uis, nec ferrum ductile suapte natura uideatur,. nec item cen¬
sendum esset ab iaspide defluentem sisti sanguinem, quae enim esse potest lapidi cum
sanguine cognatio: Atque etiam quis credere deberet, a struthocamelo concoqui &amp;
molliri ferrum, a leone concoqui nequire: cum multo sit leonis quam struthocameli
natura feruidior: nihiloque facilius existimandum esset, cyathum cinere fartum, tantum
dem aquae refertum quam exhaustum capere : Eodemque modo nec putandum ab Echi¬
naeide pisciculo uolantia nauigia sisti quae enim uis tantillo pisciculo inesse potest
contra tantum impellentium remigum conatum, contra tam uarios ruentium uentorum impe¬
tus, contra tantas procellas aestuantis maris: quis putaret quae nec ancorarum iactu.
nec funium aut catenarum nexu continentur, unius pisciculi adhae sum contineri: Quod si
haec fieri uidemus naturae progredientis uia, quorum nulla afferri ratio potest, num
existimandum est nobis, quaedam incredibiliora in dei natura existere, quae nullo
modo sub hominis notionem cadant: Neque enim ego fas esse puto, cum tam uariae
inter se uoluntates, tanquam dissidentes intelligendi dissimilitudines sint, quod cuiquam
tanquam ratum inhaeserit, id ab eo debere pugnacissime defendi etenim id quod saepe
facile in alterius sensum irrepit, ab altero percipi nullo modo potest. An censen¬
dum est solis aut lunae naturam, perinde in opilionis ut in eruditi intelligentiam in¬
fluere: &amp; rursum eandem aeque erudito ac philolopho liquere: Num igitur, quoniam
multa interdum a philolopho dicantur quae alterius intelligentiam fugiant, dicen
dum erit, ea credi non debere: Ac rursum si qua interdum inducat, quae suprana
turae complexum uideantur, ob eam causam neganda putabimus, propterea que ra¬
tione indagari nequeant: An non usum cernimus intelligentiam in ueri iudicio per¬
noscendo, caligine offundi: an non uidemus multa in lapidum, aquarum uel herbarum
genere ignorari: Atqui haud tij sequi dicimus, si ea minus sub aciem intelligentiae ca¬</Unicode>
            </TextEquiv>
        </TextRegion>
    </Page>
</PcGts>
