2453 3693
166 255 1831 333 nominem ardentium haereticorum follem, qui in diuinitate multitudinem tanquam gra¬
171 330 1831 413 dus minoris gentium adiunxit: nonne satius fuisset nullum eis tributum esse inge
171 395 1833 465 nium, quam tanta cum lue datum. quamquam intelligi potest eos cum nocere uellent profuis
167 458 1836 527 se, prouisumque a deo, ut eorum adumbratis praestigijs, ueritatis lumen eluceret.
167 526 1829 603 At quanto melius ex nostris. D. Thomas aequalitatem in diuinitate statui oporte
176 582 1814 673 re putat, cum maius & minus in dei natura uersari posse negat. Nobis uero si di¬
169 647 1826 722 uinitati aequalitatem adimendam esse placeret, confitendum etiam esset nullo mo
185 725 1823 793 do ὀυσίαμ unam in tergemina diuinitate existere, nec πρώσωπα, tres, unum existe¬
173 778 1825 860 re deum quod fieri nullo modo potest. ergo necesse uideri debet, ut aequalitas in
181 843 1819 920 diuinitate statuatur. Sed quaerendum hoc loco uidetur an πρώσωπομ dimanans, prin¬
184 902 1828 995 cipio suo sit in aeternitate par. Arrius enim duodecim generandi genera inducit
180 980 1822 1053 quae asseclis suis tanquam chrias ediscendas praebuit ex quibus multitudo illa ap¬
182 1029 1819 1117 pendix, uaria est monstrorum genera commenta. At diuus Thomas detrahenda
174 1106 1828 1175 rum controuersiarum causa, filium affirmat parenti in aeternitate esse parem, cum prae
176 1156 1825 1235 dare notum sit, filium a parente, non uoluntate sed natura generari. ltaque parentis na¬
171 1219 1834 1301 turam, ab aeternitate absolutam esse dicit, ac ut filium parenti, ita spiritum utrique
186 1294 1834 1371 aeternum esse parem. Sed cum parens is sit, a quo alius dimanet, facile intelligi pos
178 1355 1822 1432 se purat, parentem principium debere dici. In quo affirmat, a Graecis principij & cau
181 1426 1831 1490 sae nomen ἀδιαφόρωζ misceri, rectiusque nostros principij nomine uti, cum nomen
186 1481 1820 1555 quo latius uideatur, eo aptius diuinitati congruat quare diuinae naturae nomina
168 1539 1823 1623 imponimus, quatenus eius absolutio in rerum creaturarum absolutione splende¬
172 1600 1824 1681 scit multaque etiam interdum metaphoricos inducimus. Ex quo fatendum erit na¬
180 1666 1835 1750 turae ordinem in diuinitate statui, cum semper ordo ad quodpiam principium col
183 1728 1829 1818 latione referatur, sed intelligendum est origine ordinem sine antegressione statui,
171 1816 1196 1886 qui. D. Augustino auctore, naturae ordo dicatur.
362 1879 1446 1981 PRIMI SENTENTIARVM LIBRI FINIS
171 1998 1844 2075 PAVLI CORTESII PROTONOTARI APOSTOLI
217 2060 1795 2134 CIN SECVNDVM LIBRVM SENTENTIARVM
304 2119 1843 2205 PROHOEMIVM AD IVLIVM II PONT. MAX.
622 2232 1837 2322 Vlla re magis Pont. Max. quam rerum creatarum notitia, dei est in
614 2310 1833 2386 tellecta natura. Si quidem homines cum naturae aspectu coelum si¬
616 2376 1831 2449 deribus tanquam oculis distinctum cernerent, & tum tellurem altricem
615 2430 1828 2508 aere circumfusam, in media mundi sede locatam librari uide¬
618 2499 1840 2574 rent, tum circa ea tam exiguo horarum curriculo flagrantem circum
600 2567 1837 2652 ferri solem, cuius quotidiana circumuectione annuoque inflexu
180 2639 1835 2707 non modo noctis dicique, sed etiam aestatis atque hyemis uicissitudo efficeret, infraque
172 2702 1835 2764 aemulam ambire lunam, quae menstruis eum spatijs consequeretur, mutuatamque in terras
177 2755 1840 2826 lucem effunderet, tum circumfluum mare nulla fluminum accessione crescens, tum fulminum ia¬
169 2811 1828 2882 ctus, uel telluris labentis motum, ac uentorum imbriumque tempestiuitatem aspicerent, quo¬
172 2887 1836 2966 rum alij ad aestus caloresque sedandos & nauigandi facultate, alij ad serendi oportua¬
