2453 3826
612 315 2332 452 nihilo, aut ullo modo potuisse gigni. Praeterea quodcunque aeternum esse potuit.
623 388 2324 514 id omnino aeternum fuit at nihil praeter parentem deum, aeternum esse potuisse
628 466 2323 583 concedendum est. igitur nihil praeter deum aeternum esse potuit. Deinceps etiam
638 524 2333 646 quodcunque est effectum ortu, diuturnitatis exordium nanciscitur, sed cum inter
636 586 2335 721 philosophos sanos constare uideamus, deum causam effectricem esse mundi, fa
635 660 2332 771 cile colligi potest, originem rerum & molitionem esse nouam. Nec minus etiam
638 724 2316 829 intelligi potest, excellentium omnium philolophorum generi placere, nihil om
638 789 2320 898 nino, auctori & parenti rerum deo aequari posse. at si mundus aeternus fuisse di¬
633 857 2318 962 ceretur, in promptu esse deberet, molitori mundi deo aequari posse, quo quid di¬
638 925 2326 1033 ci potest inscitius: Postremo si aeternus fuisse diceretur, putandum esset, etiam aeter
629 991 2318 1097 num fuisse rerum ortum. igitur fatendum quoque esset, unum hominem ab alio
625 1055 2316 1159 in immensum etiam generatum. atqui cum ille ipse Aristoteles parentem filij
631 1123 2321 1225 causam effectricem esse uelit, perfacile iudicium esset, in effectricium causarum ge¬
635 1187 2328 1294 nere, in immensum excurrere indagationem posse, quod fieri nullo modo posse
625 1249 2318 1383 censet. Ex quo quidem sciri licet innumerabilia colligi posse, quibus probetur & ge
626 1319 1760 1405 neratum esse mundum, & generatorem fuisse deum.
1131 1447 1623 1543 DEANGELIS
1011 1504 1942 1617 DISTINCTIO SECVNDA.
877 1584 2321 1700 Ed cum non obscura sit significatio exposita, generatum esse mundum, quae
878 1672 2322 1775 rendum modo uidetur, utrum sit ortu, corporea, an coelitum natura antiquior
878 1731 2326 1830 De quo quidem inter nostros est orta dissensio. nam Gregorius Na
871 1813 2328 1908 zianzenus Graeciae theologorum princeps, parentem, & generatorem
628 1862 2327 1963 putat, prius mente coelitum naturam fuisse complexum, eamque meditationem opus
632 1930 2314 2031 fuisse arbitratur, quem subsequitur eius auditor, praeclarus auctor. Hieronymus, ei
635 1991 2308 2087 que sententiae non defuit homo doctus Damascenus. Nomnullis autem uisum est
626 2062 2310 2166 corpoream naturam genitam esse a deo, ministris primigenis coelitibus. Graeco¬
626 2131 2308 2229 rum uero pertinax credulitas est, ortu antiquiores esse coelites. Sed Basilio princi
626 2191 2314 2294 pe. Ambrosius, Cassiodorus. Dionysius, & Beda, cuncta simul generata esse uo¬
625 2266 2311 2364 luerunt, quae quidem sanorum est hominum opinio. Apud superiores autm philolophos
622 2346 2319 2427 tanquam disiecto ponte amnis transmitti nequiret, nemo quicquam a natura seiunctum
615 2385 2304 2484 esse censuit. nam Thales Milesius, qui primus inter sapientes fustem quatit, hume
620 2452 2306 2549 rotenus lacertos nudans, aquam dixit initium esse rerum. Heradito initium ignis. Dio
617 2530 2306 2622 geni aer est uisus, quasi nihil uacans corpore, sub sensuum notionem cadere posse
613 2587 2305 2688 uideretur. Anaxagoras aunt quamquam ut caeteri corporea initia esse uellet, primus tamen
613 2656 2306 2751 decidenti sarcinae succurrit, dum Hylae mentem adiecit, intelligentiam materiae expet
611 2722 2299 2815 tem initium commentus. Post Plato haustos luto sustulit, & semiamictos philolo
616 2784 2306 2881 phos uestiuit. nam cum uideret ueri iudicium ignorari, tum meatu, & perennita¬
611 2845 2308 2939 te rerum concretarum, tum sensuum fallacibus indicijs quibus corpora internoscun¬
611 2933 2310 3014 tur, naturas quasdam a rebus meantibus semotas esse uoluit, e quibus nuda ueri in¬
610 2989 2305 3075 tegritas eliceretur, easque mathematicas, & ideas nominat. In ideis autem ordinem
611 3055 2308 3147 esse opinatur, nam quo quicquam esset in, intelligentia purius, eo id dicebat esse ordinem
