2453 3693
207 306 1875 408 prius, idque unum principatu praestans, immensum & infinitum deum statuit, subque
210 379 1864 463 eius dominatu & nutu, uarios ordines coelitum naturae seiunctae constituit. At mul
216 452 1864 528 to melius nostri probant, a deo generatos esse coelites, eosque diuinae animationis
207 503 1867 587 immortali natura praeditos, uigere & sapere. Maximeque hoc loco perquirunt, an
214 578 1875 656 coelites materia & forma constare dicantur. In quo quidem plaerique qui multum ope
217 636 1868 719 rae in methodice Auerroea consumunt, aeque intelligentem naturam, ac sensilem ma
209 694 1862 782 teria & forma constare uolunt. Nos uero id Auerroim ad intelligentiam possibi
217 762 1875 841 lem(faciamus enim hoc uerbum tractando tritius) non ad coelitum intelligentiam re¬
214 823 1868 916 ferri uoluisse dicimus, etenim fieri nullo modo potest, ut coelitum generi ullum sit
208 890 1870 973 materiae genus admixtum . siquidem qualiscumque rei munus, naturae suae modo com
210 963 1870 1041 stituitur, cum autem percipere, munus sit ab omnim materia secretum, intelligi potest om¬
214 1010 1856 1113 nem intelligentem naturam, materiae concretione uacare. Ex quo eorum licet insulsi¬
200 1091 1871 1160 tatem & inscitiam accusare, qui Aristoteli uisum esse uolunt, spiritus naturam ma¬
215 1138 1915 1233 teria & forma constare. ltaque ob eam causam dicemus coelites, corporibus suapte
205 1209 1863 1294 natura uacare. quamquam non negemus ab his quandoque uaria esse corpora suscepta,
213 1278 1862 1363 ut est uatum elogijs & memoriae mandatum. Sed plus negocij hoc loco exoritur,
214 1339 1853 1416 an coelites in loco uersari dicantur. Nonnulli enim quibus magnae curae est, affir
207 1398 1859 1477 mare intelligentiam naturam esse quandam ab omni materiae concretione seiun¬
215 1460 1859 1554 ctam, & liberam, nullum eam ad locum, aut ad corpus appulsum, nancisci uolunt,
213 1520 1864 1611 quandoquidem eam circa id sine intermedio moliri negent. ex quo sane magnum
205 1587 1859 1676 haereseos carcinoma obreperet, cum praedare notum sit, coelites circa hominum gen
202 1659 1856 1733 nus, sine intermedio moliri. At diuus quidem Thomas in hoc quaestionis gener
209 1708 1868 1800 sic agit, ut coelites in loco nisi contactu, aut uirtutis appulsum, uersari neget, cui obsi
207 1786 1846 1865 stere cupiens grauis interpellator Scotus, dum eum postulat ex syngrapha, pu
205 1839 1862 1947 gnantia inducere confirmat, quod idem ei cum Gregorio comuenit, qui diui Tho
208 1911 1860 2002 mae sententiam in Parisiense execratum membrum incidisse opinatur, in quo qui¬
220 1968 1849 2054 dem quaestionis genere, mauult ostentare quod habet, quam peruenire quo potest
211 2031 1859 2119 Sed exoritur repente magnus auctor Godofredus, qui ea male tornata membra¬
208 2092 1864 2185 incudi reddere iubet, diuumque Thomam telluris sal merum esse arbitratur . idemque
216 2172 1859 2252 prope Henrico, & Egidio uideri scimus . Itaque hoc consti tuto, cum intelligamus com
213 2224 1864 2315 lites intelligentiae complexu rationem bonorum uniuersam percipere, fateri etiam
217 2300 1871 2375 cooimur in eorum genere esse uoluntatem, & quemadmodum in his praestantior in
208 2361 1866 2432 telligentia, quam in hominum genere sit, ita excellentiorem esse optionem, & praestantio¬
208 2414 1875 2504 rem liberum uoluntatis motum . cumque in his nihil praeter intelligentiae appetitionem
214 2474 1874 2571 esse dicamus, satis notum esse debet, nullo modo eorum appetitionem iracundia, &
214 2537 1864 2638 cupiditate secerni. Atque etiam cum in eorum genere uoluntate naturalis prodiui¬
205 2622 1870 2704 tas dicatur, dubitari non potest, quin omnis eorum uoluntas naturalis, sit dicendus
211 2663 1864 2758 amor. Quo sane loco minutatim de coelitum numero quaeri solet. Aristoteles enim
216 2728 1868 2823 in eiusmodi quaestione Platonem ex formula postulat, que in tota illa philosophiae
207 2795 1855 2878 sylua inanius sit coelitum numerum persequutus. At Auerrois, qui in societatem glo¬
217 2872 1861 2948 riae uenire conatur, ad orbium numerum, coelitum summam deduxit, affirmans mi¬
208 2933 1870 3032 nus absolutos coelites uideri, si feriati naturae torpore consistere dicerentur. Aui¬
