<?xml version="1.0" encoding="UTF-8" standalone="yes"?>
<PcGts xmlns="http://schema.primaresearch.org/PAGE/gts/pagecontent/2013-07-15" xmlns:xsi="http://www.w3.org/2001/XMLSchema-instance" xsi:schemaLocation="http://schema.primaresearch.org/PAGE/gts/pagecontent/2013-07-15 http://schema.primaresearch.org/PAGE/gts/pagecontent/2013-07-15/pagecontent.xsd">
    <Metadata>
        <Creator>prov=University of Rostock/Institute of Mathematics/CITlab|PLANET AI GmbH/Gundram Leifert/gundram.leifert@planet-ai.de:name=cod-B8bqqq-m2(htr_id=26539)::::v=2.6.6
prov=University of Rostock/Institute of Mathematics/CITlab|PLANET AI GmbH/Tobias Gruening/tobias.gruening@planet-ai.de:name=de.uros.citlab.module.baseline2polygon.B2PSeamMultiOriented:v=2.6.6
prov=University of Rostock/Institute of Mathematics/CITlab|PLANET AI GmbH/Tobias Gruening/tobias.gruening@planet-ai.de:name=/net_tf/LA73_249_0mod360.pb:de.uros.citlab.segmentation.CITlab_LA_ML:v=2.6.6
Transkribus</Creator>
        <Created>2020-09-26T18:54:50.102-04:00</Created>
        <LastChange>2020-10-02T00:10:21.016+02:00</LastChange>
        <TranskribusMetadata docId="495223" pageId="20305776" pageNr="43" tsid="42385335" status="IN_PROGRESS" userId="25065" imgUrl="https://files.transkribus.eu/Get?id=TCSCRQXXHNMSDTDCCOXQMVEM&amp;fileType=view" xmlUrl="https://files.transkribus.eu/Get?id=BHQGUGZWWXSIBJDUVZKOMSXZ" imageId="15628303"/>
    </Metadata>
    <Page imageFilename="043.jpg" imageWidth="2453" imageHeight="3826">
        <ReadingOrder>
            <OrderedGroup id="ro_1601662575445" caption="Regions reading order">
                <RegionRefIndexed index="0" regionRef="r2"/>
            </OrderedGroup>
        </ReadingOrder>
        <TextRegion orientation="0.0" id="r2" custom="readingOrder {index:0;}">
            <Coords points="603,256 603,3147 2301,3147 2301,256"/>
            <TextLine id="r2l2" custom="readingOrder {index:0;}">
                <Coords points="610,428 1888,388 2311,453 2310,345 1849,310 609,371"/>
                <Baseline points="621,408 709,408 797,408 886,407 974,404 1062,401 1151,396 1239,393 1327,389 1416,386 1504,383 1593,381 1681,380 1769,380 1858,381 1946,385 2034,390 2123,398 2211,409 2300,422"/>
                <TextEquiv>
                    <Unicode>cenna uero ambitiose egens, ne usquam a sensuum notione discederet, coelitum nu¬</Unicode>
                </TextEquiv>
            </TextLine>
            <TextLine id="r2l3" custom="readingOrder {index:1;}">
                <Coords points="602,491 1910,459 2305,504 2224,420 1913,393 602,426"/>
                <Baseline points="612,474 696,476 780,476 864,474 948,471 1032,468 1116,465 1201,461 1285,458 1369,453 1453,450 1537,447 1621,446 1705,446 1790,446 1874,448 1958,452 2042,457 2126,466 2210,476 2295,489"/>
                <TextEquiv>
                    <Unicode>merum, sphaerarum numero alligauit. Nomnullis autem qui in Neapolitana crypta</Unicode>
                </TextEquiv>
            </TextLine>
            <TextLine id="r2l4" custom="readingOrder {index:2;}">
                <Coords points="610,564 1964,523 2283,570 2302,507 1929,460 609,503"/>
                <Baseline points="621,540 704,542 788,542 871,540 955,539 1038,536 1122,532 1205,528 1289,524 1372,521 1456,518 1539,515 1623,513 1706,512 1790,512 1873,514 1957,518 2040,522 2124,530 2207,540 2291,552"/>
                <TextEquiv>
                    <Unicode>inambulant, contractior numerus est uisus, alijs unigenum tantum coelitem esse placet.</Unicode>
                </TextEquiv>
            </TextLine>
            <TextLine id="r2l5" custom="readingOrder {index:3;}">
                <Coords points="605,625 1863,591 2278,639 2307,571 1850,523 604,577"/>
                <Baseline points="615,608 699,609 783,609 867,608 951,606 1035,603 1119,599 1203,596 1287,592 1371,588 1456,585 1540,582 1624,580 1708,579 1792,579 1876,581 1960,584 2044,589 2128,597 2212,607 2297,618"/>
                <TextEquiv>
                    <Unicode>multi ea quae non extabescunt, plura debere esse negant, quasi multitudo, a praestam¬</Unicode>
                </TextEquiv>
            </TextLine>
            <TextLine id="r2l6" custom="readingOrder {index:4;}">
                <Coords points="611,692 1785,658 2309,705 2309,641 1890,594 610,637"/>
                <Baseline points="621,674 704,675 788,677 872,675 956,674 1040,671 1124,668 1207,663 1291,660 1375,656 1459,653 1543,650 1627,647 1711,646 1794,645 1878,647 1962,650 2046,655 2130,662 2214,671 2298,683"/>
                <TextEquiv>
                    <Unicode>tia dissideat, ut praecare in sole &amp; luna patet. In quo sane minime mirum uideri</Unicode>
                </TextEquiv>
            </TextLine>
            <TextLine id="r2l7" custom="readingOrder {index:5;}">
                <Coords points="611,761 1903,723 2299,764 2275,695 2025,665 610,691"/>
                <Baseline points="621,741 704,743 787,743 871,743 954,741 1037,737 1121,734 1204,730 1287,726 1371,722 1454,719 1537,716 1621,713 1704,713 1787,711 1871,713 1954,716 2037,721 2121,726 2204,735 2288,747"/>
                <TextEquiv>
                    <Unicode>debet hallucinari hos quandoquidem perinde mens humana in coelitum natura ac no</Unicode>
                </TextEquiv>
            </TextLine>
            <TextLine id="r2l8" custom="readingOrder {index:6;}">
                <Coords points="618,828 1825,789 2287,835 2303,774 1827,723 617,763"/>
                <Baseline points="627,807 710,810 793,810 876,809 960,807 1043,804 1126,801 1209,797 1293,793 1376,789 1459,786 1542,783 1626,780 1709,779 1792,779 1875,780 1959,783 2042,786 2125,794 2208,803 2292,815"/>
                <TextEquiv>
                    <Unicode>ctuae oculus in solis splendore hebescit. ltaque intelligendum est a coelitibus res cor¬</Unicode>
                </TextEquiv>
            </TextLine>
            <TextLine id="r2l9" custom="readingOrder {index:7;}">
                <Coords points="611,910 1867,854 2309,893 2308,833 1991,791 610,839"/>
                <Baseline points="621,876 704,878 788,878 872,876 956,873 1040,871 1124,867 1207,863 1291,860 1375,855 1459,852 1543,849 1627,846 1711,845 1794,845 1878,846 1962,849 2046,853 2130,860 2214,870 2298,881"/>
                <TextEquiv>
                    <Unicode>poreas non multitudine numeri, sed multitudine specierum sine collatione superari.</Unicode>
                </TextEquiv>
            </TextLine>
            <TextLine id="r2l10" custom="readingOrder {index:8;}">
                <Coords points="622,959 1946,922 2306,970 2305,896 1869,857 621,913"/>
                <Baseline points="633,942 716,943 799,942 882,942 965,939 1048,936 1131,933 1214,929 1297,926 1380,922 1464,918 1547,915 1630,914 1713,912 1796,912 1879,912 1962,915 2045,920 2128,926 2211,935 2295,945"/>
                <TextEquiv>
                    <Unicode>nec enim coelitum numerum ut atomorum aut harenarum multitudinem describimus, sed</Unicode>
                </TextEquiv>
            </TextLine>
            <TextLine id="r2l11" custom="readingOrder {index:9;}">
                <Coords points="621,1037 1854,988 2303,1026 2302,971 1999,924 620,963"/>
                <Baseline points="632,1005 715,1008 798,1008 881,1008 964,1005 1047,1003 1130,999 1213,996 1296,992 1379,989 1462,984 1545,981 1628,979 1711,977 1794,977 1877,978 1960,981 2043,985 2126,991 2209,1000 2292,1011"/>
                <TextEquiv>
                    <Unicode>plures coelitum affirmamus quam corporearum rerum species inueniri. Ob eamquam cau¬</Unicode>
                </TextEquiv>
            </TextLine>
            <TextLine id="r2l12" custom="readingOrder {index:10;}">
                <Coords points="622,1089 1887,1054 2302,1095 2301,1027 2020,997 622,1036"/>
                <Baseline points="633,1071 720,1073 807,1073 894,1072 982,1070 1069,1068 1156,1064 1244,1061 1331,1056 1418,1053 1506,1050 1593,1047 1680,1046 1768,1044 1855,1046 1942,1048 2030,1051 2117,1058 2204,1065 2292,1076"/>
                <TextEquiv>
                    <Unicode>sam sciri potest, eos ab animarum genere discrepare proptereaque anima suapte est</Unicode>
                </TextEquiv>
            </TextLine>
            <TextLine id="r2l13" custom="readingOrder {index:11;}">
                <Coords points="617,1154 1852,1124 2307,1167 2270,1089 1874,1056 616,1106"/>
                <Baseline points="627,1137 710,1139 793,1139 877,1139 960,1137 1044,1134 1127,1131 1210,1128 1294,1125 1377,1122 1461,1118 1544,1116 1627,1113 1711,1112 1794,1112 1878,1113 1961,1115 2044,1118 2128,1124 2211,1132 2295,1142"/>
                <TextEquiv>
                    <Unicode>natura iugabilis, resque ratiocinando percipit, minusque intelligentiae lucis haurit.</Unicode>
                </TextEquiv>
            </TextLine>
            <TextLine id="r2l14" custom="readingOrder {index:12;}">
                <Coords points="605,1221 1967,1187 2304,1234 2303,1166 2153,1136 605,1172"/>
                <Baseline points="615,1202 698,1204 782,1205 866,1204 950,1202 1034,1200 1118,1197 1201,1194 1285,1191 1369,1188 1453,1185 1537,1182 1621,1181 1705,1179 1788,1179 1872,1179 1956,1182 2040,1186 2124,1191 2208,1199 2292,1208"/>
                <TextEquiv>
                    <Unicode>Sed quoniam extima foelicitas in deo contuendo uersatur, in promptu esse debet.</Unicode>
                </TextEquiv>
            </TextLine>
            <TextLine id="r2l15" custom="readingOrder {index:13;}">
                <Coords points="618,1291 1891,1254 2297,1297 2297,1233 1964,1188 617,1229"/>
                <Baseline points="627,1266 714,1268 801,1269 888,1268 976,1266 1063,1265 1150,1262 1238,1259 1325,1256 1412,1253 1500,1250 1587,1248 1674,1247 1762,1245 1849,1247 1936,1248 2024,1251 2111,1256 2198,1262 2286,1271"/>
                <TextEquiv>
                    <Unicode>dissimillimum esse eiusmodi obtutus genus siquidem perinde se deus, ut oculus</Unicode>
                </TextEquiv>
            </TextLine>
            <TextLine id="r2l16" custom="readingOrder {index:14;}">
                <Coords points="610,1356 2298,1356 2297,1297 2005,1258 609,1293"/>
                <Baseline points="621,1334 704,1334 787,1335 870,1334 954,1332 1037,1331 1120,1329 1203,1326 1287,1323 1370,1320 1453,1318 1536,1316 1620,1314 1703,1313 1786,1313 1869,1313 1953,1315 2036,1318 2119,1322 2202,1328 2286,1337"/>
                <TextEquiv>
                    <Unicode>micantem in pupilla lucem contuetur hominum uero genus haud secus domina¬</Unicode>
                </TextEquiv>
            </TextLine>
            <TextLine id="r2l17" custom="readingOrder {index:15;}">
                <Coords points="613,1426 2288,1416 2288,1351 612,1358"/>
                <Baseline points="624,1398 706,1400 789,1401 871,1401 954,1400 1037,1398 1119,1395 1202,1394 1285,1391 1367,1388 1450,1385 1533,1383 1615,1380 1698,1379 1781,1379 1863,1379 1946,1380 2029,1384 2111,1388 2194,1395 2277,1403"/>
                <TextEquiv>
                    <Unicode>torem rerum deum aspicit, ac si quispiam hominem, speculum contuendo cernat, ex quo</Unicode>
                </TextEquiv>
            </TextLine>
            <TextLine id="r2l18" custom="readingOrder {index:16;}">
                <Coords points="612,1482 2226,1494 2297,1483 2297,1430 1895,1387 611,1427"/>
                <Baseline points="621,1466 704,1466 787,1466 870,1465 954,1463 1037,1461 1120,1460 1203,1457 1287,1454 1370,1452 1453,1449 1536,1448 1620,1446 1703,1445 1786,1445 1869,1446 1953,1448 2036,1451 2119,1455 2202,1460 2286,1467"/>
                <TextEquiv>
                    <Unicode>regestum hominis simulacrum excitetur at coelitum grex aeque deum uidet, ac si quis¬</Unicode>
                </TextEquiv>
            </TextLine>
            <TextLine id="r2l19" custom="readingOrder {index:17;}">
                <Coords points="616,1562 1837,1519 2298,1560 2297,1486 2033,1463 615,1484"/>
                <Baseline points="627,1532 714,1532 801,1532 888,1531 976,1529 1063,1527 1150,1526 1238,1523 1325,1520 1412,1518 1500,1515 1587,1514 1674,1512 1762,1512 1849,1512 1936,1514 2024,1517 2111,1521 2198,1527 2286,1533"/>
                <TextEquiv>
                    <Unicode>piam hominem fimilitudine sine intermedio ab eo suscepta cernat, in quo quidem</Unicode>
                </TextEquiv>
            </TextLine>
            <TextLine id="r2l20" custom="readingOrder {index:18;}">
                <Coords points="622,1613 1913,1585 2308,1626 2307,1554 2033,1525 622,1558"/>
                <Baseline points="633,1596 716,1598 799,1598 882,1596 966,1596 1049,1593 1132,1592 1215,1589 1299,1587 1382,1584 1465,1581 1548,1580 1632,1578 1715,1578 1798,1577 1881,1578 1965,1580 2048,1583 2131,1587 2214,1594 2298,1602"/>
                <TextEquiv>
                    <Unicode>foelicitatis genere coelites generatos esse dicimus. Eodemque modo affirmamus eos</Unicode>
                </TextEquiv>
            </TextLine>
            <TextLine id="r2l21" custom="readingOrder {index:19;}">
                <Coords points="614,1683 2012,1656 2300,1703 2251,1608 1912,1585 613,1613"/>
                <Baseline points="624,1659 707,1662 790,1662 873,1662 957,1662 1040,1661 1123,1659 1206,1656 1290,1653 1373,1651 1456,1649 1539,1647 1623,1644 1706,1644 1789,1643 1872,1644 1956,1646 2039,1649 2122,1652 2205,1659 2289,1667"/>
                <TextEquiv>
                    <Unicode>nullo corporis amictu suapte natura uestiri, sed quaedam interdum corpora arripe</Unicode>
                </TextEquiv>
            </TextLine>
            <TextLine id="r2l22" custom="readingOrder {index:20;}">
                <Coords points="611,1759 1830,1718 2308,1767 2307,1698 2001,1660 611,1683"/>
                <Baseline points="621,1727 704,1729 788,1730 872,1730 956,1728 1040,1727 1124,1725 1207,1722 1291,1719 1375,1718 1459,1715 1543,1713 1627,1710 1711,1710 1794,1710 1878,1710 1962,1713 2046,1716 2130,1721 2214,1728 2298,1736"/>
                <TextEquiv>
                    <Unicode>re, quae hominum generi spectabilia ipsa sint per se, eaque ex concreti aeris materia</Unicode>
                </TextEquiv>
            </TextLine>
            <TextLine id="r2l23" custom="readingOrder {index:21;}">
                <Coords points="623,1810 1998,1784 2307,1826 2306,1763 2023,1727 622,1755"/>
                <Baseline points="633,1793 716,1795 799,1796 882,1796 965,1794 1048,1793 1131,1791 1214,1789 1297,1786 1380,1784 1464,1781 1547,1779 1630,1777 1713,1776 1796,1776 1879,1776 1962,1779 2045,1782 2128,1787 2211,1793 2295,1802"/>
                <TextEquiv>
                    <Unicode>effici, que aer maxime sit ad comuersionem &amp; transformationem aptus . itaque &amp; in ho¬</Unicode>
                </TextEquiv>
            </TextLine>
            <TextLine id="r2l24" custom="readingOrder {index:22;}">
                <Coords points="616,1886 1860,1849 2313,1888 2285,1819 1987,1789 616,1810"/>
                <Baseline points="627,1857 710,1860 794,1862 878,1862 961,1862 1045,1859 1129,1857 1212,1854 1296,1852 1380,1849 1464,1847 1547,1844 1631,1842 1715,1841 1798,1841 1882,1842 1966,1844 2049,1848 2133,1853 2217,1861 2301,1869"/>
                <TextEquiv>
                    <Unicode>minum hospitalia corpora obrepere, &amp; imaginationem flectere possunt, eorumque mu¬</Unicode>
                </TextEquiv>
            </TextLine>
            <TextLine id="r2l25" custom="readingOrder {index:23;}">
                <Coords points="613,1946 1758,1915 2310,1958 2288,1884 1922,1857 613,1884"/>
                <Baseline points="624,1926 707,1928 791,1928 875,1926 958,1926 1042,1923 1126,1922 1209,1919 1293,1916 1377,1914 1461,1911 1544,1910 1628,1908 1712,1908 1795,1908 1879,1910 1963,1911 2046,1915 2130,1920 2214,1926 2298,1935"/>
                <TextEquiv>
                    <Unicode>nia ex aduentitio ad intelligentiam redundant proptereaque ei imaginatio tamquam co¬</Unicode>
                </TextEquiv>
            </TextLine>
            <TextLine id="r2l26" custom="readingOrder {index:24;}">
                <Coords points="599,2015 1873,1986 2293,2029 2293,1959 598,1947"/>
                <Baseline points="609,1991 692,1992 776,1994 860,1992 943,1992 1027,1989 1111,1988 1194,1985 1278,1983 1362,1980 1446,1977 1529,1976 1613,1974 1697,1973 1780,1973 1864,1974 1948,1976 2031,1979 2115,1984 2199,1990 2283,1998"/>
                <TextEquiv>
                    <Unicode>lor oculis obijcitur, atque hoc quidem usque ad uoluntatis optionem permeat, cum uolun¬</Unicode>
                </TextEquiv>
            </TextLine>
            <TextLine id="r2l27" custom="readingOrder {index:25;}">
                <Coords points="608,2083 1898,2047 2279,2089 2306,2027 607,2011"/>
                <Baseline points="618,2058 701,2060 785,2058 869,2058 953,2057 1037,2054 1121,2052 1204,2049 1288,2046 1372,2045 1456,2042 1540,2040 1624,2039 1708,2039 1791,2039 1875,2040 1959,2043 2043,2046 2127,2052 2211,2057 2295,2066"/>
                <TextEquiv>
                    <Unicode>tas ab omni sit corporeorum instrumentorum appulsum seiugata. Ex quo intelligi licet</Unicode>
                </TextEquiv>
            </TextLine>
            <TextLine id="r2l28" custom="readingOrder {index:26;}">
                <Coords points="616,2147 2306,2149 2305,2085 1914,2049 615,2080"/>
                <Baseline points="627,2124 710,2124 793,2124 877,2123 960,2121 1044,2120 1127,2117 1210,2115 1294,2112 1377,2109 1461,2108 1544,2106 1627,2105 1711,2105 1794,2105 1878,2106 1961,2109 2044,2113 2128,2118 2211,2125 2295,2133"/>
                <TextEquiv>
                    <Unicode>hominibus quasi peregrinantibus coelites speculatores &amp; custodes, naturae ortu</Unicode>
                </TextEquiv>
            </TextLine>
            <TextLine id="r2l29" custom="readingOrder {index:27;}">
                <Coords points="613,2224 1773,2179 2297,2217 2296,2145 1907,2117 613,2146"/>
                <Baseline points="624,2193 707,2193 790,2192 873,2190 956,2189 1039,2186 1122,2184 1205,2181 1288,2178 1371,2177 1455,2174 1538,2172 1621,2171 1704,2171 1787,2171 1870,2172 1953,2174 2036,2178 2119,2183 2202,2189 2286,2196"/>
                <TextEquiv>
                    <Unicode>dari, qui non modo genus humanum in ultimum tutiore itinere deducant, sed etiam</Unicode>
                </TextEquiv>
            </TextLine>
            <TextLine id="r2l30" custom="readingOrder {index:28;}">
                <Coords points="610,2277 1828,2244 2300,2284 2282,2215 1821,2178 609,2224"/>
                <Baseline points="621,2258 704,2258 787,2258 871,2256 954,2255 1038,2253 1121,2250 1204,2247 1288,2244 1371,2243 1455,2240 1538,2238 1621,2237 1705,2237 1788,2237 1872,2238 1955,2240 2038,2243 2122,2248 2205,2255 2289,2262"/>
                <TextEquiv>
                    <Unicode>nocitura depellant nec ita unquam ab excubandi munere discedunt, ut funditus tuem</Unicode>
                </TextEquiv>
            </TextLine>
            <TextLine id="r2l31" custom="readingOrder {index:29;}">
                <Coords points="605,2343 2293,2342 2293,2283 1828,2244 605,2280"/>
                <Baseline points="615,2324 698,2324 781,2322 865,2322 948,2319 1032,2318 1115,2316 1198,2313 1282,2310 1365,2308 1449,2306 1532,2304 1615,2303 1699,2303 1782,2303 1866,2304 1949,2306 2032,2310 2116,2315 2199,2322 2283,2330"/>
                <TextEquiv>
                    <Unicode>di conseruandique procurationem deserant sed tantisper interdum excubias iuuandi cau¬</Unicode>
                </TextEquiv>
            </TextLine>
            <TextLine id="r2l32" custom="readingOrder {index:30;}">
                <Coords points="599,2413 2298,2412 2297,2342 1784,2311 599,2350"/>
                <Baseline points="609,2385 692,2387 776,2387 860,2387 944,2385 1028,2384 1112,2381 1195,2379 1279,2376 1363,2375 1447,2372 1531,2370 1615,2369 1699,2369 1782,2369 1866,2370 1950,2372 2034,2375 2118,2381 2202,2387 2286,2396"/>
                <TextEquiv>
                    <Unicode>sa intermittunt, quemadmodum haud quaquam interdum obest, ut homines in criminum,</Unicode>
                </TextEquiv>
            </TextLine>
            <TextLine id="r2l33" custom="readingOrder {index:31;}">
                <Coords points="604,2474 2296,2483 2296,2411 2163,2393 604,2413"/>
                <Baseline points="615,2451 698,2453 782,2453 865,2451 949,2450 1032,2448 1116,2447 1199,2444 1283,2442 1366,2439 1450,2438 1534,2435 1617,2435 1701,2433 1784,2433 1868,2435 1951,2438 2035,2441 2118,2446 2202,2452 2286,2460"/>
                <TextEquiv>
                    <Unicode>aut aerumnarum genera incurrant. Nec multo quidem secus perquirimus, num eorum</Unicode>
                </TextEquiv>
            </TextLine>
            <TextLine id="r2l34" custom="readingOrder {index:32;}">
                <Coords points="603,2534 2276,2547 2305,2492 1844,2444 602,2474"/>
                <Baseline points="612,2519 696,2519 780,2519 864,2517 948,2516 1032,2514 1116,2511 1201,2508 1285,2507 1369,2504 1453,2502 1537,2501 1621,2500 1705,2499 1790,2500 1874,2501 1958,2504 2042,2507 2126,2512 2210,2517 2295,2525"/>
                <TextEquiv>
                    <Unicode>sit dissimillima conditio naturae, num sit informata praesensio rerum futurarum. Dein</Unicode>
                </TextEquiv>
            </TextLine>
            <TextLine id="r2l35" custom="readingOrder {index:33;}">
                <Coords points="592,2604 1859,2574 2303,2616 2303,2540 2161,2524 592,2534"/>
                <Baseline points="603,2585 687,2585 771,2585 856,2583 940,2582 1025,2579 1109,2577 1194,2574 1278,2573 1363,2571 1447,2569 1531,2568 1616,2567 1700,2567 1785,2567 1869,2568 1954,2571 2038,2574 2123,2578 2207,2585 2292,2591"/>
                <TextEquiv>
                    <Unicode>ceps etiam centuriatim descriptos ordines persequimur, ac utrum utatur deus ad</Unicode>
                </TextEquiv>
            </TextLine>
            <TextLine id="r2l36" custom="readingOrder {index:34;}">
                <Coords points="602,2667 2294,2672 2294,2607 1863,2576 602,2608"/>
                <Baseline points="612,2649 695,2649 779,2649 862,2648 946,2646 1029,2645 1113,2643 1196,2640 1280,2639 1363,2636 1447,2634 1531,2633 1614,2633 1698,2631 1781,2633 1865,2633 1948,2635 2032,2639 2115,2642 2199,2648 2283,2655"/>
                <TextEquiv>
                    <Unicode>obeunda officia turmatim, an singulatim bonis. Quae quidem ab omni philolo</Unicode>
                </TextEquiv>
            </TextLine>
            <TextLine id="r2l37" custom="readingOrder {index:35;}">
                <Coords points="601,2755 1790,2708 2306,2743 2305,2677 2043,2648 601,2681"/>
                <Baseline points="612,2715 696,2715 780,2714 864,2714 948,2712 1032,2709 1116,2708 1201,2706 1285,2703 1369,2702 1453,2700 1537,2699 1621,2699 1705,2699 1790,2699 1874,2700 1958,2703 2042,2706 2126,2711 2210,2716 2295,2724"/>
                <TextEquiv>
                    <Unicode>phorum genere sunt tractata ieiunius, a nobis uero non tam sunt rationis comple</Unicode>
                </TextEquiv>
            </TextLine>
            <TextLine id="r2l38" custom="readingOrder {index:36;}">
                <Coords points="599,2806 1609,2788 1608,2735 1510,2720 598,2751"/>
                <Baseline points="609,2786 658,2784 707,2783 757,2781 806,2780 856,2780 905,2778 955,2777 1004,2777 1054,2776 1103,2775 1152,2775 1202,2774 1251,2772 1301,2772 1350,2771 1400,2771 1449,2769 1499,2769 1548,2768 1598,2766"/>
                <TextEquiv>
                    <Unicode>xu, quam coelitus hausta, &amp; patefactione percepta¬</Unicode>
                </TextEquiv>
            </TextLine>
            <TextLine id="r2l39" custom="readingOrder {index:37;}">
                <Coords points="1070,2866 1131,2848 1169,2867 1287,2848 1716,2858 1715,2778 1554,2780 1527,2798 1499,2781 1145,2787 1126,2804 1069,2790"/>
                <Baseline points="1079,2840 1110,2840 1141,2840 1173,2838 1204,2838 1235,2838 1267,2837 1298,2835 1329,2835 1361,2834 1392,2834 1423,2833 1455,2832 1486,2832 1517,2832 1549,2831 1580,2831 1611,2831 1643,2831 1674,2832 1706,2832"/>
                <TextEquiv>
                    <Unicode>DE DAEMONIBVS.</Unicode>
                </TextEquiv>
            </TextLine>
            <TextLine id="r2l40" custom="readingOrder {index:38;}">
                <Coords points="974,2930 1793,2920 1827,2915 1826,2843 1759,2867 1539,2846 973,2869"/>
                <Baseline points="983,2907 1024,2907 1066,2907 1108,2907 1149,2907 1191,2906 1233,2906 1274,2906 1316,2905 1358,2904 1400,2904 1441,2903 1483,2903 1525,2903 1566,2901 1608,2901 1650,2901 1691,2900 1733,2900 1775,2900 1817,2900"/>
                <TextEquiv>
                    <Unicode>DISTINCTIO TERTIA.</Unicode>
                </TextEquiv>
            </TextLine>
            <TextLine id="r2l41" custom="readingOrder {index:39;}">
                <Coords points="874,2994 2268,3013 2294,2939 874,2914"/>
                <Baseline points="885,2978 954,2980 1024,2981 1094,2981 1164,2980 1234,2979 1304,2978 1373,2976 1443,2975 1513,2973 1583,2972 1653,2970 1723,2970 1793,2970 1862,2972 1932,2973 2002,2976 2072,2980 2142,2985 2212,2993 2282,3000"/>
                <TextEquiv>
                    <Unicode>Tidemque prope a nobis de daemonum genere exquiritur. In quo quidem</Unicode>
                </TextEquiv>
            </TextLine>
            <TextLine id="r2l42" custom="readingOrder {index:40;}">
                <Coords points="805,3065 2284,3078 2265,3010 1946,2984 805,3010"/>
                <Baseline points="816,3048 888,3048 961,3048 1034,3047 1107,3045 1180,3044 1253,3042 1326,3041 1399,3039 1472,3039 1545,3038 1617,3038 1690,3036 1763,3038 1836,3039 1909,3040 1982,3042 2055,3046 2128,3051 2201,3056 2274,3062"/>
                <TextEquiv>
                    <Unicode>affirmatur, nihil aliud esse delinquere, quam ab amussi dedinare actus sui¬</Unicode>
                </TextEquiv>
            </TextLine>
            <TextLine id="r2l43" custom="readingOrder {index:41;}">
                <Coords points="781,3143 2293,3155 2245,3077 1962,3049 781,3081"/>
                <Baseline points="792,3116 866,3116 941,3116 1015,3114 1090,3113 1164,3111 1239,3110 1313,3108 1388,3107 1462,3105 1537,3105 1612,3104 1686,3104 1761,3104 1835,3105 1910,3107 1984,3110 2059,3113 2133,3118 2208,3124 2283,3131"/>
                <TextEquiv>
                    <Unicode> nam sruel ex ferum nantura, uel ex moralium, aut ex artificiorum ratione</Unicode>
                </TextEquiv>
            </TextLine>
            <TextEquiv>
                <Unicode>cenna uero ambitiose egens, ne usquam a sensuum notione discederet, coelitum nu¬
merum, sphaerarum numero alligauit. Nomnullis autem qui in Neapolitana crypta
inambulant, contractior numerus est uisus, alijs unigenum tantum coelitem esse placet.
multi ea quae non extabescunt, plura debere esse negant, quasi multitudo, a praestam¬
tia dissideat, ut praecare in sole &amp; luna patet. In quo sane minime mirum uideri
debet hallucinari hos quandoquidem perinde mens humana in coelitum natura ac no
ctuae oculus in solis splendore hebescit. ltaque intelligendum est a coelitibus res cor¬
poreas non multitudine numeri, sed multitudine specierum sine collatione superari.
nec enim coelitum numerum ut atomorum aut harenarum multitudinem describimus, sed
plures coelitum affirmamus quam corporearum rerum species inueniri. Ob eamquam cau¬
sam sciri potest, eos ab animarum genere discrepare proptereaque anima suapte est
natura iugabilis, resque ratiocinando percipit, minusque intelligentiae lucis haurit.
Sed quoniam extima foelicitas in deo contuendo uersatur, in promptu esse debet.
dissimillimum esse eiusmodi obtutus genus siquidem perinde se deus, ut oculus
micantem in pupilla lucem contuetur hominum uero genus haud secus domina¬
torem rerum deum aspicit, ac si quispiam hominem, speculum contuendo cernat, ex quo
regestum hominis simulacrum excitetur at coelitum grex aeque deum uidet, ac si quis¬
piam hominem fimilitudine sine intermedio ab eo suscepta cernat, in quo quidem
foelicitatis genere coelites generatos esse dicimus. Eodemque modo affirmamus eos
nullo corporis amictu suapte natura uestiri, sed quaedam interdum corpora arripe
re, quae hominum generi spectabilia ipsa sint per se, eaque ex concreti aeris materia
effici, que aer maxime sit ad comuersionem &amp; transformationem aptus . itaque &amp; in ho¬
minum hospitalia corpora obrepere, &amp; imaginationem flectere possunt, eorumque mu¬
nia ex aduentitio ad intelligentiam redundant proptereaque ei imaginatio tamquam co¬
lor oculis obijcitur, atque hoc quidem usque ad uoluntatis optionem permeat, cum uolun¬
tas ab omni sit corporeorum instrumentorum appulsum seiugata. Ex quo intelligi licet
hominibus quasi peregrinantibus coelites speculatores &amp; custodes, naturae ortu
dari, qui non modo genus humanum in ultimum tutiore itinere deducant, sed etiam
nocitura depellant nec ita unquam ab excubandi munere discedunt, ut funditus tuem
di conseruandique procurationem deserant sed tantisper interdum excubias iuuandi cau¬
sa intermittunt, quemadmodum haud quaquam interdum obest, ut homines in criminum,
aut aerumnarum genera incurrant. Nec multo quidem secus perquirimus, num eorum
sit dissimillima conditio naturae, num sit informata praesensio rerum futurarum. Dein
ceps etiam centuriatim descriptos ordines persequimur, ac utrum utatur deus ad
obeunda officia turmatim, an singulatim bonis. Quae quidem ab omni philolo
phorum genere sunt tractata ieiunius, a nobis uero non tam sunt rationis comple
xu, quam coelitus hausta, &amp; patefactione percepta¬
DE DAEMONIBVS.
DISTINCTIO TERTIA.
Tidemque prope a nobis de daemonum genere exquiritur. In quo quidem
affirmatur, nihil aliud esse delinquere, quam ab amussi dedinare actus sui¬
 nam sruel ex ferum nantura, uel ex moralium, aut ex artificiorum ratione</Unicode>
            </TextEquiv>
        </TextRegion>
    </Page>
</PcGts>
