2453 3693
195 326 1876 423 instrumentorum dissimilitudo congruat, sitque cognatio inter mobile corpus & ani¬
195 403 1869 472 mam motricem. Quod quidem praecare patet, ex earum rerum motu, quae extra animam
204 467 1864 536 cernuntur, cum anima sit principium uariorum susceptibilium sensuum, quos sino
201 531 1863 602 instrumentorum uarietate, complecti nullo modo posset, praeclare enim haec medici
208 602 1864 674 patefaciunt, qui Anatomiae scientia, manu ista articulatim dissecta contrectant, do¬
202 665 1864 744 centque capiti tanquam arci tres annexas esse sedes, in quibus speculatrices animae po
202 725 1845 794 tentiae excubarent, easque sensum communem, phantasiam, rationem, & memoriam nomi
193 791 1859 868 nant quarum, sensus communis, & phantasia sint incolae syncipitis, ratio in meditul¬
190 850 1866 914 lio capitis habitet, & memoria occipiti annectatur. Quas quidem sedes, uentriculos
205 916 1855 994 hoc interualli ordine interiectos esse dicunt, quae inter se habeant ductas & extem¬
203 975 1865 1048 rebratas uias, quo utrinque commeare possit perceptarum rerum tabellaria cognitio, ab
193 1038 1855 1111 hisque extrinsecus, ad figuram homins conteplandam disceditur. Quam a parente deo celsam &
196 1111 1853 1190 rectam ob eam causam informatam, & constitutam fuisse probat, quo tanquam princeps
198 1167 1852 1237 inter omnia animantium genera internosceretur, essetque spectatrix superarum rerum cum
202 1232 1868 1316 perspicuum sit, idem in spiritu amorem, ac pondus in corporibus existere. corpora enim
196 1297 1864 1371 natura deorsum suopte pondere feruntur, at humanum corpus cum sit domicilium¬
190 1361 1868 1428 spiritus, natura superiora appetit. Ex quo quidem notum adagium illud existit, eodem
201 1423 1858 1494 amorem, & oculos concurrere. Atque ex hoc etiam est orta contentio, quaenam primigeni¬
189 1481 1846 1559 homins sedes extiterint. Grauissimus auctor Damascenus has sedes uelut Elysium
201 1551 1852 1634 nemus descripsit, in quis semper nitescere ait coelum, cuncta odore fragrare, & hy¬
202 1610 1847 1687 bernis, aestiuisque frugibus, pratorumque uestitu florere. losepo autem, qui solus propo
190 1672 1862 1755 ex ludaeis, graecorum flumina nando transmisit, eas sedes ad orientem solem constitu
201 1734 1859 1816 tas esse placet, cui prorsus Celtiber Isidorus assentitur, is enim harum sedium ingressus
190 1816 1858 1889 post homins pollutam naturam, flammarum moenibus ocelusos, & obstructos scribit. At
184 1868 1862 1943 theologumenon librorum Beda interpres, rem in dimicationem adduxit. Probare
195 1936 1870 2009 enim conatur has sedes ad orientem circumfluo oceano, & montibus ab ea parte obie,
190 1997 1852 2074 ctis contineri, quae ab hominibus habitatur easque ait ita a domicilijs nostris esse se¬
196 2065 1859 2136 motas, sublimesque ferri, ut orbem globumque lunae pertingant. ex quo multis cau¬
198 2123 1889 2207 sa fuit, ab eo desciscendi. Nam cum luna rigoris effectrix dicatur, uerisimile putan¬I
195 2200 1851 2268 dum esse uolebant, ut subiecta ei quoque & finitima reoio rigesceret. Quibusdam
198 2232 1864 2328 etiam nullo modo fieri posse uisum est, ut hae sedes altissima telluris parte collocen¬
194 2328 1860 2395 tur siquidem si fieri hoc posse diceretur, concedi etiam uolebant, ut harum sedium infoe¬
195 2375 1852 2450 cunda natura diceretur, quando quidem montium altitudines solis flagrantia, & ar¬
195 2449 1850 2520 dore torreantur, qui ex tellure ubertatem hauriant, quod quidem minime harum se¬
196 2507 1854 2584 dium foecunditati consentaneum esse dicunt. Maior autem pars eo defertur, ut eam
186 2582 1829 2651 terrae partem temperatam uelint . idque affirmant ex noctium & dierum aequalitate orin
206 2637 1838 2724 quemnadmodum his accidere uidemus, qui terras ad orbem aequinoctialem colunt.
195 2704 1838 2777 umbrae enim nocturnae cum lucibus aequentur, dierum feruidam naturam tepefaciunt,
186 2765 1850 2838 in qua tamen sententia Scotus Alexandro, Nicolao Boneto, & Magno Alberto
189 2831 1853 2902 calcar adhibuit. Quo etiam loco probatur a nobis hominem dei esse simulacrum, non
193 2901 1852 2978 quidem absolutum simulacrum, sed tanquam ad similitudinem expressum. Negamusque
199 2962 1856 3046 primigeno homini deum notum fuisse de facie, nisi sopito ei, & phantasmate se¬
