2453 3826
642 301 2323 446 uocetur dicuntque animae culpam eo prope modo seminis transitione transfundi¬
649 389 2334 510 quanquam semen actu minime sit culpae naturae subiectum. Qui autem ex orchestra
646 465 2324 578 populum theologorum in angustias compelli spectant, negant haec argumento
634 529 2330 638 rum genera ita posse connecti, ut praedare doceant hoc originis nexu epheborum
642 589 2323 707 sobolem astringi. nam quanquam corporis morborum, quaedam genera in liberos
633 666 2327 774 manarent, ac rursum etiam corporis habitu, quidam animi morbi gignerentur,
645 722 2326 839 quemadmodum saepe ex insanis insani gignuntur, ab hac tamem originis infirmi¬
643 790 2330 909 tate culpam excludi putant, cum eiusmodi naturae sit, ut uoluntaria omnino di¬
640 867 2336 964 catur. Ex quo etiam illud adiungunt, quod quanquam anima rationis compos, ita
649 927 2328 1034 in sobolem dimanaret, ut inquinatio animarum liberorum, minime in eius uolun¬
651 990 2337 1094 tate consisteret, necesse esse arbitrantur, ut natura culpae, ad mulctam coercentis
638 1053 2327 1165 liberetur: Ex quo causa data nobis fuit, cur dextrorsum argumenta retorqueamus.
643 1128 2331 1227 Nam cum hominum uniuersum genus, hominis nomine, quatenus congruunt.
649 1192 2330 1307 naturae metiamur, quicquid hominum a seminario primigeno profluxit, tanquam
655 1254 2327 1363 unius corporis membra arbitramur in hisque similitudinem adiungimus, ut si ma¬
640 1319 2330 1440 nus panem, aut lapidem lactarit, non id manus, sed animae uoluntatis esse dici¬
650 1385 2329 1495 mus uel si manus hominem occiderit, minime uolumus ei succenseri debere, si per
645 1452 2333 1566 se, ut a corpore seiuncta expendatur. sed succensendum esse censemus, si tanquam quicquam
637 1515 2331 1631 hominis expendatur, quod a principe agitationis auctore mouetur. Qua similitudi
640 1590 2340 1690 nis collatione confirmamus hanc tabificam mali luem, hominum non esse uolunta¬
656 1653 2335 1751 riam, sed a primigeni parentis uoluntate manare. Eodemque modo inquiritur, utrum
647 1726 2328 1817 id in quo hoc originis malum insidit, caro an anima dicatur, plaerique enim cum dissidium
654 1782 2340 1909 quo sensus a ratione desciscunt, ab hac originis tabe manare dicerent, eiusque dissidij
649 1853 2334 1959 fibras maxime carni inesse contenderent, concludere uolebant, idipsum in carnis con
644 1923 2333 2016 cretione consistere, diuo autem Anselmo uideri scio haud secus semen, ac sputum &
640 2015 2323 2093 sanguinem inquinari nec quicquam putat esse causae, si ex his corpus animale fingatur
652 2046 2341 2155 cur eius inquinatu, anima contaminari possit, quem subsequens sicca nare mirifice
653 2117 2329 2219 odorus Scotus, negat carnem quae seritur, a ueneris flagrantia in satione inquina¬
640 2188 2335 2281 ri. At magnus dlientum Aquinatum coetus, causarum definitione probat semen
655 2248 2327 2349 quemadmodum sit instrumenti causa humanae naturae serendae, sic instrumenti
653 2316 2332 2413 esse causam huius originis tranffundendi mali. In qua quidem sententia tuenda,
646 2379 2336 2480 unus e multis Tolosanus Capreolus, maxime cum Scoto, & Durando luctatur.
649 2445 2339 2557 Ea autem quae ad sontis daemonis irritationem pertinent, hoc loco omittimus. est
653 2511 2323 2612 enim satis exploratum ab imperante deo latam esse legem, quae sic iuberet. Arbo¬
643 2577 2324 2670 rem hanc ne libanto. Qui libarit, capitale esto. Notumque est omnibus arbori im¬
649 2648 2336 2760 plexum colubrum melle lito affatu hominem ad delinquendum pellexisse. Ex eoque
644 2719 2324 2806 inquinata puritate, recessum & fugam esse factam, nataque genera malorum. Et
650 2784 2336 2877 quoniam ob uiolatam legem duo sunt peccati genera patrata, unum quod primigenum
643 2867 2326 2950 parentum nominatur, alterum quod generatim in liberos diffunditur, de utriusque ani
646 2917 2318 3011 maduersione dicendum erit. ltaque primo intelligendum est foeminam tria secum mul
629 2979 2326 3074 ctarum genera detulisse, quarum una in grauiditatum multitudine, altera in perpes
628 3041 2319 3162 sione dolorum, tertia in seruitute consistit. Cum autem sit duplex animae cognitio, una
