2453 3696
196 336 1855 423 nullo possit simulacro effingi. Durandus uero, quasi nihilo sibi minus licere ar¬
202 407 1849 479 bitretur, quam Henrico licitum sit, nullam imaginem latria colendam putat. Quam
206 480 1855 549 quidem sententiam maxime tueri conatur doctissimus ltalorum Picus. At ex
204 538 1839 607 atratorum disciplina minutius & praessius Holcot deo latriam honorem statu
204 602 1851 671 tum esse censet atqui cum nullum simulacrum deum esse opinetur, intelligi fas
202 664 1861 741 esse dicit, nulli simulacro hoc honoris genus debere decerni. Quod si ita est, ab¬
195 735 1848 803 surdum esse putat fateri, latriam deo soli honorem esse decretum, & eandem ta¬
205 793 1871 861 men seruatoris Christi simulacro deberi. idque etiam contortius astringit. Si idem
201 856 1860 927 inquit honos Christo ac simulacro debetur, igitur idem lapidi, ac Christo debe¬
198 918 1856 988 tur honos, ob eamque rem idem deo honos ac rei genitae debetur quod dici nul¬
206 984 1853 1054 so modo debere opinatur. Nos uero ut quicque quorsum pertineat uideamus. Hen
203 1053 1861 1128 rico respondendum arbitramur. Christi simulacrum, quatenus diuinitatem hu¬
208 1113 1855 1185 mano amictu uestitam referat, latria debere coli . atque illud etiam adiungimus per
206 1175 1861 1246 spicuum esse, deo ueram latriam deberi. cumque deum cutis humanae integumen
212 1239 1862 1309 to obductum esse intelligamus, quandoquidem haud mens in imagine, ut res
214 1306 1868 1381 est, irrepat, sed ut deum chlamyde humana indutum referat, fateri cogimur fimu¬
210 1369 1864 1441 lacrum dei cuti humanae copulati, latria esse colendum. Nec autem dei non iu¬
216 1442 1855 1512 gati aliquod simulacrum esse uolumus, quod deum cumulate, sed tantum ut effe¬
205 1492 1861 1564 ctus causam referre dicatur. Nihiloque secius esset tota illa Durandea conuellen¬
204 1555 1864 1625 da ratio, nec minus item posset contra Holcot sonantia argumenta dici, nisi alias
207 1625 1858 1699 esset a nobis de hoc quaestionis genere disserendum latius. Quare multo salu¬
205 1683 1865 1761 brius dicemus. Christi simulacro quatenus lapideum, siue ligneum, siue pictum
207 1759 1861 1825 sit, nullum omnino cultus genus haberi debere, quando quidem nulli honos, ni¬
207 1817 1867 1894 si naturae rationis compoti debeatur. Ex quo perspicuum esse potest honorem
217 1878 1870 1954 Christi simulacro decerni, quatenus imago tantum dicatur, atque ita sequi idem
215 1946 1860 2019 aeque honoris genus simulacro, ac seruatori Christo deberi cum autem libera¬
208 2019 1862 2083 tor Christus latria colatur, perfacile iudicium est, eius quoque simulacrum latria de¬
202 2071 1872 2147 bere coli. Sed nec exilis contentio nascitur, an sospitatoris Christi cruci latriae sit
207 2138 1863 2224 habendus honos. Durandus enim contra aquam nando, captiosam argumen¬
213 2201 1860 2283 ti plagam tendit, id inquit quod nullo modo sit hypothesis uirtutis susceptrix¬
207 2261 1871 2341 id nec etiam per se cultus, aut honoris limes esse potest atqui cum crux nullo mo
220 2324 1870 2407 do sit hypothesis uirtutis susceptrix, igitur nec per se cultus, aut honoris limes esse
208 2387 1859 2481 potest Nos uero simulacrorum cultum inductum esse uolumus, cum ad incolu¬
206 2454 1862 2541 mitatis nostrae memoriam excitandam, tum ad hebetiorum hominum ingeniam
216 2515 1869 2589 admonenda quando quidem uehementius in mentes hominum influat aspe¬
215 2576 1866 2648 ctus, quam auditio. Idque genus cultus a Christo inductum putatur, quem Abagaro
211 2654 1862 2722 regi effigiem suam in linteo pictam, non ignobilis auctor Eusebius misisse scri¬
221 2708 1858 2778 bit. Quod quidem genus cultus, postea est senatusconsulto confirmatum, pro¬
211 2770 1863 2846 mulgatumque, ut diuorum imagines pingerentur in delubris ex quo facile intelli
208 2832 1870 2927 gi potest, diuorum esse simulacra colenda. Quod si hae imagines colendae dicun¬
208 2914 1869 2989 tur, nemini dubium esse potest, quin sospitatoris Christi crux, augustius, san¬
217 2966 640 3065 ctiusque coli deheat.
