2453 3693
29 2 73 73 erum
220 348 1901 445 qua deum esse probatur, per scientiarum orbem extima perdiscitur ex quo causa esset, ut ho¬
223 429 1890 509 mines ad dei notionem non nisi aetate exacta peruenirent . idque ob id etiam datum esse
226 493 1883 571 uolumus, ut generatim in hominum mentes agnitio penetret, & influat. Nam cum
221 557 1890 633 multi, aut propter negocia uitae, aut propter difficultatem indagandi, uel propter he
229 605 1895 716 betiorem ingenij aciem, longe ab expleta absolutione absint, intelligi posset, eos
228 682 1893 769 omnino dei agnitione fraudatum iri, ni fide diuina informaretur notio . Eodem accedit
226 750 1891 841 que nihil est fide testatius etenim ratio multum a rerum diuinarum cognitione abest . idque
224 812 1888 896 praedare patet, que ab omni philolophorum genere in naturali rerum humanarum ex¬
229 880 1882 971 plicatione titubatum fuisse scimus, multaque ab his inter se pugnantia conscripta legi
221 944 1887 1020 mus. Itaque quo splendidius dei notio elucesceret, necesse fuisse dicimus, ut fide in ho
210 1009 1882 1085 minum mentes rerum diuinarum agnitio illaberetur, quao oraculo nihil sit in omni natu¬
215 1065 1882 1141 ra ueracius quamobrem iure promulgatum est, ne cui liceat, a rata fidei mensione de
216 1129 1877 1206 sciscere. Duplex est autem hominum desciscentium genus. nam unum genus est eorum
221 1189 1883 1268 qui ne tantulum quidem credendum putant, quales ludei aut Parthi nominantur. Alte¬
218 1262 1887 1337 rum uero genus est eorum, qui ex prouincijs uectigalibus plane bene Christum fa
219 1318 1877 1406 tentur deu, sed ea nullo modo seligunt, quae consignatis decretis uerissime tradun¬
217 1388 1882 1456 tur, cum id maxime consectentur, ad quod suopte ingenio rapiantur . ideoque qui eiusmo
208 1455 1886 1535 di perduellionatus postulantur, non modo pontificio interdicto ex Christianorum
218 1515 1877 1586 coetu extruduntur, sed etiam nece ex terrarum orbe pelluntur, nam si hij qui nummos
208 1573 1884 1660 adulterant morte mulctantur, quid de illis statuendum censemus, qui fidem puer¬
219 1642 1879 1740 tere conantur: At senatus tamen consulto, eiusmodi transfugarum generi diutur
202 1708 1882 1786 nior impunitas conceditur, quo spatium postliminij, sordiumque eluendarum detur. At
210 1768 1877 1850 cum nihil est pertinacissimo perduellioni loci, ne uelut rancidius malum caetera po
202 1836 1869 1918 morum genera contaminet, pontificio primum interdicto ex orthodoxeo foro eij
210 1898 1852 1974 citur, ad praetoria deinde tribunalia raptus bustuarijs exurendus datur. Sed inci
213 1961 1862 2034 dit hoc loco contentio, num spes theologica sit nominanda uirtus. Multi enim sa¬
205 2027 1866 2104 tis negocij habent, si spei acdiuam hypothesim esse dicant, atqui cum acdiuitas ma¬
201 2094 1870 2179 xime magnanimitatis sit, quae in moralium uirtutum genere numeretur, nihil abes
208 2152 1866 2243 se putant, quin spes morum potius uirtus quam theologica nominanda sit. Plaerique
205 2219 1866 2291 etiam, quibus nihil est hac opinione potius, cum uirtutem theologicam in duorum ui¬
196 2289 1863 2357 tiorum meditullio uersari opinentur, spemque inter desperationem & arrogantem con¬
195 2341 1878 2433 fidentiam constituant, fatendum esse dicunt, spem nullo modo uirtutem theologi¬
204 2409 1861 2480 cam uideri. In quo sane lituus & tuba Christianorum, d. Thomas est adhibendus
195 2480 1859 2555 auctor qui cum spei quatenus uirtus dicatur, principem hypothesim deum esse con¬
204 2532 1859 2626 firmet, satis esse notum probat, spem debere uirtutem theologicam putari. quam¬
202 2593 1861 2673 quam Durandus hanc sententiam tanquam statuam incohatam absoluere conatur in quo
195 2669 1864 2753 sane intelligi potest, caput excellentis artificis, & discipuli reliqua membra uideri.
204 2728 1859 2799 Atque illud etiam intelligendum est, spem in primis foelicitatem quae in deo cernen
205 2794 1852 2869 do uersatur, tamquam laternam intueri cum autem spei hypothesis, ut res quae esse pos
201 2851 1856 2939 sit obijcienda sit, quae fide continetur, necesse est, ut fides tanquam dux & antesigna¬
204 2924 1849 3007 na antegrediatur. ltaque negamus foelices in aliquo spei genere uersari quando qui¬
188 2984 1868 3088 dem foelicitas sit praesens, & spes futura complectatur. Sed his qui uiuunt & hijs qu
