2453 3693
2 2 96 78 ceriuns,
217 322 1861 421 tenuitas, quanm graeci απροίναίαμ uocant opponitur quando quidem magnum S
214 412 1858 490 paruum inter se suapte natura dissideant, haec est naturae suae inscitia, quae robui
222 486 1858 559 uirtutis delumbat, ac a rerum magnitudine recedit, quarum est aptissime capax
213 537 1864 636 Magnificentiam autem uolumus ex eadem fortitudine nasci, quae sit magnorum
220 601 1852 688 operum confectrix, cum decentia sumptuum collocandorum. Nec longius qui¬
214 662 1860 747 dem patientia ab eadem fortitudine abest, quae est rationis contra tristitiam
217 728 1855 813 tutatrix. Nihiloque secius erit de Perseuerantia, quae a Graecis διατέλαα dici¬
217 789 1849 869 tur, & Constantia dicendum, quae quanquam in limitis genere congruantr, hac ta¬
210 863 1852 933 men inter se specie differunt, ut Diatelia sit contra eam difficultatem stabilitas
218 930 1856 1004 quae ex operae diuturnitate oriatur, Constantia uero contra eam difficultatem fir
214 991 1852 1055 mitas putetur, quae ex externa interpellatione nascatur. Itaque maxime a Diatelia
217 1054 1853 1130 mollitudo abhorret, quae ob eam causam a bonorum genere recedit propterea
212 1115 1838 1190 que languidius in perferendo liquescit, facileque (ut ait Aristoteles) ab imbecillo fle
214 1185 1846 1249 ctente torquetur. At pertinatia maxime exploditur, que ex rationis praescripto egre
207 1241 1853 1312 diatur, & uelut callum obduxerit, nunquam ex insita sententia deducatur. Sed in hoo
202 1308 1844 1390 genere una e multis Temperantia tanquam uirtutum laternaria laudatur, ea enim
215 1380 1851 1456 est uirtus hominem ex integra ratione ad bonorum genera impellens, turbidas
202 1417 1842 1501 saporum tactionumque affectiones sanans, aegritudinemque sedans, quae ex uolu
202 1498 1844 1571 ptatum uacuitate oriatur, cum ea uehementer Torpor, quem graeci Anestesiam
196 1567 1837 1649 uocant, & Intemperantia digladiatur. Torporenim ita istius modi uoluptatum
205 1622 1843 1700 genera refugit, ut illa etiam omittat, quae sunt ad naturae necessitatem data quod
202 1688 1840 1770 quidem crimen uideri debet nam cum sint uoluptates rebus necessarijs a natu¬
199 1759 1847 1833 ra satae, tantum est hijs impertiendum, quantum sit ad humanam naturam satis,
201 1818 1837 1892 quanquam interdum earum uacuitatem necessariam dicamus, quemadmodum in¬
195 1885 1848 1957 terdum ad integritatem ualitudinis, necessariam parsimoniam putamus. Intem
201 1947 1827 2018 perantia uero auersa est a ratione ad superuacaneas cupiditates turbida commo
202 2008 1840 2088 tio, quae eo longius ab hominum praestantiam distat, quo minus abest a natura fe
199 2075 1821 2143 rarum. Sed ex temperantia oriuntur tanquam ex matre liberi, Verecundia. Hone
199 2127 1825 2225 stas. Parsimonia, leiunium. Sobrietas, Castitas, Virginitas. Continentia. Claemen
191 2203 1839 2277 tia, Mansuetudo, Modestia, & quae a graecis ωούδαίωοζ dicitur, aut si quae eius ge¬
195 2259 1831 2343 neris sunt. Verecundia enim hoc modo describitur, ut sit culpae spectatrix, & te
199 2332 1821 2412 nerrimus oculorum pudor, quae a criminum genere, infamiae metu arceatur. Ho
194 2393 1830 2479 nestas uero non modo germana uirtutis, sed etiam tanquam quaedam temperantiae
192 2451 1824 2519 conditio describitur. At parsimoniam, uictus moderatricem definimus. Ieiunium
184 2521 1822 2598 autem cupiditatum carnificem, quo mens ad superarum rerum contemplationem effe
194 2582 1828 2663 tatur, faciatque pro scelerum genere satis. Ex quo senatusconsulto anniuersariae esu¬
189 2649 1836 2710 riales feriae edicuntur, quibus cupiditatum ardor referuescat, & integra natura ser¬
186 2707 1828 2779 uetur. Sobrietas autem potationum mensio nominatur, ne ratio languefacta eli¬
189 2775 1837 2839 datur, uini enim capnotes cerebri naturam quatit . Ideoque maxime mulierculas &
187 2831 1829 2913 pueros abstemios esse debere dicimus, quorum aliae propter rationis imbecilli¬
179 2893 1839 2968 tatem, alij propter aetatis feruorem prodiuius ad blandissima uoluptatum ge¬
190 2966 1836 3063 nera labantur. Castitas autem est libidinosarum cupiditatum domitrix, cuius
