<?xml version="1.0" encoding="UTF-8" standalone="yes"?>
<PcGts xmlns="http://schema.primaresearch.org/PAGE/gts/pagecontent/2013-07-15" xmlns:xsi="http://www.w3.org/2001/XMLSchema-instance" xsi:schemaLocation="http://schema.primaresearch.org/PAGE/gts/pagecontent/2013-07-15 http://schema.primaresearch.org/PAGE/gts/pagecontent/2013-07-15/pagecontent.xsd">
    <Metadata>
        <Creator>prov=University of Rostock/Institute of Mathematics/CITlab|PLANET AI GmbH/Gundram Leifert/gundram.leifert@planet-ai.de:name=cod-P122zz-m2(htr_id=26330)::::v=2.6.6
prov=University of Rostock/Institute of Mathematics/CITlab|PLANET AI GmbH/Tobias Gruening/tobias.gruening@planet-ai.de:name=de.uros.citlab.module.baseline2polygon.B2PSeamMultiOriented:v=2.6.6
prov=University of Rostock/Institute of Mathematics/CITlab|PLANET AI GmbH/Tobias Gruening/tobias.gruening@planet-ai.de:name=/net_tf/LA73_249_0mod360.pb:de.uros.citlab.segmentation.CITlab_LA_ML:v=2.6.6
Transkribus</Creator>
        <Created>2020-09-26T18:54:52.346-04:00</Created>
        <LastChange>2020-09-30T00:39:45.139+02:00</LastChange>
        <TranskribusMetadata docId="495223" pageId="20305847" pageNr="83" tsid="42006696" status="DONE" userId="25065" imgUrl="https://files.transkribus.eu/Get?id=ZXXYKDGAEVRKUJWRUHMQVIWB&amp;fileType=view" xmlUrl="https://files.transkribus.eu/Get?id=YIKVQRSZWMUPLBVZDSLBKJMW" imageId="15628374"/>
    </Metadata>
    <Page imageFilename="083.jpg" imageWidth="2453" imageHeight="3827">
        <ReadingOrder>
            <OrderedGroup id="ro_1601662583897" caption="Regions reading order">
                <RegionRefIndexed index="0" regionRef="r2"/>
            </OrderedGroup>
        </ReadingOrder>
        <TextRegion orientation="0.0" id="r2" custom="readingOrder {index:0;}">
            <Coords points="612,279 612,3169 2322,3169 2322,279"/>
            <TextLine id="r2l2" custom="readingOrder {index:0;}">
                <Coords points="644,446 1705,416 2323,473 2323,368 2132,344 1151,370 928,328 644,375"/>
                <Baseline points="654,414 741,414 828,414 915,414 1003,413 1090,411 1177,409 1265,407 1352,405 1439,404 1527,403 1614,402 1701,404 1789,405 1876,408 1963,412 2051,417 2138,425 2225,434 2313,446"/>
                <TextEquiv>
                    <Unicode>assectatrix est Virginitas, quae a graecis παρθεμία nominatur: Est enim haec illiba¬</Unicode>
                </TextEquiv>
            </TextLine>
            <TextLine id="r2l3" custom="readingOrder {index:1;}">
                <Coords points="629,513 1810,480 2293,532 2317,475 1794,421 630,460"/>
                <Baseline points="639,482 722,483 805,483 889,482 972,480 1056,479 1139,477 1222,474 1306,473 1389,471 1473,470 1556,470 1639,470 1723,470 1806,472 1890,476 1973,480 2056,485 2140,492 2223,502 2307,512"/>
                <TextEquiv>
                    <Unicode>tus flos, &amp; puritas ueneriae tabis expers, cum perpetua animi inductione caren¬</Unicode>
                </TextEquiv>
            </TextLine>
            <TextLine id="r2l4" custom="readingOrder {index:2;}">
                <Coords points="635,567 1741,547 2325,596 2325,527 1939,491 636,515"/>
                <Baseline points="645,546 728,548 812,549 895,548 979,548 1062,546 1146,545 1229,542 1313,540 1396,539 1480,537 1563,536 1647,536 1730,537 1814,539 1897,542 1981,546 2064,551 2148,558 2231,567 2315,579"/>
                <TextEquiv>
                    <Unicode>di quo in caelibatu sit ad contemplandum aptior Continentia uero est prauarum</Unicode>
                </TextEquiv>
            </TextLine>
            <TextLine id="r2l5" custom="readingOrder {index:3;}">
                <Coords points="635,657 1770,616 2320,663 2297,590 1928,552 635,569"/>
                <Baseline points="645,615 728,615 811,615 894,615 978,614 1061,612 1144,611 1227,609 1311,608 1394,606 1477,605 1560,603 1644,603 1727,605 1810,606 1893,608 1977,612 2060,618 2143,625 2226,633 2310,645"/>
                <TextEquiv>
                    <Unicode>cupiditatum repulsio. Sed claementia a mansuetudine sic differt, ut daementia sit</Unicode>
                </TextEquiv>
            </TextLine>
            <TextLine id="r2l6" custom="readingOrder {index:4;}">
                <Coords points="640,692 1930,683 2333,734 2334,669 1952,618 640,652"/>
                <Baseline points="651,680 734,681 818,681 901,681 985,681 1068,680 1152,678 1235,677 1319,674 1402,672 1486,672 1570,671 1653,671 1737,672 1820,674 1904,677 1987,680 2071,686 2154,693 2238,702 2322,713"/>
                <TextEquiv>
                    <Unicode>extenuatrix poenarum, mansuetudo uero irarum mitigatrix Modestia autem est</Unicode>
                </TextEquiv>
            </TextLine>
            <TextLine id="r2l7" custom="readingOrder {index:5;}">
                <Coords points="635,764 1830,747 2320,800 2301,729 2014,692 635,720"/>
                <Baseline points="645,747 728,749 811,750 894,749 978,748 1061,746 1144,744 1227,743 1311,741 1394,739 1477,738 1560,737 1644,737 1727,737 1810,738 1893,741 1977,746 2060,751 2143,758 2226,767 2310,777"/>
                <TextEquiv>
                    <Unicode>mediocritatum metatrix ex qua Humilitas oritur, quae cum sit sui gnara, animo </Unicode>
                </TextEquiv>
            </TextLine>
            <TextLine id="r2l8" custom="readingOrder {index:6;}">
                <Coords points="640,836 2321,858 2284,789 1971,753 641,767"/>
                <Baseline points="651,812 738,813 825,815 912,815 1000,813 1087,812 1174,810 1262,809 1349,807 1436,805 1524,804 1611,803 1698,804 1786,804 1873,807 1960,810 2048,817 2135,822 2222,832 2310,843"/>
                <TextEquiv>
                    <Unicode>fraenum adhibet, ne insolentius supra naturam suam tollatur Sed cum omnes (ut</Unicode>
                </TextEquiv>
            </TextLine>
            <TextLine id="r2l9" custom="readingOrder {index:7;}">
                <Coords points="629,897 1936,884 2329,939 2306,859 1922,819 629,849"/>
                <Baseline points="639,879 723,881 807,881 891,882 975,881 1059,879 1143,878 1227,876 1311,875 1395,873 1479,872 1563,870 1647,870 1731,872 1815,873 1899,876 1983,879 2067,885 2151,891 2235,900 2319,911"/>
                <TextEquiv>
                    <Unicode>ait Aristoteles) natura mirifice scire aueant, intelligendum est malagma quoddam</Unicode>
                </TextEquiv>
            </TextLine>
            <TextLine id="r2l10" custom="readingOrder {index:8;}">
                <Coords points="641,969 2009,953 2319,999 2320,940 1969,892 641,908"/>
                <Baseline points="651,944 738,945 825,947 912,947 1000,947 1087,945 1174,944 1262,942 1349,941 1436,939 1524,938 1611,938 1698,938 1786,938 1873,941 1960,944 2048,950 2135,957 2222,965 2310,975"/>
                <TextEquiv>
                    <Unicode>esse adhibendum, quo operosa sedulitas &amp; cognitionis appetitio leniatur, qua¬</Unicode>
                </TextEquiv>
            </TextLine>
            <TextLine id="r2l11" custom="readingOrder {index:9;}">
                <Coords points="635,1033 2314,1057 2325,989 1911,952 635,974"/>
                <Baseline points="645,1010 732,1011 819,1013 906,1013 994,1013 1081,1011 1168,1011 1256,1010 1343,1007 1430,1006 1518,1005 1605,1004 1692,1004 1780,1005 1867,1007 1954,1011 2042,1014 2129,1021 2216,1029 2304,1038"/>
                <TextEquiv>
                    <Unicode>rum alteram graeci ut diximus spudaeosin, alteram pragmosynam nominant. Ve¬</Unicode>
                </TextEquiv>
            </TextLine>
            <TextLine id="r2l12" custom="readingOrder {index:10;}">
                <Coords points="628,1103 2298,1124 2322,1059 628,1046"/>
                <Baseline points="639,1076 722,1077 806,1079 889,1079 973,1079 1056,1077 1140,1076 1223,1074 1307,1073 1390,1071 1474,1070 1558,1070 1641,1070 1725,1070 1808,1071 1892,1073 1975,1077 2059,1083 2142,1088 2226,1096 2310,1107"/>
                <TextEquiv>
                    <Unicode>rum quot uirtutum genera numerantur, totidem uitiorum paria opponuntur, si</Unicode>
                </TextEquiv>
            </TextLine>
            <TextLine id="r2l13" custom="readingOrder {index:11;}">
                <Coords points="643,1170 1855,1147 2317,1203 2317,1133 2171,1103 643,1103"/>
                <Baseline points="654,1142 736,1144 818,1145 900,1145 982,1145 1065,1143 1147,1143 1229,1141 1311,1139 1393,1139 1476,1137 1558,1136 1640,1136 1722,1136 1804,1137 1887,1139 1969,1143 2051,1148 2133,1154 2215,1161 2298,1172"/>
                <TextEquiv>
                    <Unicode>quidem parsimoniae bellum est naturale cum Gula, quae non modo gustus ob¬ </Unicode>
                </TextEquiv>
            </TextLine>
            <TextLine id="r2l14" custom="readingOrder {index:12;}">
                <Coords points="634,1223 1985,1218 2317,1269 2263,1180 2080,1160 635,1173"/>
                <Baseline points="645,1205 728,1208 811,1210 894,1211 977,1211 1060,1210 1143,1209 1226,1208 1309,1206 1392,1205 1476,1203 1559,1203 1642,1202 1725,1203 1808,1204 1891,1206 1974,1209 2057,1215 2140,1221 2223,1229 2307,1239"/>
                <TextEquiv>
                    <Unicode>sonatrix, sed etiam opsophaga intempestiua uocatur, haec enim tanquam sus foeta sto¬</Unicode>
                </TextEquiv>
            </TextLine>
            <TextLine id="r2l15" custom="readingOrder {index:13;}">
                <Coords points="643,1306 1944,1281 2244,1336 2319,1328 2320,1271 1982,1218 643,1228"/>
                <Baseline points="654,1272 736,1274 819,1275 902,1277 985,1277 1068,1275 1150,1275 1233,1274 1316,1272 1399,1271 1482,1269 1564,1269 1647,1268 1730,1269 1813,1271 1896,1272 1978,1277 2061,1281 2144,1289 2227,1296 2310,1307"/>
                <TextEquiv>
                    <Unicode>lidam alacritatem, scurrilitatem, coenositatem, loquacitatem, mentisque caliginem gignit. </Unicode>
                </TextEquiv>
            </TextLine>
            <TextLine id="r2l16" custom="readingOrder {index:14;}">
                <Coords points="637,1371 1854,1344 2312,1391 2289,1328 1877,1281 638,1299"/>
                <Baseline points="648,1340 730,1341 813,1343 895,1343 978,1343 1061,1341 1143,1340 1226,1339 1309,1338 1391,1336 1474,1335 1557,1334 1639,1334 1722,1335 1805,1337 1887,1338 1970,1342 2053,1348 2135,1354 2218,1362 2301,1371"/>
                <TextEquiv>
                    <Unicode>atque etiam sobrietati est hostis &amp; inimica Ebrietas quae scelerum fex, ut in lancem </Unicode>
                </TextEquiv>
            </TextLine>
            <TextLine id="r2l17" custom="readingOrder {index:15;}">
                <Coords points="635,1437 1844,1410 2308,1453 2308,1390 1957,1348 636,1374"/>
                <Baseline points="645,1403 727,1406 810,1407 892,1409 975,1409 1058,1409 1140,1407 1223,1406 1306,1404 1388,1403 1471,1401 1554,1400 1636,1400 1719,1400 1802,1401 1884,1404 1967,1407 2050,1412 2132,1419 2215,1427 2298,1437"/>
                <TextEquiv>
                    <Unicode>alteram propendet, alias capitale, alias ignoscibile malum uideri potest sed maxi¬</Unicode>
                </TextEquiv>
            </TextLine>
            <TextLine id="r2l18" custom="readingOrder {index:16;}">
                <Coords points="627,1499 2315,1516 2233,1448 1897,1414 628,1442"/>
                <Baseline points="639,1469 722,1472 805,1473 888,1475 972,1475 1055,1473 1138,1473 1221,1472 1305,1470 1388,1469 1471,1467 1554,1467 1638,1467 1721,1467 1804,1469 1887,1470 1971,1475 2054,1479 2137,1485 2220,1493 2304,1503"/>
                <TextEquiv>
                    <Unicode>me Luxuria praelium cum Castitate init, quae uaria armorum genera ad dimican¬</Unicode>
                </TextEquiv>
            </TextLine>
            <TextLine id="r2l19" custom="readingOrder {index:17;}">
                <Coords points="634,1552 2315,1593 2278,1515 1803,1477 635,1497"/>
                <Baseline points="645,1535 732,1538 819,1539 906,1539 994,1539 1081,1539 1168,1538 1256,1536 1343,1535 1430,1535 1518,1533 1605,1533 1692,1533 1780,1535 1867,1536 1954,1540 2042,1544 2129,1550 2216,1558 2304,1568"/>
                <TextEquiv>
                    <Unicode>dum affert de quo genere a nostris fuse lateque disputatur. Quare iram cum man¬</Unicode>
                </TextEquiv>
            </TextLine>
            <TextLine id="r2l20" custom="readingOrder {index:18;}">
                <Coords points="635,1624 1690,1606 2290,1657 2312,1595 635,1552"/>
                <Baseline points="645,1599 727,1602 810,1604 893,1605 976,1605 1059,1604 1141,1604 1224,1602 1307,1601 1390,1601 1473,1599 1555,1599 1638,1599 1721,1599 1804,1601 1887,1604 1969,1606 2052,1611 2135,1617 2218,1624 2301,1634"/>
                <TextEquiv>
                    <Unicode>suetudine, &amp; crudelitatem cum claementia pugnare dicimus. Iram enim uolumus</Unicode>
                </TextEquiv>
            </TextLine>
            <TextLine id="r2l21" custom="readingOrder {index:19;}">
                <Coords points="637,1687 1900,1675 2235,1729 2317,1723 2318,1668 1825,1611 637,1624"/>
                <Baseline points="648,1665 735,1668 822,1670 909,1671 997,1671 1084,1671 1171,1670 1259,1668 1346,1667 1433,1667 1521,1665 1608,1665 1695,1665 1783,1667 1870,1669 1957,1673 2045,1677 2132,1683 2219,1692 2307,1703"/>
                <TextEquiv>
                    <Unicode>ulciscendi esse libidinem, quae iurgia, mentis tumultum, stomachationem &amp; peiera</Unicode>
                </TextEquiv>
            </TextLine>
            <TextLine id="r2l22" custom="readingOrder {index:20;}">
                <Coords points="634,1752 2317,1783 2317,1724 2019,1682 635,1687"/>
                <Baseline points="645,1730 728,1734 811,1737 894,1739 977,1739 1060,1739 1143,1737 1226,1737 1309,1736 1392,1734 1476,1733 1559,1731 1642,1731 1725,1731 1808,1733 1891,1736 1974,1739 2057,1744 2140,1750 2223,1758 2307,1769"/>
                <TextEquiv>
                    <Unicode>tionem gignat. Crudelitatem uero in animaduertendo atrocitatem definimus. quae</Unicode>
                </TextEquiv>
            </TextLine>
            <TextLine id="r2l23" custom="readingOrder {index:21;}">
                <Coords points="626,1821 1933,1808 2235,1861 2317,1852 2318,1793 626,1747"/>
                <Baseline points="636,1797 719,1801 803,1803 886,1805 970,1805 1053,1805 1137,1803 1220,1803 1304,1802 1387,1800 1471,1799 1555,1799 1638,1797 1722,1799 1805,1799 1889,1802 1972,1805 2056,1810 2139,1815 2223,1824 2307,1833"/>
                <TextEquiv>
                    <Unicode>hoc modo a saeuitia &amp; inmanitate dissideat, ut crudelitas non modo eius qui ple¬</Unicode>
                </TextEquiv>
            </TextLine>
            <TextLine id="r2l24" custom="readingOrder {index:22;}">
                <Coords points="622,1888 1889,1875 2317,1922 2318,1851 622,1825"/>
                <Baseline points="633,1865 716,1868 800,1869 884,1871 967,1871 1051,1869 1135,1869 1218,1867 1302,1866 1386,1865 1470,1863 1553,1863 1637,1862 1721,1863 1804,1865 1888,1866 1972,1870 2055,1875 2139,1882 2223,1890 2307,1901"/>
                <TextEquiv>
                    <Unicode>ctitur culpam metiatur, sed etiam fines animaduertendi transeat saeuitia uero nul</Unicode>
                </TextEquiv>
            </TextLine>
            <TextLine id="r2l25" custom="readingOrder {index:23;}">
                <Coords points="629,1946 1831,1940 2299,1993 2321,1932 1985,1882 630,1883"/>
                <Baseline points="639,1931 722,1932 806,1934 889,1934 973,1934 1056,1934 1140,1932 1223,1931 1307,1931 1390,1929 1474,1928 1558,1928 1641,1929 1725,1929 1808,1931 1892,1934 1975,1938 2059,1943 2142,1948 2226,1957 2310,1965"/>
                <TextEquiv>
                    <Unicode>lam culpam expendat, sed hominum cruciatu &amp; uexatione pascatur, quae diritas</Unicode>
                </TextEquiv>
            </TextLine>
            <TextLine id="r2l26" custom="readingOrder {index:24;}">
                <Coords points="625,2024 1827,2006 2308,2053 2308,1992 2092,1954 625,1948"/>
                <Baseline points="636,1997 719,1998 802,2000 885,2000 968,2000 1051,1998 1134,1998 1217,1997 1300,1995 1383,1995 1467,1994 1550,1994 1633,1994 1716,1995 1799,1997 1882,2000 1965,2003 2048,2007 2131,2014 2214,2022 2298,2031"/>
                <TextEquiv>
                    <Unicode>ferina uocetur. At pugnacissime superbiam cum humilitate praeliari affirmamus,</Unicode>
                </TextEquiv>
            </TextLine>
            <TextLine id="r2l27" custom="readingOrder {index:25;}">
                <Coords points="625,2098 1638,2070 2299,2118 2315,2061 1828,2007 626,2020"/>
                <Baseline points="636,2063 719,2064 802,2064 886,2064 969,2064 1053,2063 1136,2063 1219,2061 1303,2061 1386,2060 1470,2060 1553,2060 1636,2060 1720,2061 1803,2064 1887,2067 1970,2070 2053,2075 2137,2081 2220,2088 2304,2097"/>
                <TextEquiv>
                    <Unicode>quae suopte uoluntario uento tenta, cum supra naturae suae modum efferatur, im¬</Unicode>
                </TextEquiv>
            </TextLine>
            <TextLine id="r2l28" custom="readingOrder {index:26;}">
                <Coords points="626,2167 2179,2164 2179,2120 1921,2081 626,2100"/>
                <Baseline points="636,2130 712,2130 789,2130 865,2129 942,2129 1019,2128 1095,2127 1172,2127 1249,2126 1325,2126 1402,2126 1479,2126 1555,2126 1632,2126 1709,2127 1785,2129 1862,2130 1939,2132 2015,2135 2092,2138 2169,2142"/>
                <TextEquiv>
                    <Unicode>moderatior est excellentiae cupiditas, ac caput scelerum omnium &amp; mare.</Unicode>
                </TextEquiv>
            </TextLine>
            <TextLine id="r2l29" custom="readingOrder {index:27;}">
                <Coords points="957,2207 1903,2218 1972,2214 1973,2156 958,2155"/>
                <Baseline points="968,2187 1017,2189 1067,2190 1117,2190 1166,2192 1216,2192 1266,2192 1315,2192 1365,2192 1415,2192 1465,2192 1514,2192 1564,2192 1614,2192 1663,2192 1713,2193 1763,2193 1812,2193 1862,2195 1912,2195 1962,2196"/>
                <TextEquiv>
                    <Unicode>TERTII SENTENTIARVM LIBRI FINIS</Unicode>
                </TextEquiv>
            </TextLine>
            <TextLine id="r2l30" custom="readingOrder {index:28;}">
                <Coords points="607,2275 2308,2317 2309,2241 839,2173 607,2208"/>
                <Baseline points="618,2256 702,2259 786,2259 870,2261 954,2261 1038,2259 1122,2259 1206,2259 1290,2258 1374,2258 1458,2258 1542,2258 1626,2258 1710,2259 1794,2261 1878,2264 1962,2267 2046,2271 2130,2278 2214,2284 2298,2292"/>
                <TextEquiv>
                    <Unicode>PAVLI CORTESII PROTONOTARII APOSPO</Unicode>
                </TextEquiv>
            </TextLine>
            <TextLine id="r2l31" custom="readingOrder {index:29;}">
                <Coords points="721,2356 1877,2334 2179,2371 2213,2291 721,2274"/>
                <Baseline points="731,2325 804,2325 878,2325 951,2325 1025,2325 1098,2325 1172,2325 1245,2324 1319,2324 1392,2324 1466,2324 1540,2324 1613,2325 1687,2325 1760,2327 1834,2329 1907,2331 1981,2334 2054,2337 2128,2342 2202,2346"/>
                <TextEquiv>
                    <Unicode>LICI IN QVARTVM SENTENTIARVM</Unicode>
                </TextEquiv>
            </TextLine>
            <TextLine id="r2l32" custom="readingOrder {index:30;}">
                <Coords points="860,2431 1879,2395 2055,2428 2087,2424 2088,2355 860,2345"/>
                <Baseline points="870,2387 930,2388 990,2390 1050,2390 1111,2390 1171,2391 1231,2390 1292,2390 1352,2390 1412,2390 1473,2390 1533,2390 1593,2390 1653,2390 1714,2391 1774,2391 1834,2393 1895,2396 1955,2397 2015,2400 2076,2403"/>
                <TextEquiv>
                    <Unicode>PROHOEMIVM AD IVLIVM SE</Unicode>
                </TextEquiv>
            </TextLine>
            <TextLine id="r2l33" custom="readingOrder {index:31;}">
                <Coords points="1028,2476 1915,2472 1915,2407 1882,2394 1831,2415 1029,2408"/>
                <Baseline points="1038,2454 1081,2454 1124,2454 1168,2454 1211,2454 1254,2454 1298,2454 1341,2454 1384,2454 1428,2456 1471,2456 1514,2456 1558,2456 1601,2456 1644,2457 1688,2457 1731,2457 1774,2459 1818,2460 1861,2461 1905,2462"/>
                <TextEquiv>
                    <Unicode>CVNDVM PONT. MAN.</Unicode>
                </TextEquiv>
            </TextLine>
            <TextLine id="r2l34" custom="readingOrder {index:32;}">
                <Coords points="1037,2569 1101,2531 1851,2536 2313,2584 2273,2507 2130,2480 1039,2483"/>
                <Baseline points="1049,2520 1111,2522 1174,2523 1237,2523 1299,2523 1362,2523 1425,2523 1487,2523 1550,2523 1613,2523 1676,2524 1738,2525 1801,2526 1864,2528 1926,2531 1989,2534 2052,2539 2114,2543 2177,2550 2240,2558 2303,2567"/>
                <TextEquiv>
                    <Unicode>Atefactum est superiore libro Pont. Max. quemadmodum</Unicode>
                </TextEquiv>
            </TextLine>
            <TextLine id="r2l35" custom="readingOrder {index:33;}">
                <Coords points="1040,2591 2298,2643 2300,2586 2038,2550 1042,2542"/>
                <Baseline points="1052,2586 1113,2588 1175,2589 1237,2589 1299,2589 1361,2591 1422,2591 1484,2591 1546,2591 1608,2591 1670,2591 1731,2592 1793,2593 1855,2595 1917,2597 1979,2600 2040,2604 2102,2609 2164,2614 2226,2622 2288,2630"/>
                <TextEquiv>
                    <Unicode>esset recentatoris Christi perpessione litatum factumque pro</Unicode>
                </TextEquiv>
            </TextLine>
            <TextLine id="r2l36" custom="readingOrder {index:34;}">
                <Coords points="1048,2670 1912,2674 2293,2717 2310,2646 1050,2598"/>
                <Baseline points="1058,2652 1120,2654 1182,2655 1244,2655 1306,2655 1368,2655 1430,2657 1492,2657 1554,2657 1616,2657 1678,2658 1740,2658 1802,2660 1864,2661 1926,2664 1988,2667 2050,2672 2112,2676 2174,2682 2236,2688 2298,2696"/>
                <TextEquiv>
                    <Unicode>humano genere satis, nunc autem sequitur, ut ea sacra perse</Unicode>
                </TextEquiv>
            </TextLine>
            <TextLine id="r2l37" custom="readingOrder {index:35;}">
                <Coords points="1045,2733 1875,2736 2305,2781 2275,2708 2135,2694 1046,2689"/>
                <Baseline points="1056,2718 1117,2720 1179,2721 1241,2723 1303,2723 1365,2723 1427,2723 1489,2723 1551,2723 1613,2723 1675,2724 1736,2724 1798,2726 1860,2727 1922,2729 1984,2732 2046,2736 2108,2741 2170,2746 2232,2754 2294,2762"/>
                <TextEquiv>
                    <Unicode>quamur, quibus hominum generi applicetur expiantis uirtus.</Unicode>
                </TextEquiv>
            </TextLine>
            <TextLine id="r2l38" custom="readingOrder {index:36;}">
                <Coords points="1042,2805 2296,2842 2260,2774 2029,2747 1044,2731"/>
                <Baseline points="1052,2784 1113,2786 1175,2787 1236,2787 1298,2787 1360,2789 1421,2789 1483,2789 1545,2789 1606,2789 1668,2790 1730,2790 1791,2792 1853,2793 1915,2796 1976,2798 2038,2802 2100,2807 2161,2812 2223,2819 2285,2826"/>
                <TextEquiv>
                    <Unicode>Nam cum insidenti tetroque malo uexarentur homines, con¬</Unicode>
                </TextEquiv>
            </TextLine>
            <TextLine id="r2l40" custom="readingOrder {index:37;}">
                <Coords points="1047,2866 1925,2871 2204,2914 2292,2905 2294,2842 1048,2805"/>
                <Baseline points="1058,2850 1119,2851 1180,2852 1241,2853 1302,2853 1364,2853 1425,2853 1486,2855 1547,2855 1608,2855 1670,2856 1731,2856 1792,2858 1853,2859 1914,2862 1976,2865 2037,2868 2098,2872 2159,2877 2220,2883 2282,2889"/>
                <TextEquiv>
                    <Unicode>sentaneum fuisse uideri poterat, ut ea sacrorum collyria adhi¬</Unicode>
                </TextEquiv>
            </TextLine>
            <TextLine id="line_1601218062880_1227" custom="readingOrder {index:38;}">
                <Coords points="1017,2935 2309,2970 2267,2902 2137,2885 1019,2861"/>
                <Baseline points="1029,2910 1090,2913 1157,2916 1224,2918 1291,2918 1358,2919 1425,2919 1492,2919 1559,2919 1627,2921 1694,2921 1761,2922 1828,2924 1895,2925 1962,2928 2029,2933 2096,2937 2163,2943 2230,2951 2298,2960"/>
                <TextEquiv>
                    <Unicode>berentur, quibus uniuersae aegritudinis euellerentur fibrae. Ex</Unicode>
                </TextEquiv>
            </TextLine>
            <TextLine id="r2l42" custom="readingOrder {index:39;}">
                <Coords points="602,2996 2299,3040 2300,2972 1830,2935 603,2952"/>
                <Baseline points="612,2984 695,2984 779,2985 863,2985 947,2985 1031,2985 1115,2984 1198,2984 1282,2984 1366,2984 1450,2984 1534,2985 1618,2987 1702,2988 1785,2990 1869,2993 1953,2997 2037,3001 2121,3006 2205,3014 2289,3021"/>
                <TextEquiv>
                    <Unicode>quo sane intelligi potest, quantum eiusmodi sacra, omnium gentium sacris praestare uideantur.</Unicode>
                </TextEquiv>
            </TextLine>
            <TextLine id="r2l43" custom="readingOrder {index:40;}">
                <Coords points="611,3064 2304,3107 2282,3043 1963,3008 612,3022"/>
                <Baseline points="621,3051 704,3051 788,3051 872,3050 955,3050 1039,3050 1123,3050 1206,3050 1290,3050 1374,3050 1458,3050 1541,3051 1625,3053 1709,3054 1792,3057 1876,3060 1960,3064 2043,3069 2127,3073 2211,3080 2295,3087"/>
                <TextEquiv>
                    <Unicode>nam ut barbarorum omnium dira sacra omittam, quid in Graecorum aut Romanorum sacris</Unicode>
                </TextEquiv>
            </TextLine>
            <TextLine id="r2l44" custom="readingOrder {index:41;}">
                <Coords points="604,3163 2302,3173 2303,3112 2215,3091 606,3064"/>
                <Baseline points="615,3117 698,3117 782,3117 866,3117 950,3117 1034,3117 1118,3117 1201,3117 1285,3117 1369,3117 1453,3119 1537,3119 1621,3120 1705,3122 1788,3125 1872,3128 1956,3131 2040,3135 2124,3141 2208,3146 2292,3153"/>
                <TextEquiv>
                    <Unicode>reperiri poterat, quod hominem aegrotationi mederetur: quae enim medicamenta hij afferre</Unicode>
                </TextEquiv>
            </TextLine>
            <TextEquiv>
                <Unicode>assectatrix est Virginitas, quae a graecis παρθεμία nominatur: Est enim haec illiba¬
tus flos, &amp; puritas ueneriae tabis expers, cum perpetua animi inductione caren¬
di quo in caelibatu sit ad contemplandum aptior Continentia uero est prauarum
cupiditatum repulsio. Sed claementia a mansuetudine sic differt, ut daementia sit
extenuatrix poenarum, mansuetudo uero irarum mitigatrix Modestia autem est
mediocritatum metatrix ex qua Humilitas oritur, quae cum sit sui gnara, animo 
fraenum adhibet, ne insolentius supra naturam suam tollatur Sed cum omnes (ut
ait Aristoteles) natura mirifice scire aueant, intelligendum est malagma quoddam
esse adhibendum, quo operosa sedulitas &amp; cognitionis appetitio leniatur, qua¬
rum alteram graeci ut diximus spudaeosin, alteram pragmosynam nominant. Ve¬
rum quot uirtutum genera numerantur, totidem uitiorum paria opponuntur, si
quidem parsimoniae bellum est naturale cum Gula, quae non modo gustus ob¬ 
sonatrix, sed etiam opsophaga intempestiua uocatur, haec enim tanquam sus foeta sto¬
lidam alacritatem, scurrilitatem, coenositatem, loquacitatem, mentisque caliginem gignit. 
atque etiam sobrietati est hostis &amp; inimica Ebrietas quae scelerum fex, ut in lancem 
alteram propendet, alias capitale, alias ignoscibile malum uideri potest sed maxi¬
me Luxuria praelium cum Castitate init, quae uaria armorum genera ad dimican¬
dum affert de quo genere a nostris fuse lateque disputatur. Quare iram cum man¬
suetudine, &amp; crudelitatem cum claementia pugnare dicimus. Iram enim uolumus
ulciscendi esse libidinem, quae iurgia, mentis tumultum, stomachationem &amp; peiera
tionem gignat. Crudelitatem uero in animaduertendo atrocitatem definimus. quae
hoc modo a saeuitia &amp; inmanitate dissideat, ut crudelitas non modo eius qui ple¬
ctitur culpam metiatur, sed etiam fines animaduertendi transeat saeuitia uero nul
lam culpam expendat, sed hominum cruciatu &amp; uexatione pascatur, quae diritas
ferina uocetur. At pugnacissime superbiam cum humilitate praeliari affirmamus,
quae suopte uoluntario uento tenta, cum supra naturae suae modum efferatur, im¬
moderatior est excellentiae cupiditas, ac caput scelerum omnium &amp; mare.
TERTII SENTENTIARVM LIBRI FINIS
PAVLI CORTESII PROTONOTARII APOSPO
LICI IN QVARTVM SENTENTIARVM
PROHOEMIVM AD IVLIVM SE
CVNDVM PONT. MAN.
Atefactum est superiore libro Pont. Max. quemadmodum
esset recentatoris Christi perpessione litatum factumque pro
humano genere satis, nunc autem sequitur, ut ea sacra perse
quamur, quibus hominum generi applicetur expiantis uirtus.
Nam cum insidenti tetroque malo uexarentur homines, con¬
sentaneum fuisse uideri poterat, ut ea sacrorum collyria adhi¬
berentur, quibus uniuersae aegritudinis euellerentur fibrae. Ex
quo sane intelligi potest, quantum eiusmodi sacra, omnium gentium sacris praestare uideantur.
nam ut barbarorum omnium dira sacra omittam, quid in Graecorum aut Romanorum sacris
reperiri poterat, quod hominem aegrotationi mederetur: quae enim medicamenta hij afferre</Unicode>
            </TextEquiv>
        </TextRegion>
    </Page>
</PcGts>
