2453 3827
649 341 2350 480 tete, si quem probum crederet, improbum cognouerit. Quo loco dicimus manci
648 440 2348 544 pia, ergastulaque uenalia, coniugio implicari nequire, proptereaque sponsaliorum
645 490 2350 631 ius, unum alteri ad aes alienum persoluendum astringit cum autem is qui astringitur
642 557 2359 678 nullo modo soluendo sit, perfacile intelligi potest, hac ignoratione proposita ius
646 631 2356 749 sponsaliorum dissolui. Eadem ratio est habenda uoti, in quo diuo Thomae uisum
650 697 2352 811 est, duplex esse uoti genus, unum simplex alterum, quod rite in sacerdotijs comi¬
637 761 2352 890 tijs a candidatis fiat. In quorum altero comnubium futurum, non obsignatum dissui,
635 820 2339 940 in altero utrumque dirimi opinatur, ubi magna est ei cum Scoto contentio. Quo cit
642 887 2341 1012 ca data est causa indagandi, an is qui rite in comitijs candidatus uouerit. Pont.
646 957 2345 1073 Max. recuperatoria uenia liberari possit, cuius quidem loci multa sunt a Petro Pa¬
649 1027 2338 1139 ludensi, a Durando, & Aureolo disputata neruosius maximeque eius quaestionis
633 1093 2333 1209 genus persequitur, ex theologorum omnium consurrectione notus Albertus, quem lo¬
641 1160 2334 1276 cum uberius complectemur, cum separatim de Pont. Max. potestate dicemus. Nunc
640 1218 2327 1336 autem uidendum est, qua nam propinquorum colligatione connubia impediri
634 1287 2329 1407 dicantur. Nihil est enim peruersius, & quod magis a ratione desciscat, quam filiam so¬
633 1352 2320 1467 ciam cum parente iugari, cui sit subiecta lege naturae quandoquidem ab eo uelut
636 1427 2329 1534 a seminario dimanet, ob eamque causam naturae lege, sunt parentum coniugia sub¬
634 1490 2323 1597 lata. At coelesti iure praescriptum est, nequa primi, aut secundi limitis necessitudo
631 1558 2318 1667 attingatur. idque ob eam causam factum est, ut libidinum occasio tollatur quando
629 1618 2322 1734 quidem eiusmodi propinquorum genus in contubernio uiuat, in quo lena insidia¬
631 1682 2315 1794 trix Venus, amatorumque uirus excitetur. Sed senatus consulto, tertia, quartaquam limi¬
626 1767 2319 1866 tum propinquitas, tamquam incesta adimitur propterea que usque eo arcte naturalis ne
621 1823 2315 1930 cessitudinis nexus obstringatur. At post eam necessitudinum decretam metam, li¬
615 1884 2306 1993 bera promiscua connubia, ad euanescentem amorem reuocandum fieri posse uoluit
621 1954 2321 2069 Eodemque prope modo de consobrinorum, sobrinorumque colligatione distinguitur.
617 2015 2299 2127 Atque huic etiam generi finitimus est de adoptione locus, cuius interuentu coniu¬
606 2081 2315 2202 gia impediri dicimus. Nihiloque secius de impuberibus, de amentibus, de ueneficijs,
617 2151 2312 2262 atque de incestis disputatur. Sed maxime hoc loco quaeritur, an in uxoria actione
609 2231 2312 2333 ob moechatum, uir uxori repudium remittere possit. Nostris autem placet septem
604 2296 2312 2390 excipi genera debere, quibus ob adulterij probrum, minime uxori repudium remit¬
610 2352 2306 2454 tere liceat. nam si uir pellicatus postuletur, aut si coniugem ad moechandum im¬
596 2416 2303 2518 pulerit, fieri nullo modo potest, quin uxori talio, actioque uxoria detur. Nec etiam
607 2482 2300 2582 quicquam est causae, cur uxori repudij mulcta irrogetur, si quando satis de uiri nece
596 2544 2298 2660 liquet, alteri nubant. ac ne illud quidem ei obfuerit, si uis illata sit, aut dolose uiri no¬
601 2623 2288 2723 mine attrectata fuerit nec multo sane secus agendum erit, si uir post probrum uxo
597 2682 2289 2788 rem attrectarit. Ex quo nihil est etiam cur modo de eorum genere dicatur, qui in
597 2746 2291 2844 haereseos coeno obsignatis sponsaliorum tabellis, uxoribus repudia remiserint. Co
591 2817 2289 2921 piose enim & cumulate haec nostri aperiunt. nam non modo de secubatione & cae
595 2882 2291 2981 libatu, sed etiamde aeris alieni persolutione, uberrime perquirunt, quando scilicet
580 2937 1552 3029 & quomodo aes dissolutum esse intelligatur.
