2453 3693
190 326 1842 432 ingenij egerent, nec in tanta claritate lippirent. Sed maxime in hoc genere uersa,
196 422 1854 496 tur, an resurrectio sit in mundi calce futura. In quo sane intelligi debet effectorem
183 479 1843 555 rerum deum, ita molitum esse mundum, ut uellet quodam ordine, a sublimiori¬
184 542 1853 624 bus, ualentioribusque corporibus inferiora, & crassiora regi. ex quo facile intellectu
186 611 1848 683 est inferiorum & concretorum corporum materiei, coeli meatus, uarietatem, & commutatio¬
190 675 1840 750 nem dominari. At contra naturam fieri diceretur, si mediante coeli motu eadem ma¬
189 741 1833 814 teria ad id perueniret, quod nullo modo extabesceret. ltaque ob eam causam uo
181 795 1837 867 lumus resurrectionis tempus ad mundi finem prorogatum iri, quo coeli comuersio
187 868 1835 934 meandi finem nanciscetur. Sed erit tamen negare necesse, praestitutam resurrectio¬
179 939 1831 1008 nis horam ullo modo sciri posse. Sed dubitari hoc loco potest, an cineribus huma
181 993 1820 1060 norum corporum, naturalis animae appetendae prodiuitas resideat. Quo in genere
184 1052 1833 1132 mea quidem sententia, intelligendum est, naturali procliuitati agentem naturae re¬
172 1117 1828 1186 spondere quandoquidem haud quaquam natura rerum necessitati desit. At cum ci¬
177 1182 1822 1258 neres nullo naturae agente, rursum animae copulari possint, in promptu esse de¬
181 1241 1824 1320 bet, nullam his naturalem animae appetendae prodiuitatem dari. Quanquam maxi
179 1309 1824 1382 ma oritur apud doctorum hominum studia certatio, num anima in reuiuiscendo
172 1364 1822 1456 idem numero sit susceptura corpus. Multi enim philolophorum qui diu in hac con
164 1433 1818 1513 gitatione syncipita contraxerant, animam quidem corpore uacantem, rursum cor
178 1498 1813 1574 pori annecti uoluerunt. Sed dum annectendi modum exquirebant, teterrime ce
172 1575 1822 1649 ciderunt propterea que animam naturae ortu rursum corpori copulari censebant,
170 1624 1826 1712 Atque ut aliquid etiam noui appingerent, eam non in idem quod exuerant, sed in
159 1699 1810 1772 aliud corpus immigrare censebant, quod modo idem, modo esset specie dissimi¬
156 1753 1812 1838 se. Nam sui dissimillimis tum animam copulari dicebant, cum turpissime extra ra¬
157 1819 1819 1897 tam resurrectionis mensionem uitae stipendia confecerant ob eamque causam ex
165 1882 1821 1977 cessu uitae ex corpore humano in earum pecudum corpora tranfferri, quarum essent,
169 1949 1810 2030 uitam in corporibus imitati . itaque quosdam ob perditam libidinem canum corpora
168 2010 1818 2090 induere quosdam ob latrocinia & fraudes in luporum, aut uulpium corporam mi¬
160 2085 1822 2157 grare. At qui sese a uitijs seuocauissent, ob eamquam rem cum e corpore excessissent,
161 2150 1823 2228 aliquid foelicitatis adipiscerentur, tum his ad sui simillimos regressum patere, ac
160 2198 1807 2300 rursum humano corpori agglutinari censebant. Quod quidem malum plura capi
164 2266 1819 2342 ta, quam Hydra nanciscitur, quorum e multis, unum in animae copulatione alterum in
157 2323 1817 2413 sensus, intelligentiaeque dissidio consistit siquidem animam haud quidem corpori, ut
160 2391 1803 2476 materiae formam, sed ut naui nautam annecti uolebant nec intelligentiam a sensu
162 2454 1808 2536 nisi ex aduentitio distare opinabantur, ut si diceret hominem inter caetera animan¬
153 2518 1811 2610 tia intelligentiae praestantia excellere, proptereaque is ob praeclarum corporis habi¬
148 2587 1812 2666 tum, uim sensilem maiorem nancisceret, quo constituto animam posse dicebant in
159 2651 1811 2732 quaedam pecudum corpora migrare . idque ex commutatione animae humanae in fe
144 2712 1804 2791 rinam naturam accidere. Quorum arida & ieiuna ratio cum satis sit ab Aristotele
157 2766 1799 2864 repulsa, nihil attinet modo ut in eos theologica sica exacuatur. Sed dicendum est
147 2845 1805 2926 potius animas ijsdem numero corporibus, quibus excesserint copulatum iri quan
151 2914 1820 2994 doquidem animae ad ea corpora suapte natura ferantur, quibus animalem uitam¬
148 2962 1833 3074 infuderunt. Ex quo praedare Auicenna ait animam quae corpori cuipiam inesse,
