2453 3824
631 374 2321 486 tura Eodemque modo si hominum intelligentia nondum primam naturae causam
628 448 2319 553 attigisse dicatur, intelligi maxime potest, naturalem ei appetitionem residere in¬
632 518 2318 621 dagandae causae, nec dum eam esse complexu bonorum absolutam, ex quo quidem
635 577 2322 689 constare inter sanos debet, necesse esse, ut in absoluto complexu bonorum, ab in¬
630 657 2321 757 telligentia primae causae natura attingatur. Quo sane loco tam multa de omni
621 713 2327 821 foelicium statu, deque muneribus coronisque eorum a nostris sunt disputata diuini
620 780 2245 868 tus, ut longius mens humana sine patefactione diuina progredi non possit.
915 906 1957 994 DE POENIS DAMNATORVM.
970 978 1960 1057 DISTINCTIO VNDECIMA
883 1039 2328 1156 Ed ut nihil instituto operi deesse uideatur, de his dicedum erit quae
890 1112 2317 1212 maxime ad profligatos, perditosque reos pertineant. ltaque primo ui¬
887 1176 2321 1281 dendum est, an anima corpore uacans, corporeo igne torreri possit. In
883 1218 2311 1348 eiusmodi quaestione diuo Thomae animam a corpore secretam cor
625 1311 2311 1412 poreo igne uexari posse placet. Cuius quidem sententiae subito accurrit Duran¬
622 1380 2312 1468 dus, affirmans facile eam sententiam probari posse, si modo anima inloco suapte
617 1443 2318 1542 natura esse dicatur, cum diuinitus relegentur loco, quamquam nondum satis sibi liquere di¬
625 1511 2299 1612 cat, quonam modo retinendi uis in ultori illo igne resideat. ltaque dum cuiusmo¬
632 1572 2312 1667 di solet, similitudines in disserendo colligit, in id concludendi genus remigrat, ut
622 1639 2306 1747 fieri minime posse uelit, quin dicatur sententia illa Aquinatea falsa. Contra quem
625 1708 2302 1805 bene frugi theologus Petrus Paludensis diuo Thomae patrocinium suscipere co¬
622 1769 2311 1881 natur Atque etiam multi quasi aliquid acrius ex philolophorum amne expiscari ui
626 1837 2308 1938 deantur, quamquam animam a corporeo igne torreri negent, ab ea tamen uindicem
625 1900 2303 2002 ignem tanquam noxium rapi uolunt, in illiusque complexu eam luctu, tetraque formidi¬
617 1974 2305 2067 ne uexari. In quo non sentiunt, si hoc eis concedatur, spectatu uideri, non uerum esse
614 2038 2298 2144 animae perpessum. Quare plaerique Arabeo adipe peruncti, haud quidem in igne,
623 2102 2305 2202 sed in ademptione optati boni, animae perpessum esse uoluerunt, quod quale sit,
616 2164 2308 2266 quiuis e phuolophorum plaebe cognoscere potest. Quorundam autem opinio est nul
622 2241 2297 2330 lo modo ui rapacis igneae naturae animam corpore uacantem perpeti, sed eam qua¬
617 2306 2290 2398 tenus ignis dei instrumentum dicatur, patiendi necessitate affici idque uario simi¬
614 2373 2300 2470 litudinum genere confirmant. Nam multa ui principis agentis actione nasci di¬
613 2444 2305 2538 cunt, quae illis minime quoquo uersum congruant, ut praeclare in naturae calore cer
604 2500 2305 2599 nere licet, qui animae ui alimenta in membrorum incrementum uertit Atque etiam a
613 2562 2297 2663 coeli orbibus, cum anima uacent, ui tamen agitantium coelitum uitam inferius gi
612 2642 2296 2727 gni dicunt, ut ex his facile intelligi potest, quae tabe liquefacta gignuntur. Nec id
613 2709 2291 2792 multo etiam minus in operibus artium nostrarum sciri posse, ut maxime in malleo, uel
612 2764 2290 2856 ferra, aut in eiusmodi genere perspicitur, quae sint tundendi, aut fecandi omnino
614 2828 2294 2925 expertia, nisi uis ab agitante opifice adhibeatur. Nonulli etiam uim quandam spiritus
607 2895 2291 3003 supra naturae complexum ultori illi igni insitam esse putant, qua maxime animae uexentur, qua
614 2955 2287 3050 quidem sententia praeclare est ab imis fibris a Riccardo reuulsa. Nos autem his explosis sen
604 3026 2286 3116 tentis multo uerius dicemus, ignis esse, spiritui tamquam loco collocatum copulari. at quatenus
614 3097 2300 3188 funestus ille ignis dei instrumentum dicatur, insitum illi esse affirmamus, spiritum quodammodo
