1000 1385
314 89 923 142 Vnde satis adparet Solomonem, non de
303 143 917 184 suae cuiusque conscientiae iudicio, sed de ra¬
305 179 918 228 tione discenendi pios ab impiis, extrinse¬
311 217 919 274 cus, & ab aliis, loqui. Quod in latinis legi¬
310 261 924 305 tur, omnia in futurum seruantur. additum
312 306 924 358 uidetur ab interprete declarandi gratia. Nec
309 348 920 389 in Hebraeis, quod sciam, nec in graecis codi
311 387 915 432 cibus extat. Sed haec longiorem alicubi dispu
309 436 923 474 tationem desiderant. Certissima sententia
308 468 913 522 esto oportere nos certissimos semper esse,
310 507 919 556 de remissioe peccati, de beneuolentia dei er
310 557 912 602 ga nos qui iustificati sumus. ldeoque sacrame
303 595 911 641 ta seu signa misericordiae dei, promissioni¬
307 635 910 693 bus sunt addita, ut postea dicam, quae cer¬
300 680 914 721 tissime testarentur nobis contigisse beneuo
297 718 917 763 lentiam dei, ut, certus est foenerator, se ab eo
299 757 918 813 pecuniam adcepturum, cuius consignatum
303 810 916 851 &urπγραφoή ea de re habet. Ita ut certi sunt
301 844 908 891 Christiani condonari sibi peccata, signa,
298 884 921 943 baptismus, & participatio mensae domini,
300 928 916 981 promissionibs &απγραφαis Christi sunt ad
306 966 913 1021 dita. Et norunt quidem fide sancti certissime, se
300 1016 915 1068 esse in gratia, sibi condonata esse peccata.
303 1051 912 1121 Non enim fallit deus, qui pollicitus est se con¬
