1000 1385
80 92 697 159 donaturum peccata credentibus, tametsi in
84 141 524 196 certi sint, an perseueraturi sint.
124 180 695 229 Hactenus dixi, oportere certos esse nos
80 223 691 269 de beneuolentia dei erga nos. Quid autem
86 266 695 324 de operibus dei in nobis ipsis, scire ne possu
86 307 679 363 mus, an spiritum dei conceperimus in pe¬
83 348 688 404 ctore nostro? Respondeo, fructus spiritus
79 391 682 443 sancti testantur nobis, que in pectore nostro
77 431 690 491 uersetur. Ad Cala. v. Qui Christi sunt, car¬
83 477 693 532 nem crucifixerunt &c, Sentit autem quisque, ue
87 524 681 565 re ne & ab animo oderit & abominetur pec¬
86 555 697 614 catum. Nam id est crucifigere canem. Sen¬
86 597 689 642 tit quisque, num timeat deum, num credat deo.
78 638 685 699 Emula quidem hypocrisis est spiritus dei,
81 680 687 740 sed tentatio discernit, ubi soli fideles perdu
81 725 690 774 rant. Iam & ne potest quidem odisse uicia
78 766 692 809 hypocrisis. Qualis qualis autem uidere tibi
80 817 691 859 uide omnium primum, ut credas. Vult em glo
77 855 695 890 riam ueritatis sibi deus tribui. Conferamus
80 898 693 948 autem totam hanc disputationem de lege, Euam
79 930 537 982 gelio, ac fide, in aliquot capita.
121 973 706 1024 Eex doctrina est, quae facienda, & omit.
79 1016 329 1070 tenda praescribit.
115 1054 707 1115 Euangelium est promissio gratiae dei.
