1000 1385
308 79 922 148 ⁋ Eex impossibilia exigit, Amorem dei, ac
315 128 670 185 proximi, ad Roma. viii.
308 169 931 222 ⁋ Qui lege, per uires naturae seu libeti arbi
315 211 920 260 trii exprimere conantur, externa tantum opera
313 259 925 307 simulant, adfectus quos exigit lex non expri
330 297 920 348 ⁋ Eegi igitur non satisfaciunt, sed sunt cmunt
315 334 919 390 hypocritae, sepulchra extrinsecus dealbata,
316 385 930 433 ut Christs uocat. Et ad Cala. iii. Qui ex ope
319 418 829 471 ribus legis sunt, sub maledicto sunt,
332 468 842 515 ⁋Ergo non est legis opus, iustificare.
328 504 925 552 ⁋Sed legis proprium opus est, ostendere
317 546 920 599 peccatum, adeoque confundere conscientiam.
317 583 868 646 Ad Ro. iii, Per legem cognitio peccati.
343 630 920 687 IConscientiae agnoscenti peccatum, & con¬
315 669 927 723 fusae per lege, Euangelium ostendit Christum.
334 714 929 772 ⁋ Sic Iohannes cum poenitentiam praedicat,
325 752 935 814 umul ostendit Christum. Ecce agnus dei,
322 794 817 852 qui tollit peccata mundi. Iohan. i.
319 807 931 887 ⁋ Fides, qua creditur Euangelio ostendenti
319 884 933 924 Christum, qua Christus accipitur pro eo qui
327 921 933 975 placarit patrem, per quem gratia donetur, est
324 966 938 1013 iustitia nostra. Iohanti. Quotquot recepe¬
325 1008 894 1058 runt eum dedit eis potestatem filios dei fieri.
308 1043 935 1106 ⁋ Siquidem ea sola fides iustificat, merito¬
