1000 1385
306 113 917 176 ut suscitet te sibi in populum, & ipse sit do¬
308 158 922 212 minus tuus, sicut locutus est tibi &c. Contra
305 211 916 255 nouum testamentum, non aliud est, nisi bono
308 245 917 300 rum omnium promissio citra legem, nullo
311 287 918 341 iusticiarum nostrarum respectu. Veteri testa¬
305 328 915 382 mento promittebantur bona, sed simul exi¬
309 372 914 429 gebatur a populo legis impletio. Nouo, pro¬
303 411 916 465 mittuntur bona citra conditionem, cum nihil
304 464 918 510 a nobis uicissim exigatur. Atque hic uides quae
306 494 922 547 sit amplitudo gratiae, quae sit misericordiae
308 542 920 585 diuinae prodigalitas. Preuiter quae sit Euan
305 584 917 640 gelii gloria, cum gratis, nullo nostrae iusticiae,
306 622 911 665 nostrorum operum respectu salutem donat.
310 659 915 722 An non exclamet de tanta profusione gra¬
306 704 915 755 tiae pectus humanum? Quis credat fuic au¬
311 745 924 798 ditui. Atque hoc discrimen ueteris ac noui te¬
308 787 925 834 stamenti Hieremias cap. xxxi. indicat. Qd
309 834 922 886 ut cognosci certius possit, de abrogatione
307 870 625 925 legis disserendum est.
340 905 915 961 Et cum legis tres partes sint, exequamur
310 953 915 1006 quatenus singulae sint abrogatae. praesertim
304 999 911 1051 cum non uideantur eodem antiquatae modo.,
313 1037 917 1085 Et consensus scriptorum obtinuit iudicia¬
304 1084 916 1136 lia & cerimonialia exoleuisse. Moralia no¬
