<?xml version="1.0" encoding="UTF-8" standalone="yes"?>
<PcGts xmlns="http://schema.primaresearch.org/PAGE/gts/pagecontent/2013-07-15" xmlns:xsi="http://www.w3.org/2001/XMLSchema-instance" xsi:schemaLocation="http://schema.primaresearch.org/PAGE/gts/pagecontent/2013-07-15 http://schema.primaresearch.org/PAGE/gts/pagecontent/2013-07-15/pagecontent.xsd">
    <Metadata>
        <Creator>prov=University of Rostock/Institute of Mathematics/CITlab|PLANET AI GmbH/Gundram Leifert/gundram.leifert@planet-ai.de:name=cod-8jWitP-m2(htr_id=28337)::::v=2.6.7
prov=University of Rostock/Institute of Mathematics/CITlab|PLANET AI GmbH/Tobias Gruening/tobias.gruening@planet-ai.de:name=de.uros.citlab.module.baseline2polygon.B2PSeamMultiOriented:v=2.6.7
prov=University of Rostock/Institute of Mathematics/CITlab|PLANET AI GmbH/Tobias Gruening/tobias.gruening@planet-ai.de:name=/net_tf/LA73_249_0mod360.pb:de.uros.citlab.segmentation.CITlab_LA_ML:v=2.6.6
Transkribus</Creator>
        <Created>2020-11-27T19:42:21.851+01:00</Created>
        <LastChange>2020-12-03T01:46:23.202+01:00</LastChange>
        <TranskribusMetadata docId="545733" pageId="22844920" pageNr="217" tsid="49971430" status="IN_PROGRESS" userId="25065" imgUrl="https://files.transkribus.eu/Get?id=ABUVOBBOASDGLLGPHZFBGCNY&amp;fileType=view" xmlUrl="https://files.transkribus.eu/Get?id=IVOVRRAGALZSLIPLHVTSVCLH" imageId="17813899"/>
    </Metadata>
    <Page imageFilename="216.jpg" imageWidth="1000" imageHeight="1385">
        <ReadingOrder>
            <OrderedGroup id="ro_1606957337601" caption="Regions reading order">
                <RegionRefIndexed index="0" regionRef="r1"/>
            </OrderedGroup>
        </ReadingOrder>
        <TextRegion orientation="0.0" id="r1" custom="readingOrder {index:0;}">
            <Coords points="85,122 85,1156 698,1156 698,122"/>
            <TextLine id="r1l1" custom="readingOrder {index:0;}">
                <Coords points="80,164 125,148 702,161 702,118 685,114 493,119 423,101 80,117"/>
                <Baseline points="85,146 115,145 146,144 176,143 207,143 238,142 268,142 299,142 329,142 360,142 391,142 421,142 452,142 482,142 513,143 544,143 574,143 605,144 635,145 666,145 697,146"/>
                <TextEquiv>
                    <Unicode>uata esse. Nos de moralibs primum dicemus.</Unicode>
                </TextEquiv>
            </TextLine>
            <TextLine id="r1l2" custom="readingOrder {index:1;}">
                <Coords points="118,192 165,209 209,190 693,198 693,162 118,157"/>
                <Baseline points="123,185 151,185 179,185 207,185 236,185 264,185 292,185 320,185 349,185 377,185 405,185 433,185 462,185 490,185 518,185 546,185 575,185 603,185 631,186 659,186 688,186"/>
                <TextEquiv>
                    <Unicode>Esse antiquata nouo testamento partem</Unicode>
                </TextEquiv>
            </TextLine>
            <TextLine id="r1l3" custom="readingOrder {index:2;}">
                <Coords points="87,234 701,240 701,206 676,200 317,208 216,191 170,212 87,189"/>
                <Baseline points="92,229 122,228 152,228 182,228 212,227 243,227 273,227 303,227 333,227 363,227 394,227 424,227 454,227 484,227 514,227 545,227 575,227 605,228 635,228 665,228 696,228"/>
                <TextEquiv>
                    <Unicode>legis, quam decalogum, seu praecepta mora</Unicode>
                </TextEquiv>
            </TextLine>
            <TextLine id="r1l4" custom="readingOrder {index:3;}">
                <Coords points="85,275 700,282 681,241 85,237"/>
                <Baseline points="90,270 120,269 150,268 180,268 211,268 241,268 271,267 301,268 332,268 362,268 392,268 422,268 453,269 483,269 513,269 543,269 574,270 604,270 634,270 664,270 695,271"/>
                <TextEquiv>
                    <Unicode>lia uocant. Primum hoc probat, quod ex</Unicode>
                </TextEquiv>
            </TextLine>
            <TextLine id="r1l5" custom="readingOrder {index:4;}">
                <Coords points="80,319 696,320 696,289 660,281 359,274 246,291 80,272"/>
                <Baseline points="85,311 115,311 145,310 175,310 206,310 236,310 266,310 297,309 327,309 357,310 388,310 418,310 448,310 478,310 509,310 539,310 569,310 600,310 630,310 660,310 691,310"/>
                <TextEquiv>
                    <Unicode>Hieremia relatum est in Epistolam ad He¬</Unicode>
                </TextEquiv>
            </TextLine>
            <TextLine id="r1l6" custom="readingOrder {index:5;}">
                <Coords points="87,372 277,355 692,367 692,331 636,324 87,321"/>
                <Baseline points="92,353 121,353 151,353 181,352 211,352 240,352 270,352 300,352 330,352 359,352 389,352 419,352 449,352 478,352 508,352 538,352 568,352 597,353 627,353 657,353 687,353"/>
                <TextEquiv>
                    <Unicode>braeos, ubi caussatur propheta, ideo abro¬</Unicode>
                </TextEquiv>
            </TextLine>
            <TextLine id="r1l7" custom="readingOrder {index:6;}">
                <Coords points="90,414 237,396 456,416 578,399 688,410 688,376 637,363 91,370"/>
                <Baseline points="95,395 124,395 153,394 183,394 212,394 242,394 271,394 300,394 330,394 359,394 389,394 418,394 447,394 477,394 506,394 536,395 565,395 594,395 624,395 653,395 683,395"/>
                <TextEquiv>
                    <Unicode>gandam esse legem diuinitus, que irritam fece</Unicode>
                </TextEquiv>
            </TextLine>
            <TextLine id="r1l8" custom="readingOrder {index:7;}">
                <Coords points="93,453 279,437 388,456 441,439 554,457 701,445 686,408 93,411"/>
                <Baseline points="98,435 127,435 157,435 187,435 217,435 247,435 277,435 307,435 337,435 367,435 397,435 426,435 456,435 486,435 516,435 546,435 576,435 606,436 636,436 666,437 696,437"/>
                <TextEquiv>
                    <Unicode>rit populus. Non autem in cerimonias tantum</Unicode>
                </TextEquiv>
            </TextLine>
            <TextLine id="r1l9" custom="readingOrder {index:8;}">
                <Coords points="89,497 161,481 641,497 703,490 703,450 89,455"/>
                <Baseline points="94,476 124,477 154,477 184,477 214,478 245,478 275,478 305,478 335,477 365,477 396,477 426,477 456,477 486,477 516,477 547,477 577,477 607,478 637,478 667,479 698,479"/>
                <TextEquiv>
                    <Unicode>peccauit Israel, sed in decalogum summam</Unicode>
                </TextEquiv>
            </TextLine>
            <TextLine id="r1l10" custom="readingOrder {index:9;}">
                <Coords points="91,532 698,532 698,501 672,492 91,497"/>
                <Baseline points="96,520 125,519 155,519 185,518 215,518 245,518 275,518 304,518 334,518 364,518 394,518 424,519 454,519 484,519 513,519 543,520 573,520 603,520 633,520 663,521 693,521"/>
                <TextEquiv>
                    <Unicode>potius legis partem, ut uocat Christus in</Unicode>
                </TextEquiv>
            </TextLine>
            <TextLine id="r1l11" custom="readingOrder {index:10;}">
                <Coords points="84,577 696,569 689,529 637,544 84,530"/>
                <Baseline points="89,561 119,560 149,560 179,560 209,560 239,560 269,560 299,560 329,560 359,560 390,560 420,560 450,560 480,560 510,561 540,561 570,561 600,561 630,562 660,562 691,563"/>
                <TextEquiv>
                    <Unicode>Euangelio. Item cum propheta nouum pactum</Unicode>
                </TextEquiv>
            </TextLine>
            <TextLine id="r1l12" custom="readingOrder {index:11;}">
                <Coords points="84,615 693,616 693,578 84,577"/>
                <Baseline points="89,604 120,603 152,602 183,602 215,601 246,601 278,601 309,600 341,600 372,600 404,600 435,600 467,600 498,601 530,601 561,602 593,603 624,604 656,605 688,607"/>
                <TextEquiv>
                    <Unicode>appellat Euangelium, antiquari sentit uetus, </Unicode>
                </TextEquiv>
            </TextLine>
            <TextLine id="r1l13" custom="readingOrder {index:12;}">
                <Coords points="85,659 346,646 671,664 690,655 690,618 85,621"/>
                <Baseline points="90,645 119,644 149,644 179,643 209,643 238,643 268,643 298,643 328,643 357,643 387,643 417,643 447,643 476,643 506,644 536,644 566,644 595,645 625,645 655,645 685,646"/>
                <TextEquiv>
                    <Unicode>ut auctor Epistolae ad Hebreos argumenta¬</Unicode>
                </TextEquiv>
            </TextLine>
            <TextLine id="r1l14" custom="readingOrder {index:13;}">
                <Coords points="85,693 628,692 695,708 685,660 85,659"/>
                <Baseline points="90,685 120,685 150,685 180,685 210,685 240,685 270,685 300,685 330,685 360,685 390,685 420,685 450,685 480,685 510,686 540,686 570,686 600,687 630,687 660,687 690,688"/>
                <TextEquiv>
                    <Unicode>tur, dicens, nouum ueterauit prius. Ad He¬</Unicode>
                </TextEquiv>
            </TextLine>
            <TextLine id="r1l15" custom="readingOrder {index:14;}">
                <Coords points="90,740 353,730 624,750 698,735 698,710 647,697 90,699"/>
                <Baseline points="95,726 124,726 154,726 184,726 214,726 244,726 274,726 304,726 334,726 364,726 394,726 423,726 453,726 483,726 513,727 543,727 573,727 603,728 633,729 663,730 693,731"/>
                <TextEquiv>
                    <Unicode>bre. viii. &amp; ad Timoth. i. Iusto non est lex</Unicode>
                </TextEquiv>
            </TextLine>
            <TextLine id="r1l16" custom="readingOrder {index:15;}">
                <Coords points="90,782 203,770 441,787 472,773 655,789 690,773 690,737 90,740"/>
                <Baseline points="95,768 124,768 154,767 183,767 213,767 242,767 272,767 301,767 331,768 360,768 390,768 419,768 449,768 478,768 508,769 537,769 567,769 596,769 626,770 655,770 685,770"/>
                <TextEquiv>
                    <Unicode>posita. Hoc genus multa sunt, &amp; in Roma¬</Unicode>
                </TextEquiv>
            </TextLine>
            <TextLine id="r1l17" custom="readingOrder {index:16;}">
                <Coords points="85,825 200,811 643,831 701,823 701,788 476,774 304,789 226,772 85,789"/>
                <Baseline points="90,809 120,809 150,809 180,809 211,809 241,808 271,808 302,808 332,808 362,808 393,808 423,809 453,809 483,809 514,809 544,810 574,811 605,811 635,812 665,813 696,814"/>
                <TextEquiv>
                    <Unicode>nis &amp; in Calatis, libertatis testimonia. Quis</Unicode>
                </TextEquiv>
            </TextLine>
            <TextLine id="r1l18" custom="readingOrder {index:17;}">
                <Coords points="83,862 690,863 690,828 574,820 83,825"/>
                <Baseline points="88,850 117,850 147,851 177,851 207,851 237,851 267,851 296,851 326,851 356,851 386,851 416,851 446,851 476,851 505,852 535,852 565,853 595,853 625,854 655,855 685,856"/>
                <TextEquiv>
                    <Unicode>erum ignorat uulgatam ex Calatis sententians</Unicode>
                </TextEquiv>
            </TextLine>
            <TextLine id="r1l19" custom="readingOrder {index:18;}">
                <Coords points="85,909 358,897 412,916 461,898 695,913 688,865 249,876 85,861"/>
                <Baseline points="90,893 120,893 150,893 180,892 210,892 240,892 270,892 300,892 330,892 360,892 390,893 420,893 450,893 480,893 510,893 540,894 570,894 600,894 630,895 660,895 690,896"/>
                <TextEquiv>
                    <Unicode>Eiberi estis, ueruntamen ne detis libertatem</Unicode>
                </TextEquiv>
            </TextLine>
            <TextLine id="r1l20" custom="readingOrder {index:19;}">
                <Coords points="86,943 689,945 681,909 185,916 156,899 86,913"/>
                <Baseline points="91,934 120,934 150,935 179,935 209,935 239,935 268,935 298,934 328,934 357,934 387,934 417,934 446,934 476,934 506,935 535,935 565,935 595,936 624,936 654,937 684,938"/>
                <TextEquiv>
                    <Unicode>occasionem cami. Immo &amp; uilissima fuerit</Unicode>
                </TextEquiv>
            </TextLine>
            <TextLine id="r1l21" custom="readingOrder {index:20;}">
                <Coords points="90,986 690,992 680,947 90,944"/>
                <Baseline points="95,975 124,975 154,975 183,975 213,976 242,976 272,976 301,976 331,976 360,976 390,977 419,977 449,977 478,977 508,978 537,978 567,978 596,979 626,979 655,979 685,980"/>
                <TextEquiv>
                    <Unicode>libertas Christiana, &amp; plus quam seruitus, si</Unicode>
                </TextEquiv>
            </TextLine>
            <TextLine id="r1l22" custom="readingOrder {index:21;}">
                <Coords points="85,1024 697,1035 687,991 417,1001 383,983 164,1002 85,986"/>
                <Baseline points="90,1018 120,1017 150,1017 180,1017 210,1017 240,1017 270,1017 300,1018 330,1018 360,1018 391,1018 421,1018 451,1018 481,1019 511,1019 541,1019 571,1020 601,1020 631,1020 661,1021 692,1021"/>
                <TextEquiv>
                    <Unicode>solas cerimonias tollat, partem legis omnium</Unicode>
                </TextEquiv>
            </TextLine>
            <TextLine id="r1l23" custom="readingOrder {index:22;}">
                <Coords points="88,1063 691,1080 682,1037 88,1029"/>
                <Baseline points="93,1059 122,1060 152,1060 181,1060 211,1060 241,1060 270,1060 300,1060 330,1060 359,1060 389,1060 419,1060 448,1060 478,1060 508,1060 537,1061 567,1061 597,1061 626,1062 656,1062 686,1063"/>
                <TextEquiv>
                    <Unicode>facilime ferendam. Quis enim non pecus</Unicode>
                </TextEquiv>
            </TextLine>
            <TextLine id="r1l24" custom="readingOrder {index:23;}">
                <Coords points="91,1119 173,1106 429,1126 546,1108 701,1126 701,1080 677,1077 519,1070 444,1090 411,1075 175,1080 148,1063 91,1079"/>
                <Baseline points="96,1104 126,1103 156,1103 186,1103 216,1103 246,1102 276,1102 306,1102 336,1102 366,1102 396,1102 426,1103 456,1103 486,1103 516,1104 546,1104 576,1105 606,1105 636,1106 666,1107 696,1108"/>
                <TextEquiv>
                    <Unicode>mactet, minore negotio, quam irae, amori,</Unicode>
                </TextEquiv>
            </TextLine>
            <TextEquiv>
                <Unicode>uata esse. Nos de moralibs primum dicemus.
Esse antiquata nouo testamento partem
legis, quam decalogum, seu praecepta mora
lia uocant. Primum hoc probat, quod ex
Hieremia relatum est in Epistolam ad He¬
braeos, ubi caussatur propheta, ideo abro¬
gandam esse legem diuinitus, que irritam fece
rit populus. Non autem in cerimonias tantum
peccauit Israel, sed in decalogum summam
potius legis partem, ut uocat Christus in
Euangelio. Item cum propheta nouum pactum
appellat Euangelium, antiquari sentit uetus, 
ut auctor Epistolae ad Hebreos argumenta¬
tur, dicens, nouum ueterauit prius. Ad He¬
bre. viii. &amp; ad Timoth. i. Iusto non est lex
posita. Hoc genus multa sunt, &amp; in Roma¬
nis &amp; in Calatis, libertatis testimonia. Quis
erum ignorat uulgatam ex Calatis sententians
Eiberi estis, ueruntamen ne detis libertatem
occasionem cami. Immo &amp; uilissima fuerit
libertas Christiana, &amp; plus quam seruitus, si
solas cerimonias tollat, partem legis omnium
facilime ferendam. Quis enim non pecus
mactet, minore negotio, quam irae, amori,</Unicode>
            </TextEquiv>
        </TextRegion>
    </Page>
</PcGts>
