1000 1385
337 121 955 171 aut similibus cupiditatibus impetet. Nece¬
331 169 948 221 sse est itaque fateri decalogum etiam antiqua
341 202 485 251 tum esse.
373 228 945 299 Eicebit igitur quiduis, necare insontes,
337 288 946 336 peierare &c? Eadem quaestio apud Paulum est
328 334 946 379 Roma. vi. cum inquit. Siquidem non sumus
334 373 939 415 sub lege, peccabimus ergo? Est autem liber¬
331 409 944 471 tas in eo, quod ius omne legi ereptum est ad
330 456 948 508 cusandi, ac damnandi nos. Maledicit lex
331 501 943 544 eos qui non uniuersam lege semel absolue¬
325 535 940 585 rint. At uniuersa lex nonne summum amorem
328 581 933 626 erga deum, uehementissimum metum dei exi¬
330 619 929 672 git? a quibus cum tota natura sit alienissi¬
328 664 932 715 ma, ut maxime pulcherrimum pharisaismum
328 704 937 755 praestemus, maledictionis tamem rei sumus.
325 748 941 793 Eam maledictionem legis, id ius legis sustulit
330 789 936 844 Christus, ut quanquam peccauens, quanquam
325 830 938 871 iam nunc peccatum habeas, est em utendum
325 870 943 919 sermone scripturae, tamen saluus es. Vim
323 914 938 956 mortis, uim prccati, portas inferi Sanso no
324 954 939 1002 ster effregit. Hoc illud est quod ad Calatas
326 1000 930 1041 Paulus scribit. Christus nos redemit de ma
304 1046 937 1093 ledicto legis, factus pro nobis maledictum.
