1000 1385
86 114 701 162 Item, Vbi uenit plenitudo temporis, misit
89 167 705 204 deus filium suum, factum ex muliere, factum
85 206 702 248 sub lege, ut eos, qui sub lege erant, redime¬
98 255 700 293 ret. Et Roma. vi. Peccatum uobis non do¬
86 284 705 333 minabitur. Non enim sub lege estis, sed sub
91 328 698 378 gratia. Atque haec securitas est, quam adeo ple¬
90 370 693 417 no ore, nusquam non celebrant prophetae.
92 413 696 457 nulla non potentia legis superiores esse eos,
90 453 699 501 qui sunt in Christo, hoc est, tametsi pecca
86 497 700 548 ris, tametsi habeas peccatum, damnari non
90 539 701 583 posse. Iuxta illud, Absorpta est mors in ui¬
87 579 700 620 ctoria, ubi est mors uictoria tuat? &c. Haec
85 620 704 675 inculcari Christianis debebant cum semper
90 664 696 711 alias, tum maxime morituris, quibus haec
93 707 695 748 una anchora reliqua est, uere sacra, ut pro¬
85 748 702 787 uerbio dici solet. Atque haec libertas est, quam
82 789 702 835 fere ubique Paulus praedicat. Cerimonias uix
86 831 696 877 uno atque altero loco attingit. Nec aliud est
85 874 697 914 nouum testamentum, nisi huius libertatis
90 908 698 963 promulgatio. ld quod adposite secundo
85 954 696 1001 psalmo significauit propheta. Ego constitui
84 993 701 1042 rege meum super Sion montem sanctum. Hic pa
78 1038 695 1092 rer inquit se rege designaturum monti Sion¬
