1000 1385
330 112 950 179 post quale regnum sit futurum aperit, nempe
330 163 944 212 ubi uerbo suo deus, non humanis uiribus
328 206 937 254 aut mundi potentia regnet. ldeo subicit.
327 248 940 296 Praedicabo mandatum. Dominus dixit ad
324 293 940 340 me, filius meus es tu. Quae haec noua praedi
332 333 937 381 catio erit? An non ante uerbum dei praedica
327 371 938 419 tum est in monte ion, nempe lex? Ea ue¬
329 423 936 465 ro nunc noua praedicatione abrogatur, ubi
330 455 939 504 de filio Christ sermoo instituitur. Quod si
326 497 940 546 non aliud praedicatur, nisi filium esse Chri
325 546 940 585 stum, consequitur legis iusticiam, opera non
325 582 935 632 exigi, nec aliud praecipi, quam ut filium illum
329 632 940 675 exosculemur. ld quod paulo post apertius
328 665 933 717 dicit. Deati omnes qui fidunt eo, non serua¬
326 710 936 752 bit uos iusticia uestra, non seruabit uos sa¬
321 748 930 803 pientia uestra, sed hic filius seruabit, rex ue¬
330 792 934 842 ster, propugnaculum uestrum &c, Sunt hu
329 840 932 878 iusmodi multa in scripturis, quae hanc no¬
324 873 942 920 bis libertatem commendent. Nam quid in
329 913 935 964 uniuersum aliud est Euangelium, nisi huius
328 960 941 1003 libertatis praeconium. Postremo libertas est
327 995 942 1046 Christianismus, quia, qui spiritum Christi
323 1040 939 1095 non habent, lege facere neutiquam possunt,
328 1082 944 1134 suntque maledictionum legis rei. Qui spiritu¬
