1000 1385
120 100 726 173 Christi innouati sunt, ii iam sua sponte,
122 169 734 208 etiam non praeeunte lege, feruntur ad ea quae
121 203 730 250 lex iubebat. Voluntas dei lex est. Nec aliud
120 243 729 297 spiritus sanctus est, nisi uiua dei uoluntas,
123 291 738 339 & agitatio, quare ubi spiritu dei, qui uiua uo
122 326 729 376 luntas dei est, regenerati sumus, iam idipsum
118 368 730 418 uolumus sponte, quod exigebat lex. In hanc
115 409 727 458 sententiam dictum est a Paulo. Iusto non esse
119 450 725 500 legem positam. Et ad Roma. viii. Eex spiri
131 494 730 546 us uitae, id est, lex motio spiritus uiuifican
121 543 734 581 tis, liberauit me a lege peccati & mortis. Et
114 578 725 625 libertatem Christianam Augustinus ad eum
117 616 730 670 modum copiose tractat, in libro de spiritu¬
119 661 728 711 & litera. Et Hiere. xxxi. Ecce dies uenient, di
123 709 734 749 cit dominus, & feriam domui Israel, & do
117 741 732 795 mui luda foedus nouum. Non secundum pa¬
120 784 730 835 ctum, quod pepigi cum patribus uestris, in
126 830 731 877 die qua adprehendi manum eorum, ut edu¬
125 869 730 926 cerem eos de terra Aegypti, pactum, quod
120 916 738 960 itritum fecerunt, & succensui eis dicit domi
125 956 732 999 nus. Sed hoc erit pactum, quod feriam cum
125 997 731 1043 domo lsrael. Post dies illos dicit dominus,
123 1035 737 1084 Dabo legem meam in uisceribus eorum, &
125 1077 730 1125 in corde eorum scribam eam, & ero eis
