1000 1385
74 106 700 158 adeoque obscurati doctrinam fidei, cum cir¬
77 148 688 191 cumcisioni, non fidei iustificatiouem tri¬
82 184 689 234 buerent. Idem seruandum est in moralibus
81 225 684 283 operibus, ut sicut non in hoc edis, aut bi¬
82 266 695 319 bis, ut iustificeris, ita nec in hoc largiare elee
78 314 685 358 mosynen, ut iustificeris. Sed ut in hoc edis
77 352 689 404 ac bibis, ut necessitati corporis seruias. Ita
77 394 685 441 in hoc largiare eleemosynen, diligas fratrem
80 437 690 484 &c, ut communi necessitati seruias, in hoc
86 477 695 523 libidinem coherceas, ut corpus sit obnoxium
88 518 696 572 spiritui &c. Quam non iustificant edere,
81 565 698 604 bibere, dormire, stare, sedere, tam non iusti
80 601 701 646 ficant non modo circumcisio, sed & mora
86 646 688 690 lia illa. castitas, seruire fratrum necessitatibs
87 687 695 739 & similia. Sola enim fides iustificat, iuxta illud
82 729 696 770 lustus ex fide uiuet. Porro haec in moralibs
85 768 697 828 libertas, quam est necessaria cognitu, tam obscu
86 816 697 867 ra est, nec nisi a spiritualibus intelligi pont.
135 851 697 902 Valeat igitur quod diximus, non esse iu
89 894 690 944 dicialia aut ceremonias ita sublatas, ut pec¬
87 933 699 982 cet, si quis ex illis quidpiam usurpet. Sed
99 974 698 1029 quia Christianismus libertas quaedam est,
87 1029 698 1069 uti illis, uel non uti penes nos est, non ali¬
88 1070 677 1120 ter atque edere aut bibere penes nos est.
