1000 1385
90 79 708 148 esse, que & sanctificatio nondum in nobis con
93 137 703 197 sumata sit. Coepimus enim spiritu dei san¬
87 182 704 231 ctificari, sanctificamurque dum caro illa pror
91 224 700 274 sus enecetur. lIta fit ut duplex sit sanctorum
92 265 708 312 natura, spiritus & caro. Nouus homo & ue
99 314 705 360 tus. Interior homo & exterior. Caro, non
97 347 700 404 corpus tantum designat, ut supra disputa¬
93 388 699 447 tum est, sed totum plane hominem ὑyxχTρα
89 432 703 486 ut uocat Paulus, hoc est eum, qui naturali¬
89 468 705 531 bus adfectibus & motibs obnoxius est. ldem
100 518 707 567 quod caro, significant homo uetus, Item
102 556 710 608 homo exterior. Estque caro, quidquid est hu
102 607 697 653 manorum adfectuum secundum naturam.
102 640 701 690 Non modo esurire & sitire, sed & amare
95 692 705 739 opes, gloriam, & huiusmodi alia. Planeque
100 732 711 774 caro sunt uirtutes philosophicae, & cona¬
97 763 707 814 tus liberi arbitrii qualescunque. Rursum spiri
98 812 707 863 tus est, cum ipse spiritus sanctus, tum eius
100 850 708 901 in nobis agitatio. Nouus homo, interior
102 896 704 943 homo, spiritus sunt, que a spiritu sancto re¬
102 930 707 1000 generati sint. Iohan. iii. Quod natum est ex
93 980 709 1035 spiritu, spiritus est. Sancti ergo sumus, qua¬
107 1017 706 1078 tenus spiritus sumus, quatenus nouati su¬
96 1058 705 1124 mus. In cane, in ueteri homie, in exteriore
