1000 1385
310 74 929 143 homine adhuc peccatum est. Sic Apostolus,
316 133 927 178 Caro concupiscit aduersus spiritum, spiritus ad
310 167 922 227 uersus carne. Sophistae Parisieses negant pec
314 217 920 265 catum esse, concupiscentiam quae in carne sancto
304 252 921 303 rum est, sed infirmitatem. Hos satis copiose Ru¬
309 304 925 346 therus in Antilatomo confutauit. Et qd est
305 341 915 387 elarius, quam peccatum esse, quidquid aduersat
310 378 921 428 legi dei. Caro aduersus lege dei concupiscit.
312 424 917 469 Quid est igitur cur peccatum concupiscentiam non
311 467 912 516 uocentran non sua quaerunt etiam sancti, an non
312 508 913 563 in sanctis amor est, uitae, gloriae, securitatis.
310 546 911 590 tranquillitatis, rerum? quae que peccatum non uo¬
302 593 918 634 carunt Parisienses, hoc in caussa e, que adfectuum
303 635 918 676 rationem non habuerunt, sed extemis factioni¬
304 671 918 722 bus peccari putauetunt. Radicem operum non ui
304 711 911 757 dent, lta fit ut de fructibus inepte iudicent.
298 758 913 807 Qd tam bonum opus est, quo non suum aliqd na
301 798 903 852 tura quaerit? ut xenodogras amorem posueris,
295 836 923 884 certe nondum poenarum metum posuisti. Polluit
301 880 921 934 ergo quantumuis bona opera caro. Iam si prae
303 919 901 975 terea nihil pecces, nonne foedissime & atro
298 960 904 1010 cissime delinqmus torpore seu ignauia spi¬
298 1009 908 1052 rits. Hlagrare amore dei, fiducia, pauere me
288 1052 910 1109 tu dei oportuit, quae primo praecepto exi¬
