1000 1385
370 178 944 231 Non negant adfectus scholae, sed uocant
322 215 934 263 infirmitatem naturae, satis esse si actus elici¬
327 264 938 315 tos diuersos habeat uoluntas. At ego nego
327 301 928 348 uim esse ullam in homine, quae serio adfe¬
330 346 941 391 ctibus aduersari possit. Censeoque actus illos
330 387 930 428 licitos, non nisi fictitiam cogitationem intel¬
328 424 930 480 lectus esse. Nam cum corda deus iudicet, ne¬
326 473 936 516 cesse est cor cum suis adfectibus summam ac
326 508 932 565 potissimam hominis partem esse. Alioqui
327 546 935 599 cur hominem ab imbecilliore parte deus aesti
325 587 924 644 maret, & non potius a meliore, si qua uo¬
325 636 931 687 luntas est alia a corde, & adfectuum parte me¬
324 677 934 730 lior ac fortior. Quid hic Sophistae respon¬
323 716 936 762 debunt? Quod si uocabulo cordis, quod usur
330 760 934 811 pat scriptura, uti maluissemus, quam Aristo¬
326 798 930 853 telico uocabulo uoluntatis, facile cauisse¬
327 842 929 882 mus hos tam pingues tam crassos ertores.
335 878 931 934 Vocabat quidem Aristoteles uoluntatem,
326 926 936 968 delectum illum rerum in extenis operibus,
322 963 920 1012 qui fere mendax est, sed quid ad Christia
333 1010 931 1056 nam disciplinam externa opera, si cor sit
326 1052 938 1102 insincerum? Praeterea ipse etiam Aristoteles
318 1093 931 1138 non prodidit actus illos licitos, quos Sco¬
321 1127 935 1185 tus confinxit. Sed nunc non tam ago ut illos
