1000 1385
70 86 683 150 cisione in capite quarto disserit ad hunc mo
67 138 683 200 dum. Abrahamum non esse iustificatum ex
69 189 684 239 circumcisione, sed ante circumcisionem, &
67 237 679 285 citra circumcisionis meritum, accepisse ue¬
70 270 672 311 ro postea circumcisionem σφραγίδα Sixαi:
69 305 677 370 Cfnig. hoc est, sigillum, quo testaretur deus
68 352 673 404 Abrahamum esse iustum & quo innotesce¬
70 389 671 439 ret Abrahamo, se coram deo iustum esse,
71 433 670 479 ne in ancipiti fiuctuans conscientia despe¬
75 475 680 533 raret. Quem usum si intelligas, quid potest
71 518 671 571 signis laetius contingere. Parum estque ad¬
71 556 678 609 monent signa promissionum diuinarum.
70 608 685 650 Hoc uero magnum est, que certum testime¬
65 647 684 700 nium diuinae uoluntatis erga te sunt. Sic cir
72 690 684 738 cumcisionem signum uocat Moses Genesis.
70 733 685 773 xvii. ut sit uobis in signum foederis inter me
70 770 682 818 & uos. Quod signum circumcisio est, admo¬
69 814 685 863 net promissionis diuinae Abrahamum, &
77 856 686 909 omnes circumcisos. Quod foederis signum
75 899 683 944 est circumcisio, hoc est, que significat ratum
71 934 680 982 fore hoc foedus, confirmat conscientiam
71 978 680 1029 Abrahae ut nihil dubitet, quin eueniat, qd
77 1025 677 1072 oromissum est. Quin praestet deus quod pol¬
63 1059 684 1121 licitus est. At qd erat pollicitus Abrahae des
