1000 1385
297 66 921 142 miraculum, tibi exhiberet, decet de his te
297 128 923 173 signis sentire, ut tam certo credas tui miser
291 174 923 220 tum esse deum, cum baptismum accipis, cum
300 217 913 264 participas mensae domini, quam crediturus
305 253 911 297 tibi uideris, si ipse tecum colloqueretur deus,
297 297 915 348 aut aliud quiddam ederet miraculi, quod
307 336 915 390 ad te peculiater pertineret. Fidei excitandae
299 384 917 429 gratia signa sunt proposita. Nunc & fidem
305 424 909 469 & signorum usum extinxerunt, qui ea in questu
303 459 910 507 habent. Salubertima est signorum cognitio,
313 501 911 557 & haud scio an aliud conscientiam consoletur,
307 541 913 597 & confirmet efficatius atque hic signorum usus.
312 588 912 638 ⁋ Quae alii sacramenta, nos signa adpella¬
305 630 915 686 mus, aut si ita libet, signa sactamentalia.
304 672 911 725 Nam sacramentum ipsum Christum Paulus uo¬
305 706 911 759 cat. Ad si signi nomen displicet σφραγίδαα
304 747 913 813 adpelles, quo propius uis sacramentorum
299 794 910 850 signetur. Probabilis & illi uoluntatis, qui
308 834 921 892 symbolis seu tesseris militatibus haec signa
308 885 911 928 comparauetunt, que essent notae tantum,
306 921 914 972 quibus cognosceretur, ad quos pertinerent
310 963 923 1019 promissiones diuinae, ut Cornelius baptiza
310 1000 923 1054 tus est, cum iam iustificatus esset, ut in eoge
300 1044 920 1113 numero referretur, ad quos promissio regni
