1000 1385
88 71 713 144 dei, & uitae perpetuae pertinebat. Haec de sig
92 135 704 186 norum natura ideo monui, ut qui sit usus
102 173 700 230 pius sacramentorum, possit intelligi, ne
101 215 704 264 quis scholasticos sequatur, qui iustificatio¬
101 261 657 312 nem horrendo ertore signis tribuetunt.
100 301 700 349 ⁋ Duo sunt autem signa a Christo in Euam
95 345 711 396 gelio instituta, Daptismus, & participatio
100 380 711 432 mensae domini. Nos enim signa sacramen
97 424 702 476 talia ea esse iudicamus, quae gratiae dei sig¬
100 466 701 515 na diuinitus tradita sunt. Nam diuinae uo¬
105 506 710 556 luntatis signum erga nos, nec instituere ho
99 550 709 601 mines possumus, nec ad uoluntatem diui
100 596 707 641 nam significandam, ea signa referre, quae
101 633 705 684 alio scriptura retulit. Quo magis miramur
103 671 711 726 quid uenerit in mentem Sophistis, praeser¬
98 719 706 762 tim cum signis iustificationem tribuerent,
103 760 705 802 inter sacramenta referre, ea quorum ne uer
101 800 711 848 bo quidem scriptura meminisset. Nam un
105 843 705 890 de confictus ordo est? Et nuptias non in hoc
94 883 703 935 instituit deus, ut essent proprium gratiae sig¬
104 926 714 972 num. Vnctio ritus magis uetus est, quam
105 968 708 1015 gratiae signum. Copiose disputauit hac
103 1004 719 1057 de re Rutherus in Dabylonica captiuitate.
91 1050 712 1106 unde requires exactiorem disputationem.
