1000 1385
75 94 692 164 andae in sinu Arabico uiam sibi aperuissent,
78 155 693 199 Sic tu pro certo gratiae diuinae pignore ha¬
76 185 697 238 beto hanc demersionem. Nam quod dicit
74 228 695 284 ln nomine patris & filii & spiritus sancti,
76 270 689 323 notat uicem, que pater, filius, spiritus san¬
84 317 693 368 ctus baptigent, & interpretetur is qui bapti¬
80 354 687 414 xatur, remitti sibi peccata ab ipso patre, fi¬
84 396 690 453 lio & spiritu sancto. Significari baptismo,
80 445 699 496 nam hinc usus eius cognoscetur, constat
79 483 691 539 transitum per mortem ad uitam. Estque de¬
85 522 686 579 mersio ueteris Adae in mortem, & exuscita¬
89 568 695 622 tio noui. lId est cur Paulus uocet lauachrum
83 607 700 663 regenerationis. Intelligetur haec significatio
93 646 695 703 ex typo facillime. Adumbratus est baptis¬
89 696 697 738 mus transitu lsraelitage per sinum Arabicum.
97 727 702 788 Quid aliud illi quam mortem ingrediebantur
95 775 699 827 cum aquis se committerent? Transibant fide
95 812 704 868 per aquas, per mortem, dum euaderent. In
93 854 702 908 ea historia gesta res est, quam Daptismus sig¬
97 902 704 951 nificat nempe per mortem ad uitam tran¬
94 942 713 989 sierunt lsraelitae. Sic tota uita Christiana est
95 983 706 1037 mortificatio camis, & renouatio spiritus, &
101 1031 710 1070 res, quam significat baptismus geritur tantisper
98 1067 707 1131 dum prorsus a mortuis tesurgamus. Vera
