1000 1385
138 50 746 123 DE PRIVATis covrEssloNiφVS
150 118 750 165 ⁋ Praeter publicam poenitentiam, priuatae
138 166 759 210 confessiones sunt, Primum illae, cum priuatim
136 202 755 245 reconciliamus eos quos offendimus. De quo
141 247 750 292 genere dictum est Matth. v. Si offers munus
140 286 751 337 tuum ad altare, & ibi recordatus fueris, quia
138 326 750 370 frater tuus habet aliquid aduersum te &c.
140 364 758 407 uade reconciliare fratri tuo. Et Iacobi ult.
144 407 761 453 Confitemini alter alteri peccata, id est, alter
140 456 632 494 alterum deprecetur offensam &c¬
178 491 758 533 Deinde sunt ecclesiasticae illae, quarum fere
139 537 751 589 usus hodie est. Eas quondam tales fuisse adpa
137 574 755 618 ret, ut quorum conscientiae angebantur aliqua
137 619 753 661 de re, sanctos & peritos rerum spiritualium con
138 657 755 705 sulerent, & ab illis absoluerentur. Huius men
135 700 758 748 tio facta est a Dasilio, si titulus non fallit,
139 746 753 796 in opere de institutis monachorum, quod
138 786 755 833 a Rufino latinitate donatum putant. Et tot
144 823 750 878 quidem genera confessionum mihi com¬
145 863 755 919 perta sunt, quae cum alia sint iure diuino
141 913 750 964 tradita, alia hominum inuenta, prudenter
143 948 408 996 discernenda sunt,
178 988 754 1041 Exigi iure diuino confessionem eam quae
134 1031 754 1084 deo fit satit constat, uel ex illa. i. Ioham. I, sen¬
