1000 1385
116 64 738 127 lium communiter uniuersae Ecclesiae praedi¬
115 123 737 173 cari, tamem tum demum certus es id ad te pro
114 165 725 208 prie pertinere, quom tu priuatim ac pro¬
115 209 734 256 prie absoluetis. Non sitit gratiam qui non
118 251 728 294 efflictim cupit audire sententiam de se di¬
122 284 738 332 uinam. Est enim dei non hominum senten
120 329 730 372 tia, qua absolueris. modo absolutioni cre¬
122 364 731 413 das. Quam certa erat mulier peccatrix Eu¬
118 410 727 456 cae. vii, culpam omnem sibi condonatam
120 449 731 494 esse, cum audiret Christi uocem. Remittun
115 493 733 541 tur tibi peccata, tam certus esto tu quoque
115 532 739 588 cum a fratre, quisquis est, absolueris. Neque
123 574 731 620 uero absoluuntur, nisi qui & absolui se op¬
118 619 730 668 tant & credunt, quare non absoluuntur ii
117 661 728 711 qui coacti pontificia constitutione, quot¬
110 700 721 750 annis confessionem & poenitentiam simu¬
111 740 724 786 lant. Immo ludibrio habent Christum, qui
117 788 724 837 adacti lege pontificia non desiderio spiri¬
113 827 505 877 tus, absolutionem petunt.
120 864 726 925 ⁋ Satisfactio nulla est praeter Christi mor¬
109 916 730 965 tem. Esaiae. liii. Ipse iniquitates nostras
110 959 720 1007 portauit. Quae uero nunc poenitentibus
114 997 720 1041 satisfactiones imperantur, hominum in¬
