1000 1385
334 86 942 141 iPrimum ergo si doceant scripturam, sic
324 131 940 188 qudiendi sunt ut Christus. Iuxta illud, Qui
325 185 932 234 uos audit, me audit. Nam ad scripturam,
327 225 930 263 non ad traditiones humanas pertinet. ut pa¬
330 257 935 318 tet, cum inquit, Qui prophetam nomine
327 303 941 358 prophetae receperit, non pseudoprophetam.
335 342 940 399 ⁋Deinde si quid contra scripturam docuerint,
324 389 940 436 non sunt audiendi. Act. v. Oportet deo ma
327 433 940 484 gis obedire quam hominibus. Et Matth. xv.
328 471 933 518 lrritum fecistis mandatum dei propter tradi¬
335 512 941 569 tionem uestram. Contra ius diuinum decre¬
327 557 942 603 tum est a Papa hoc tempore in Dulla quam
329 597 939 642 Rutherus damnatus est, hic nentiquam au¬
337 637 508 686 diendus est.
344 671 932 736 ⁋ Tertio si quid praeter scripturam statue¬
336 718 943 772 rint, in hoc, ut conscientias obstringant,
330 763 946 813 non sunt audiendi. Nihil enim conscien¬
325 804 935 852 tiam obligat nisi ius diuinum. De his loque¬
333 850 940 897 batur Pausus. i. Timoth, iiii, ubi doctrinas
330 893 944 935 daemoniorum uocat, legem de coelibatu, de
330 930 940 983 cibis interdictis, quae quanquam non uideantur
341 971 944 1026 aduersari scripturae, ut quae per sese non sint
334 1014 942 1069 mala. Malus enim coelibatus non est. Abstine¬
330 1058 945 1108 re canibus malum non est. Sed impia haec
