1000 1385
51 84 660 144 sunt si peccare te putes ubi diuersum feceris.
56 144 663 185 Impia docent, qui censent peccare eum, qui
43 185 665 238 horas canonicas non legerit, qui camem ede
50 225 671 270 rit die sexta aut septima, &c. Non enim potest
45 267 663 315 Episcopus Christianam coscientiam uinci¬
53 305 663 354 re. ii. Corint. ultimo, Data est nobis pote¬
51 352 661 397 stas non in destructionem, sed aedificationem.
62 392 665 444 ⁋Quarto, Si non oneres conscientiam
55 431 655 480 Episcopi lege, sed pro onere externo inter¬
48 480 653 524 preteris, ut solent spirituales & ii qui intel¬
54 519 662 569 gunt conscientiam uinciri nulla lege huma
51 552 664 609 na posse. Sic iudicabis de lege Episcopi, ut
51 598 666 650 de tyrannide magistratus ciuilis. Quidquid
48 643 663 690 enim Episcopi praeter scripturam imperant,
50 687 652 726 tyrannis est. Nam imperandi ius non ha¬
44 717 665 776 bent. Feres ea onera propter caritatem, iux¬
50 766 674 819 ta illud, Qui te percusserit in dextram, ob¬
56 814 664 863 uerte & sinistram. Porro si sine scandalo po
56 852 656 896 ssis diuersum facere, nihil uetat. Vt si sine
45 898 681 947 motu publico possis effringere carcerem,
44 929 661 988 in quo a tyranno uinctus teneris, nihil ue¬
50 979 660 1026 tat. Iuxta illud, Si potes liber fieri, magis
46 1011 671 1062 utere. Et Christus dispensauit de traditio¬
49 1056 665 1124 nibus pharisaicis Matth. ix. &. xii. De legibs
