1000 1385
330 81 944 140 autem ciuilibus non dispensauit. Et phari¬
335 132 951 179 saicis legibus dispensandis liberiores sumus
336 176 946 227 ut quae & priuatim singulorum magis, quam
336 219 951 271 communia onera sint, & conscientiam facile
327 260 945 308 illaqueent. Sunt autem omnium legum huma
334 301 957 352 narum & regula & dispensatio, fides & cari
333 343 950 391 tas adeoque & necessitas. Haec liberat ab om
329 386 951 435 nibus traditionibus, sicubi uel anima uel
329 431 944 478 corporis uita per traditionem adducta fue
335 470 578 520 rit in discrimen.
447 502 840 559 DE. SCANDAEO
364 552 946 599 Quaeris autem quatenus habenda sit scan¬
340 591 956 647 dali ratio? Primum omnium moneo, quod &
334 636 951 683 antea, fidem & caritatem regulas esse om¬
339 674 951 724 nium functionum humanarum, sed in his
337 720 570 773 fides potior est.
377 758 950 809 Est autem scandalum offensio, qua in
341 800 959 856 proximo aut fides aut caritas laeditur. Fides
337 843 950 895 ut si quid a sacris lite, is doceatur diuersum,
343 882 954 935 fides proximi offenditur. Huiusmodi scan¬
340 934 953 976 dalum tota doctrina scholastica est, quae
339 972 954 1015 satis factiones, quae opera libeti arbitrii pro
344 1010 953 1056 bans obscurauit gratiam. De hocgenere Chri
341 1055 946 1104 stus loquitur Matth. xviii. Qui scandaliza¬
