1000 1385
96 151 712 210 lam ubi adfectus coeperit furere & aestuare,
91 197 610 254 cohiberi non potest quin erumpat.
89 235 712 287 ⁋ Vides lector, quanto certius de libero ar
102 273 717 335 bitrio scripserimus, quam uel Dernardus uel
96 317 711 373 ulli scholastici, porro haec qui hactenus dispu
105 364 710 412 tauimus subinde clarescent in reliquis com
95 410 385 461 pendii nostri locis.
180 441 610 503 DE P EOOATO.
99 480 706 540 ⁋ Mire obscurarunt & hunc locum Sophi
100 528 706 587 stae, cum de relationibus rationis in peccato
104 564 716 625 disputarent, cum distinguerent de actuali
100 610 708 666 peccato & originali, & alia multa, quae su¬
101 658 715 710 peruacaneum est recensere. Quid enim attinet in
106 691 710 743 Compendio omnia omnium somnia referre
105 732 712 785 Nos rem paucis agemus, usurpabimusque
100 780 550 826 uocem peccati scripturae more.
178 810 630 878 QVID. PECCATVM.
104 861 716 911 ⁋ Peccatum originale est natiua propensio,
111 903 710 952 & quidam genialis impetus & energia, qua
107 947 717 992 ad peccandum trahimur, propagata ab Adam,
101 978 707 1039 in omnem posteritatem. Sicut in igni est ge¬
102 1026 710 1081 nuina uis qua sursum fertur, sicut in Mag¬
109 1069 721 1115 nete est genuina uis, qua ad se ferrum tra¬
99 1098 725 1171 hit, ita est in homie natiua uis ad peccandum.
