1000 1385
68 104 682 173 audiamus, qui cum idem plerisque locis sentiat,
74 158 681 211 ut cum ait, omnem hominem mendacem esse, ta¬
80 203 681 255 men toto psalmo. xiii: hoc intonat, cum in¬
75 243 682 296 quit. Dixit insipiens in corde suo, non est des,
75 288 685 333 Corrupti sunt, & abominabiles facti sunt in
75 335 683 388 studiis suis, Non est qui faciat bonum. Domi¬
81 364 690 418 nus de coelo prospexit super filios Adam, ut
80 411 686 464 uideat, num sit intelliges aut requirens deum.
84 446 686 504 Omnes defecerunt, simul inutiles facti sunt,
80 494 684 547 non est qui faciat bonum, non est ne unus quidem
79 530 689 586 &c. Ecce non accusat hominem simplicium ui¬
83 574 684 628 ciorum, sed atrocissimorum sceleg, impietatis,
80 618 694 674 incredulitatis, insipientiae, odii & contemptus
87 659 701 710 dei, quae uicia, deprehendere nemo potest
91 699 695 756 praeter spititum. Quid hic hypocritae theolo
89 737 694 796 gistae? quae nobis opera liberi arbitrii, quas
86 782 695 841 humanas uires praedicabitis? peccatum origi
91 833 697 873 nale fingitis non negari a uobis, & tumen docetis
96 865 690 923 posse hominem suis uiribs aliqd boni facere¬
89 908 697 962 Num arbos mala bonum fructum ferre potest:
91 941 699 998 An non uidetis ut hic ppheta arborem cum fru¬
83 987 710 1044 ctibus descripserit, cum non modo de corde in
91 1035 708 1082 sipientis, sed & de omib. hominis studiis, con¬
94 1071 708 1126 siliis, desideriis, operibs, conatibus loquitum.
