1000 1385
310 91 920 158 Genesis. vi. Non permanebit spiritus meus
310 148 905 206 in homine, quia caro est. Oportet ergo in¬
312 189 918 237 telligamus camis uocabulum de omnibus
311 231 909 290 humanae naturae uiribus. Alioqui non con¬
306 276 912 319 sistent Pauli argumenta in tota Epistola
310 312 908 365 ad Romanos. Sic enim solet argumentari,
310 355 914 411 Caro non potuit legem implere, ergo spi¬
309 402 915 449 ritu est opus qui impleat. Ibi si camem pro
304 445 910 494 parte hominis tantum usurpemus, quomo
309 480 917 525 do consistet Pauli Enthymema? Posset
308 521 918 576 enim eludi ad hunc modum, & si caro lege
307 561 917 609 facere non potuerit, potuisse tamen melio
310 610 911 660 rem aliquam hominis partem, atque ita spi¬
311 649 908 693 ritu non fuisse opus ad implendam legem.
310 685 909 733 Verum dedidicimus non modo scripturae
316 727 913 771 sententiam, sed & sermonem, doctoribus
304 767 916 823 philosophastris, & ut in Esdra legitur, alie
300 808 916 866 nigenas uxores duximus, & earum linguam
312 853 905 900 pro nostra usurpauimus. Itaque camis uoca¬
310 901 908 945 bulo utere & pro optimis humanae naturae
305 936 903 985 uiribus, & pro pulcherrimis illius conati¬
304 979 904 1034 bus. Camis fructus est, tam speciosa illa So
304 1019 908 1074 cratis aut Catonis uittus, quam Caesaris par¬
305 1058 916 1111 ricidia. Tam camis fructus sunt speciosiss.
