1000 1273
298 76 906 137 uiribus excutiamus, uerba illius sublitics.
294 136 911 184 Impossibilitatem legis cquia infiima erat
302 180 907 226 per canem deus filium suum mittens in
299 218 901 271 similitudinem camis peccati, & de peccato
299 259 904 298 damnauit peccatum in carne, ut iustificatio
297 297 900 348 legis impleretur in nobis, qui non secundum
300 337 909 390 camem ambulamus, sed secundum spiritum.
301 379 906 430 Hactenus proposuit Paulus summam caussae
295 418 906 475 nempe que cum impossibile sit legem fieri a
300 460 907 514 nobis quia carnales sumus, miserit deus fi¬
297 507 907 548 lium, ut legi satisfaceret per nos, dum came
300 547 905 603 mortui, spiritu uiuimus. Quaeso hic quid
301 586 906 644 uocat camem. Nam cum palam sit spiritum
299 631 912 676 uocari spiritum sanctum & eius motiones ac
300 673 905 722 impulsus, consequitur necessario ut canem
300 714 905 767 uoces quidquid in nobis est a spiritu sancto
298 757 912 802 alienum. Porro propositae sententiae rationem
299 792 910 852 reddit Apostolus, Qui secundum camem sunt,
301 834 900 893 quae camis sunt adfectant, qui uero secun¬
301 879 905 936 dum spiritum sunt, quae sunt spiritus adfectant.
301 920 906 966 Nam adfectus camis mors est. Adfectus au
295 961 910 1017 tem spiritus uita & pax. Ecce quare legi non
289 1005 913 1063 possit per canem satisfieri, Quia qui secun
