1000 1385
295 106 907 157 ld quod uult Apostolus eum ait, Adfectus
294 157 907 219 camis mors est, adfectus autem spiritus ui¬
300 199 910 244 ta & pax. Et sequitur, Adfectus camis ini¬
301 242 906 282 micitia est aduersus deum, legi enim dei non
307 285 906 326 est subditus, neque uero potest subdi. Vide
304 323 907 366 quaeso Paulinum Epilogum, cum ita finit.
310 362 909 405 Vim omnem camis nostrae esse inimicam
304 404 918 456 deo, nec posse legi dei subici, Quod si non
307 444 917 495 potest legi dei subici, qd dubitamus, quos
308 495 917 541 fructus ferat? Iam non modo, inquit, non
299 529 910 575 subicitur legi dei, sed & ne posse quidem legi
306 571 921 618 subici, Consequitur itaque omnia hominum
313 615 916 661 quantumuis laudabilia in speciem opera
307 651 905 703 plane uiciosa esse, & morte digna peccata.
303 700 916 742 Huc adferant si libet Sophistae friuolas suas
305 740 910 789 distinctiunculas de came, & spiritu, de bo¬
308 779 918 830 no & meritorio, & quidquid est similium
308 821 918 873 nugarum, ut hanc nobis Pauli sententiam
303 862 912 910 extorqueant. Quid enim clarius est quam quod
303 906 915 946 ait Paulus non impleri iustificationem le¬
309 941 918 989 gis, nisi in iis qui secundum spiritum sunt,
305 985 916 1038 Ergo qui non sunt perfusi spiritu sancto, non
310 1025 918 1073 satis faciunt legi. At legem non facere, quid
308 1073 922 1118 aliud est quam peccare? Siquidem peccatum
