1000 1385
280 115 897 182 Et ex his quae hoc loco disputauimus col¬
287 171 901 216 ligere potes quid sit de humarus sentien¬
285 214 897 267 dum. Num qua sit libertas, quam iactant.
280 249 894 301 Theologi uere libeti arbitrii, quia pro suo
284 300 893 349 arbitrio, sine scriptura, quiduis decernunt.
281 337 901 393 Quae enim potest esse sine spiritu libertas, cum
285 383 900 430 ille tyrannus noster, peccatum in carne no¬
281 432 896 471 stra, etiam negotium faciat uiris exundan¬
285 467 893 511 tibus spititu. Quis enim sanctorum fuit unquam,
277 504 900 554 qui non deplorauerit hanc seruitutem, im¬
282 549 903 597 mo captiuitatem. Et Paulus cap. vii. ad Ro¬
287 584 893 631 manos, Videre se ait lege in membris suis,
285 622 892 672 repugnantem sibi, & captiuantem se, ea lex
293 668 900 711 membrorum, seu tyrannis peccati ardor &
285 711 900 758 impetus est peccati, quod nobis congenitum
288 752 901 806 est. Et de his quidem infra, qui partim spiritu¬
288 789 797 835 iusti, partim came peccatores sunt,
292 837 899 879 ⁋ Hinc item consequitur impossibilia, ut
295 877 900 920 infra disputabimus copiosius, praecepta
290 920 895 969 esse. ld quod ex eo loco quem supra produxi
288 962 902 1005 mus ex octauo capite ad Romanos. Non
294 999 896 1053 posse canem legi dei subici satis adparet.
291 1042 896 1085 Item, ex eo quod ibidem dicitur, Impossi¬
285 1082 908 1149 bile erat legi iustificare. id est, Non satis erat
