1000 1385
99 112 700 172 lex quae ostenderet qd faceremus, Sed opor¬
97 162 699 214 tuit etiam spiritum conferri per Christum,
97 205 702 248 qui nos ad legem amandam infsammaret.
94 242 700 292 Et hic ruit illa philosophiae moralis, & libe
100 287 706 334 ri arbitrii Theologorum sententia, impia,
97 329 698 371 & stulta, quam plenis buccis nunquam non in¬
98 369 693 418 tonant Scotistae. Voluntatem posse se con
100 411 689 456 formare omni dictamini rectae rationis, id
95 449 698 498 est, uoluntatem posse uelle, quidquid recta
106 495 692 545 ratio, rectum consilium intellectus praescri
98 533 702 583 bit. Contra Paulus inquit, legi impossibile
100 582 705 626 fuisse iustificare, id est. Non fuit satis, prae¬
99 621 708 668 scribere legem, quid ageremus que caro in¬
103 658 708 703 firma esset, & auetseretur legem. Sed hic im
103 701 707 750 pegerunt, que nouam quandam uoluntatem
102 742 703 787 finxerunt, quae haberet actus elicitos, quor¬
103 783 704 837 suncunque traheret adfectus. Quod si scriptu
107 821 710 871 rae sermonem ac phrasin obseruassent, facile
104 865 714 911 uidissent mendacia, & uanas cogitationes
109 906 717 960 intellectus esse, quae confinxerunt de actibus
112 954 709 999 elicitis. Possunt enim impelli exteriora mebra,
105 988 721 1041 alio nonnumquam, qui quo trahebat adfectus, sed
109 1033 722 1078 hoc cum fit, per simulationem ac mendacium fit.
128 1075 722 1129 Non possu hic mihi temperare, qiui de ui legis
