1000 1385
308 122 922 188 atque illae pharisaicae praeparationes. Porro
305 173 927 228 hanc impietatem pertinacissime insectatur
308 213 920 268 Paulus cum alias, tum in tota ad Romanos
312 257 921 317 Epistola non aliud agens, nisi gratiam non
310 304 931 361 esse gratiam, si pro operibus detur. Quis est
304 343 926 392 enim misericondiae locus, si respectus est no
305 385 925 435 strorum operum? quae est gratiae gloria, ut
307 417 915 482 Paulinis uerbis utat, si debetur nostris ope
305 460 919 532 ribus? Palam capite tertio Paulus ad Ro¬
311 511 922 566 manos docet, & omnes homines sub pec¬
320 557 917 598 ato esse, & gratis iustificari eos qui credunt.
316 590 920 646 Quid quod in capite nono ait? Israel sectam
305 630 917 687 do legem, ad legem iusticiae non peruenisse,
311 668 907 732 id est, eos qui sui liberi arbitrii uiribus ag¬
301 722 916 770 igrederentur legem facere, nunquam facere le
307 750 923 812 gem, sed simulare tantum in speciem, Esaias
301 796 919 857 propheta cap. Iv. ad Christum inuitat gra¬
303 844 916 901 tis empturos quosuis. Venite, emite absque ar
309 883 914 939 gento & absque ulla commutatione uinum &
304 923 917 976 lac. Quare adpenditis argentum non in pa
305 969 916 1023 nibus, & laborem uestrum in saturitater id
297 1001 911 1066 est, quare fiditis uestris operibus? quae fru¬
304 1044 912 1100 strabuntur uos. Audite audientes me, & co
300 1089 917 1152 medite bonum, & delectabitur in crassitu¬
