1000 1273
315 104 931 162 sui & metus poenarum sunt plane peccata, &
312 150 925 199 impossibile est quin adferant secum odium eius,
316 198 926 237 qui poenas infligit, nempe dei. Peculiare uero
308 237 926 285 dei opus est peccati in nobis cognitio &
312 274 926 332 odium. Deducit enim dins ad inferos ac reducit,
315 322 923 368 duns mortificat, & uiuificat, dins humiliat
310 356 922 412 & subleuat, ait Hanna in Cantico. i. Reg. ii.
315 395 923 457 Et Propheta Hiere. Postquam conuertisti me
314 442 919 491 egi poenitentiam &c. Porro qd attinet hic im
323 482 919 539 norari, cum planissime dictum sit a Christo lo
309 526 911 580 han. vi. Nemo uenit ad me nisi pater meus
307 574 911 618 traxerit eum. Od uero obiciunt sententiam dni
305 611 915 659 apud Sachariam ignari troporum & figurarum
303 651 913 706 sacri sermonis sophistae. Conuertimini ad me,
305 696 911 749 & ego conuertar ad uos, non efficit, poeniten¬
301 737 916 776 tiae inicium in nobis esse positum. Excussit autem
306 776 907 821 hanc sententiam Aug, non uno loco, neque uero
285 819 913 873 obscura est, nisi Sophistis qui pter parua logi
300 857 913 905 calia aliud didicerunt. Duplex est conuer
300 900 912 950 sio dei ad nos, altera praeit resipiscentiae niae.
286 934 909 988 laltera seqt. Quae praeit, ea fit, cum des nos re
291 984 907 1037 sipiscere facit adssatu spuns sui, cum ostenso pec
303 1025 912 1074 cato nos terret, conturbatque. At qui seqtur conuer
294 1068 909 1117 sio, fit cum modum finemque poenarum faciens, conso
286 1114 909 1161 latur nos declaratque palam sese fauete nobis. De
