<?xml version="1.0" encoding="UTF-8" standalone="yes"?>
<PcGts xmlns="http://schema.primaresearch.org/PAGE/gts/pagecontent/2013-07-15" xmlns:xsi="http://www.w3.org/2001/XMLSchema-instance" xsi:schemaLocation="http://schema.primaresearch.org/PAGE/gts/pagecontent/2013-07-15 http://schema.primaresearch.org/PAGE/gts/pagecontent/2013-07-15/pagecontent.xsd">
    <Metadata>
        <Creator>prov=University of Rostock/Institute of Mathematics/CITlab|PLANET AI GmbH/Gundram Leifert/gundram.leifert@planet-ai.de:name=cod-8jWitP-m2(htr_id=28337)::::v=2.6.7
prov=University of Rostock/Institute of Mathematics/CITlab|PLANET AI GmbH/Tobias Gruening/tobias.gruening@planet-ai.de:name=de.uros.citlab.module.baseline2polygon.B2PSeamMultiOriented:v=2.6.7
prov=University of Rostock/Institute of Mathematics/CITlab|PLANET AI GmbH/Tobias Gruening/tobias.gruening@planet-ai.de:name=/net_tf/LA73_249_0mod360.pb:de.uros.citlab.segmentation.CITlab_LA_ML:v=2.6.6
Transkribus</Creator>
        <Created>2020-11-27T19:40:54.021+01:00</Created>
        <LastChange>2020-12-03T01:27:37.949+01:00</LastChange>
        <TranskribusMetadata docId="545733" pageId="22844764" pageNr="65" tsid="49971157" status="IN_PROGRESS" userId="25065" imgUrl="https://files.transkribus.eu/Get?id=MDEVWQQELZWSMXREWANCPQAJ&amp;fileType=view" xmlUrl="https://files.transkribus.eu/Get?id=DXIWFXIDPNLHYRHXNWTCIDEP" imageId="17813747"/>
    </Metadata>
    <Page imageFilename="64.jpg" imageWidth="1000" imageHeight="1385">
        <ReadingOrder>
            <OrderedGroup id="ro_1606957321550" caption="Regions reading order">
                <RegionRefIndexed index="0" regionRef="TextRegion_1606525259418_790"/>
            </OrderedGroup>
        </ReadingOrder>
        <TextRegion orientation="0.0" id="TextRegion_1606525259418_790" custom="readingOrder {index:0;}">
            <Coords points="103,84 717,84 717,1156 103,1156"/>
            <TextLine id="r1l2" custom="readingOrder {index:0;}">
                <Coords points="102,186 614,193 707,178 707,149 634,133 562,152 385,131 330,151 299,134 251,152 102,142"/>
                <Baseline points="107,174 136,175 166,175 196,175 226,175 255,175 285,175 315,175 345,175 374,175 404,175 434,175 464,175 493,175 523,175 553,175 583,175 612,175 642,175 672,174 702,174"/>
                <TextEquiv>
                    <Unicode>inquit non potuisse iustificationem legis im¬</Unicode>
                </TextEquiv>
            </TextLine>
            <TextLine id="r1l3" custom="readingOrder {index:1;}">
                <Coords points="105,235 700,231 700,197 670,187 502,201 105,189"/>
                <Baseline points="110,218 139,218 168,218 197,218 227,218 256,218 285,218 314,218 344,218 373,218 402,218 431,218 461,218 490,218 519,218 548,217 578,217 607,217 636,217 665,217 695,217"/>
                <TextEquiv>
                    <Unicode>pleri per canem. Quis non uidet hic sig¬</Unicode>
                </TextEquiv>
            </TextLine>
            <TextLine id="r1l4" custom="readingOrder {index:2;}">
                <Coords points="106,270 641,280 708,271 708,229 328,227 298,242 230,223 106,239"/>
                <Baseline points="111,259 140,259 170,259 199,259 229,259 259,260 288,260 318,260 347,260 377,260 407,260 436,260 466,260 495,260 525,260 555,260 584,260 614,260 643,260 673,260 703,259"/>
                <TextEquiv>
                    <Unicode>nari camis uocabulo, potissimas hominis</Unicode>
                </TextEquiv>
            </TextLine>
            <TextLine id="r1l5" custom="readingOrder {index:3;}">
                <Coords points="100,309 711,314 711,273 690,269 100,274"/>
                <Baseline points="105,300 135,300 165,300 195,300 225,300 255,300 285,301 315,301 345,301 375,301 405,301 435,301 465,301 495,300 525,300 555,300 585,300 615,300 645,300 675,301 706,301"/>
                <TextEquiv>
                    <Unicode>uires, quae uidentur hominum iuditio posse</Unicode>
                </TextEquiv>
            </TextLine>
            <TextLine id="r1l6" custom="readingOrder {index:4;}">
                <Coords points="100,355 529,345 699,363 699,313 279,325 100,308"/>
                <Baseline points="105,342 134,342 163,342 193,342 222,342 252,342 281,342 311,342 340,343 370,343 399,343 428,343 458,343 487,343 517,343 546,343 576,343 605,343 635,343 664,342 694,342"/>
                <TextEquiv>
                    <Unicode>legi obtemperare. Idem docet &amp; caput ter¬</Unicode>
                </TextEquiv>
            </TextLine>
            <TextLine id="r1l7" custom="readingOrder {index:5;}">
                <Coords points="99,391 200,406 249,391 306,404 322,390 654,385 622,355 99,355"/>
                <Baseline points="104,384 131,384 158,385 185,385 213,385 240,385 267,385 294,385 322,385 349,385 376,385 403,385 431,385 458,385 485,385 512,385 540,385 567,385 594,384 621,384 649,384"/>
                <TextEquiv>
                    <Unicode>tium posterioris Epistolae ad Corinth.</Unicode>
                </TextEquiv>
            </TextLine>
            <TextLine id="line_1606525259453_793" custom="readingOrder {index:6;}">
                <Coords points="110,441 638,448 722,436 722,395 410,408 248,391 110,408"/>
                <Baseline points="115,430 149,429 183,428 217,428 251,427 285,427 319,427 353,427 387,427 421,427 455,427 489,427 523,427 557,427 591,427 625,427 659,427 693,427 717,427"/>
                <TextEquiv>
                    <Unicode>⁋ ld quod monere uolui ne cui impone¬</Unicode>
                </TextEquiv>
            </TextLine>
            <TextLine id="r1l9" custom="readingOrder {index:7;}">
                <Coords points="100,480 710,481 698,438 322,452 100,438"/>
                <Baseline points="105,468 135,468 165,468 195,468 225,468 255,468 285,468 315,468 345,468 375,468 405,468 435,468 465,468 495,468 525,467 555,467 585,467 615,467 645,467 675,467 705,467"/>
                <TextEquiv>
                    <Unicode>rent scholastici, cum distinguunt adpetitum</Unicode>
                </TextEquiv>
            </TextLine>
            <TextLine id="r1l10" custom="readingOrder {index:8;}">
                <Coords points="98,529 713,517 713,482 681,478 467,494 374,474 98,481"/>
                <Baseline points="103,509 133,509 163,510 193,510 224,510 254,510 284,510 314,510 345,509 375,509 405,509 435,509 466,509 496,509 526,509 556,509 587,509 617,509 647,509 677,509 708,509"/>
                <TextEquiv>
                    <Unicode>intellectiuum &amp; sensitiuum, tribuuntque sensui</Unicode>
                </TextEquiv>
            </TextLine>
            <TextLine id="r1l11" custom="readingOrder {index:9;}">
                <Coords points="100,567 349,556 472,574 547,558 599,575 714,564 714,527 100,530"/>
                <Baseline points="105,553 135,553 165,552 195,552 225,552 256,552 286,552 316,551 346,551 376,551 407,551 437,551 467,552 497,552 527,552 558,552 588,552 618,553 648,553 678,553 709,554"/>
                <TextEquiv>
                    <Unicode>prauos adfectus, intellectiuum adpetitum</Unicode>
                </TextEquiv>
            </TextLine>
            <TextLine id="r1l12" custom="readingOrder {index:10;}">
                <Coords points="100,607 170,599 188,608 212,597 235,605 315,600 315,571 285,564 211,573 193,566 151,574 132,564 100,569"/>
                <Baseline points="105,595 130,595 156,594 181,593 207,593 233,592 258,592 284,593 310,595"/>
                <TextEquiv>
                    <Unicode>liberant uitio.</Unicode>
                </TextEquiv>
            </TextLine>
            <TextLine id="r1l13" custom="readingOrder {index:11;}">
                <Coords points="105,649 703,650 703,607 632,592 535,617 479,596 105,606"/>
                <Baseline points="110,640 139,638 168,637 198,636 227,636 257,635 286,634 315,634 345,634 374,634 404,634 433,634 462,634 492,634 521,635 551,635 580,635 609,635 639,636 668,636 698,636"/>
                <TextEquiv>
                    <Unicode>⁋ Quam sententiam scholasticorum illi scrip¬</Unicode>
                </TextEquiv>
            </TextLine>
            <TextLine id="r1l15" custom="readingOrder {index:12;}">
                <Coords points="112,683 669,695 704,682 704,650 112,653"/>
                <Baseline points="117,677 146,677 175,677 204,677 233,677 262,677 291,677 320,676 349,676 378,676 408,676 437,676 466,676 495,676 524,676 553,675 582,675 611,675 640,675 669,674 699,674"/>
                <TextEquiv>
                    <Unicode>turae loci quos supra citauimus satis redar¬</Unicode>
                </TextEquiv>
            </TextLine>
            <TextLine id="r1l16" custom="readingOrder {index:13;}">
                <Coords points="104,733 222,722 293,738 351,722 536,740 702,725 702,689 104,691"/>
                <Baseline points="109,721 138,721 167,720 197,720 226,720 256,720 285,720 314,719 344,719 373,719 403,719 432,718 461,718 491,718 520,718 550,718 579,717 608,717 638,717 667,717 697,717"/>
                <TextEquiv>
                    <Unicode>guunt. Neque iuuari possunt Origene, ut ui¬</Unicode>
                </TextEquiv>
            </TextLine>
            <TextLine id="r1l17" custom="readingOrder {index:14;}">
                <Coords points="101,764 453,780 708,767 708,730 101,733"/>
                <Baseline points="106,761 135,761 165,761 195,761 225,760 255,760 285,760 314,760 344,760 374,761 404,761 434,760 464,760 494,760 523,760 553,760 583,760 613,759 643,759 673,758 703,758"/>
                <TextEquiv>
                    <Unicode>deri uolunt, ubi ille de Anima carne &amp; spi¬</Unicode>
                </TextEquiv>
            </TextLine>
            <TextLine id="r1l18" custom="readingOrder {index:15;}">
                <Coords points="104,810 715,814 715,769 104,779"/>
                <Baseline points="109,801 139,801 169,802 199,802 229,802 259,802 289,802 319,802 349,802 379,802 409,802 439,802 469,802 499,802 529,802 559,801 589,801 619,801 649,800 679,800 710,800"/>
                <TextEquiv>
                    <Unicode>ritu dissetuit. Quanquam quid ad nos quid</Unicode>
                </TextEquiv>
            </TextLine>
            <TextLine id="r1l19" custom="readingOrder {index:16;}">
                <Coords points="104,848 715,854 704,811 657,828 518,809 339,825 104,813"/>
                <Baseline points="109,842 139,843 169,843 199,843 229,843 259,843 289,844 319,844 349,844 379,843 409,843 439,843 469,843 499,843 529,843 559,842 589,842 619,842 649,842 679,842 710,841"/>
                <TextEquiv>
                    <Unicode>Origenes sentiat, cum nos de scripturae, non</Unicode>
                </TextEquiv>
            </TextLine>
            <TextLine id="r1l20" custom="readingOrder {index:17;}">
                <Coords points="100,894 429,891 473,904 602,886 594,858 100,851"/>
                <Baseline points="105,886 130,886 156,886 182,885 208,885 234,885 260,885 286,885 312,885 338,885 363,885 389,885 415,885 441,885 467,885 493,885 519,885 545,885 571,884 597,884"/>
                <TextEquiv>
                    <Unicode>de Origenis sententia disputemuss</Unicode>
                </TextEquiv>
            </TextLine>
            <TextLine id="r1l21" custom="readingOrder {index:18;}">
                <Coords points="114,938 692,937 707,898 114,901"/>
                <Baseline points="119,928 148,928 177,928 206,927 235,927 264,927 293,927 323,927 352,927 381,927 410,927 439,927 468,927 497,927 527,927 556,926 585,926 614,926 643,926 672,926 702,925"/>
                <TextEquiv>
                    <Unicode>⁋Quod scholastici negant omnia homi¬</Unicode>
                </TextEquiv>
            </TextLine>
            <TextLine id="r1l23" custom="readingOrder {index:19;}">
                <Coords points="110,981 709,975 709,947 540,931 457,952 110,938"/>
                <Baseline points="115,968 144,969 173,969 203,969 232,969 262,969 291,969 321,969 350,969 380,969 409,969 438,969 468,969 497,968 527,968 556,968 586,968 615,968 645,967 674,967 704,967"/>
                <TextEquiv>
                    <Unicode>num opera peccata esse, caussa fuitque ocu¬</Unicode>
                </TextEquiv>
            </TextLine>
            <TextLine id="r1l24" custom="readingOrder {index:20;}">
                <Coords points="100,1020 715,1022 715,987 652,978 100,975"/>
                <Baseline points="105,1012 135,1011 165,1011 195,1011 226,1011 256,1010 286,1010 316,1010 347,1010 377,1010 407,1010 437,1010 468,1010 498,1010 528,1010 558,1010 589,1010 619,1010 649,1010 679,1010 710,1010"/>
                <TextEquiv>
                    <Unicode>los tantum defixerant in externa opera, adeoque</Unicode>
                </TextEquiv>
            </TextLine>
            <TextLine id="r1l25" custom="readingOrder {index:21;}">
                <Coords points="101,1069 721,1063 721,1038 674,1017 350,1034 310,1016 283,1032 244,1015 101,1021"/>
                <Baseline points="106,1054 136,1054 167,1053 197,1053 228,1052 258,1052 289,1052 319,1052 350,1051 380,1051 411,1051 441,1051 472,1051 502,1051 533,1051 563,1051 594,1051 624,1051 655,1051 685,1051 716,1052"/>
                <TextEquiv>
                    <Unicode>in uelatam Mosi faciem, de adfectibus non iu¬</Unicode>
                </TextEquiv>
            </TextLine>
            <TextLine id="r1l26" custom="readingOrder {index:22;}">
                <Coords points="102,1097 702,1109 714,1076 515,1057 395,1076 313,1058 243,1075 192,1058 101,1068"/>
                <Baseline points="107,1094 137,1095 167,1095 197,1095 227,1095 257,1095 287,1095 317,1094 347,1094 377,1094 408,1093 438,1093 468,1093 498,1092 528,1092 558,1092 588,1092 618,1092 648,1092 678,1093 709,1093"/>
                <TextEquiv>
                    <Unicode>dicabant. At deus corda &amp; adfectus iudicat.</Unicode>
                </TextEquiv>
            </TextLine>
            <TextLine id="line_1606525259456_797" custom="readingOrder {index:23;}">
                <Coords points="109,1154 722,1145 708,1107 260,1117 109,1102"/>
                <Baseline points="114,1138 148,1139 182,1139 217,1138 251,1138 286,1138 320,1137 355,1137 389,1136 424,1136 458,1136 492,1135 527,1135 561,1135 596,1136 630,1136 665,1138 699,1139 717,1140"/>
                <TextEquiv>
                    <Unicode>⁋ Eadem caussa fuit cur finxerint liberum</Unicode>
                </TextEquiv>
            </TextLine>
            <TextEquiv>
                <Unicode>inquit non potuisse iustificationem legis im¬
pleri per canem. Quis non uidet hic sig¬
nari camis uocabulo, potissimas hominis
uires, quae uidentur hominum iuditio posse
legi obtemperare. Idem docet &amp; caput ter¬
tium posterioris Epistolae ad Corinth.
⁋ ld quod monere uolui ne cui impone¬
rent scholastici, cum distinguunt adpetitum
intellectiuum &amp; sensitiuum, tribuuntque sensui
prauos adfectus, intellectiuum adpetitum
liberant uitio.
⁋ Quam sententiam scholasticorum illi scrip¬
turae loci quos supra citauimus satis redar¬
guunt. Neque iuuari possunt Origene, ut ui¬
deri uolunt, ubi ille de Anima carne &amp; spi¬
ritu dissetuit. Quanquam quid ad nos quid
Origenes sentiat, cum nos de scripturae, non
de Origenis sententia disputemuss
⁋Quod scholastici negant omnia homi¬
num opera peccata esse, caussa fuitque ocu¬
los tantum defixerant in externa opera, adeoque
in uelatam Mosi faciem, de adfectibus non iu¬
dicabant. At deus corda &amp; adfectus iudicat.
⁋ Eadem caussa fuit cur finxerint liberum</Unicode>
            </TextEquiv>
        </TextRegion>
    </Page>
</PcGts>
