1000 1385
275 137 895 199 arbitrium, uidebant enim alicubi in ope¬
269 189 887 245 ribus externis quandam esse libertatem. Sic
277 232 885 282 enim iudicat caro de externis operibus.
279 270 889 327 Contra spiritus omnia necessario euenire
279 325 729 364 docet iuxta praedestinationem.
309 363 889 416 In adfectibus nullam esse libertatem ex¬
289 403 516 453 perientia docet.
294 436 887 495 ⁋ Posteaquam omnia in scripturis ad ex¬
281 493 890 529 terna opera referri coeperunt, semel uniuer
281 520 893 567 sa scriptura obscurata est, nec intellectum,
287 571 897 614 quid peccatum, quid gratia, quid lex, quid
284 602 894 666 Euangelium, quid Moses, quid Christus.
284 649 893 704 Et has tenebras plusquam Aegyptias debe¬
289 687 898 739 mus impiae isti & execrabili scholasticorum
285 730 747 787 Theologastrorum philosophiae.
299 768 885 821 ⁋ Quae sit illa cognata cordi impuritas,
291 819 891 872 prauitas, nequicia, quam peccatim origi¬
290 851 895 910 nale uocamus, deplorantque omns sancti
290 895 892 947 ut non sentiat ratio, palam fiet, cum lex
297 937 900 996 reuelabitur, hoc est, cum aperuerit oculos
299 991 895 1036 conscientiae tuae deus, ut infra de lege di¬
294 1026 401 1072 cemus.
297 1062 900 1112 ⁋ Debebamus hoc loco etiam de peccati
283 1103 899 1158 fructibus, hoc est, de uiciorum generibus
