1000 1385
280 94 896 141 ut homo solitarius degat, sed addendum
282 138 896 192 ci esse auxilium uitae. lubet itaque lex ne quis
275 177 891 233 ledatur, hoc est, ut certatim inter nos ame¬
279 226 887 278 mus omnes, ut beneuolentiam nostram stu¬
278 260 894 326 dio & officio omnes experiantur. Itaque haec
279 300 884 366 lex complectitur diuinas, ne quem oecida
280 345 790 396 mus, ne rapiamus aliena & similes.
280 392 892 446 ⁋ Si dicas, cur igitur Magisrtatus, sontes
280 427 893 478 occidunt? Respondeo. Quando quidem
281 476 902 517 ea est rerum humanarum conditio, ex quo pro¬
280 515 892 562 lapsus Adam inussit nobis omnibus notam
286 565 890 606 peccati, ut saepe a malis boni laedantur, ad¬
285 600 889 641 nitendum esse humano generi ut lex de non
281 639 889 688 laedendo in plurimis conseruetur, ideoque co¬
279 687 893 730 hercendos, refrenandos, tollendosque esse e
278 731 894 772 medio, qui publicam pacem interturbant,
287 770 897 817 qui innocentes laedunt, quo plures seruari
279 807 890 859 possint, sublatis iis qui laeserant. Manet lex,
281 851 887 899 neminem laede. At si laesus quispiam fuerit iam
280 892 894 941 hoc agendum est, ne plures laedantur, tol¬
283 931 901 989 lendusque is qui laesit. Pluris est uniuersam
279 972 896 1031 multitudinem seruare quam unum, aut alte¬
280 1019 888 1059 rum, ideo tollitur is, qui malum uniuersae
288 1062 902 1119 multitudini uno aut altero fatinore mali
