1000 1273
280 91 899 147 postulet communis multorum salus. Porro
288 145 900 191 quia rerum humanarum ea est conditio ut
284 189 892 239 aliqua saltem communicatione rerum opus
279 226 893 280 sit, cum deberent esse res natura communes,
285 261 891 314 institutum est ut usu communicentur, nem¬
285 305 887 365 pe per contractus, emptionem, uenditio¬
282 348 881 395 nem, locationem, conductionem & caete¬
280 395 885 436 ros. Et hic cermis quae sit contractuum ori¬
284 435 897 494 go. Vidit haec Plato cum in libro quinto de
286 478 885 522 legibus inquit eam ciuitatem optime ad¬
286 519 891 565 ministrari, in qua quam proxime accedat
290 565 893 607 ad uulgare illud dictum, Amicorum om¬
285 600 886 646 nia esse communia, adeoque ubi non modo
284 645 896 697 res inter se ciuium communes sint, sed etiam
275 683 891 737 sua cuiusque membra, oculi, manus, pedes,
280 728 891 775 os, omnium publicae utilitati seruiant, nec
281 766 895 819 aliud quaerendum esse exemplar bene con¬
274 801 892 861 stitutae reipublicae, nisi eam ciuitatem in qua
279 851 892 895 possit illud Tα CRoή icon& obseruari, sunt
275 892 893 944 itaque reperti contractus per quos suae cuiusque
276 941 890 987 res communicarentur multis, ne nulla pror¬
275 974 889 1027 sus esset rerum communio. Et haec de genera¬
275 1017 896 1071 libus formulis legum naturae, quas hoc mo
276 1054 541 1109 do potes digerete.
