1000 1385
319 83 944 153 lis prudentiae diluere conort?r cum fieri nequeat
321 144 933 188 unquam ut probet lege diuinam nisi qui spiritua
320 181 942 230 lis est. Quid, cur praeceperit Christus non in
320 219 938 274 telliges, ni libeat facere. Imposuerunt etiam
328 267 930 314 huiusmodi carnales argutiae sophistis, cum
324 302 937 354 parum ciuile uideretur omnium opes ita uulgari
327 350 934 393 ut non liceret uidicare suum cuique. Inhumanum
323 388 928 440 etiam habebatur, ignauis fructui esse ocium, si ali
321 432 928 484 enis opibs frui tuto possent. Hinc e praecep
320 474 927 524 tis consilia facta sunt, & recepta est pestilen¬
319 516 929 561 tissima opinio, non posse res publicas admi
317 553 931 604 nistrari iuxta Euangelium, quasi tale aliquid
320 604 931 652 tradiderit Christus, quod ad pauculos tan¬
325 633 936 694 tum monachos, & non potius ad uniuersum
319 680 930 732 genus humanum pertineat. Quid enim oportet
328 728 931 769 esse communius Euangelio, quod Christus uni¬
324 768 935 817 uersae naturae praedicari iussit. Diluit autem &
320 812 936 862 Augusti. in Epistola ad Marcellinum, quae in
323 852 933 898 ordine Augustiniatum Epistolax quinta est.
320 884 924 937 hoc genus carnales calumnias aduersus le¬
325 936 927 981 ge qua uindicta prohibetur. Porro non uetat
315 971 933 1019 scelera puniri a magistratibus, Immo hi ge
319 1021 931 1066 runt gladium ad terrendos malos, ut Apo¬
314 1047 930 1107 stolus Ro. xiii: dicit, sed uetat ne nos priua¬
322 1097 918 1149 tim, cupiditate uindictae, mutuo conficia¬
