1000 1385
292 97 910 156 DEMONAcNO RVM VOTIS.
297 156 911 208 ⁋ Quid autem de monachorum uotis? Pri¬
300 199 905 245 mum quod ad ipsam uoti rationem adti¬
300 240 918 290 net, neque praecipit neque consulit scriptura, ut
298 284 911 335 quidpiam deuoueatur. Non probat autem
300 326 912 367 deus, nisi quae uel praecipit uel consulit. Qua
298 364 906 408 re non uideo quid accedat pietati per uotum.
301 405 905 454 Non exigebat Mosaica lex uoueri quidpiam,
304 443 914 500 sed permittebat. Euangelium cum in totum
307 486 911 532 sit libertas quaedam spiritus, prorsum igno
310 532 916 582 rat uotorum seruitutem. Et quantum mihi
302 571 909 620 uidetur, sola fidei & Euangelicae libertatis
304 616 912 668 ignoratione factum est, cur recepta sit uo¬
304 649 911 696 uendi consuetudo. Nec nihil pugnat cum
300 693 904 743 fide, cum libertate spiritus uouendi ritus.
300 738 911 781 Docent etiam scholastici opus e uoto factum
302 776 917 827 praestare operi, quod citra uotum fit. Impii
310 818 916 864 homines pietatem ab operibus aestimantes
301 864 908 914 & non potius a spiritu & fide. Et cur prop¬
307 906 919 950 ter uotum praeferunt opus, cum tamen nec
311 952 916 997 exigatur, nec consulatur uotum. Deinde
307 990 915 1033 quaeso considera quid deuoueatur. Promit
311 1032 923 1072 tuntur coelibatus, paupertas, & obedien¬
305 1070 926 1121 tia. Coelibatum non nego consuli. Sed cum
