1000 1385
83 129 696 185 lastici & quandiu libebat, utebantur cum condif¬
95 170 695 233 cipulis communiter oibus rebus, obsequebantr
88 218 695 271 parebant liberaliter praeceptoribus, una psal¬
90 260 695 310 lebatur, orabatur, disserebatur, habebaturque totum
95 299 699 345 uitae genus, non pro peculiari quodam Chri¬
89 343 702 387 stianismo, pro statu perfectionis, ut nunc lo
95 386 700 439 quumtur, sed potius p imperfectorum tyrocinio
99 430 700 476 ac rudimento esset. Atque utinam eadem hodie
103 469 699 516 monasteriorum conditio. Nam ita & scholas ha
97 510 699 557 beremus sanctiores & minus superstitionis
94 556 699 604 & impietatis. In qua enim Christianarum rerum
100 596 708 651 parte potentius regnat Antichristus, quam
102 637 439 680 in seruitute monastica.
94 675 705 728 DE IVDICIAEIDVS & ceremonialibus.
102 712 699 770 ⁋ Supersunt iudiciales & ceremoniales le¬
105 765 706 806 ges, de qbus non adtinet in compendio plura
99 800 713 854 dicere. Iudiciales de iudicis, poenis, adeoque
101 839 711 883 de forensibus caussis in literis diuinis popu
105 886 708 927 lo ludaico proditae sunt. Hoc gens leges ig
97 929 705 978 norant euangelicae literae, que uindiciae Chriano
100 970 705 1015 populo phibitae sint, & mandata paupertas
103 1014 710 1058 rerumque communio, & interdictum sit forum, ut
113 1050 706 1088 docet Paulus in priore ad Corint. vi. cap.
105 1086 713 1149 Iam quidem omino delictum est, que lites habetis
110 1136 383 1187 inter uos inuicem.
