1000 1385
69 77 685 154 non sit certum fallere aut falli non posse. Ne¬
75 147 686 202 gat Petrus priuatae, hoc est, humanae expo
77 185 690 231 utionis esse scripturae interpretationem. Nos
69 226 695 285 hominibus permittemus articulos fidei con
72 276 685 321 dere? Quin scripturam praeeuntem, & ut
79 309 680 356 Petrs ait, Aὑxρον qαsoss& & Q&αxαugα Toxφ
78 350 688 400 sequimur? maxime cum neget propheta fu
83 397 692 443 turam lucem matutinam iis, qui non e legis &
83 431 689 483 testimonii iudicio pendet. Notus locus est
80 476 697 526 in octauo cap. Esa. Huc etiam Pauli locus per
82 526 696 573 tinet in priore ad Corinthios, ubi de do¬
82 569 695 613 ctrina Christiana dissetit. Fundamentum
87 600 703 656 aliud poni non posse, praeter id quod posi
85 632 700 690 tum est, hoc est, ad salutem nullam doctri¬
91 690 695 748 nam, nullos articulos necessarios esse, praeter
84 717 710 790 scripturam. Quae superstruuntur ait diem doc
80 777 697 824 mini probaturum. Quod si probanda sunt in
82 821 711 864 die domini, cur recipiuntur non modo, pro
95 855 693 908 probae monetae doctrina, sed pro necessa¬
85 892 697 950 ria etiam ad salutem? Decretum est de transsub
88 940 695 987 stantiatione panis in corpus Christi, in sa¬
90 985 700 1032 cramento, decretum est de Papae primatu,
90 1022 699 1062 idque contra ueterum synodorum constitutiones.
87 1056 705 1123 Quae cum citra certum scripturae suffragium
