1000 1385
290 101 903 163 quibus aliis inanibus uocabulis, & dissimu
289 159 890 201 lari eorum stultitia posset, nisi Euangelium in¬
295 200 900 239 terim & beneficia Chri obscurassent nobis
288 242 889 288 illae stultae disputationes. Iam si libeat ingenio
289 279 900 332 so mihi esse in re non necessaria, facile queam
284 326 896 376 euertere quaecumque pro fidei dogmatis argu¬
287 366 896 409 meta produxerunt, & in his qui multa rectius
294 404 897 459 pro haeresibus quibusdam facere uidentur, quam
298 449 896 498 pro catholicis dogmatis. Reliquos uero lo
297 490 899 534 cos, peccati uim, lege, gratiam, qui ignorarit,
289 524 897 571 non uideo quon Christianum uocem, nam ex his
297 569 900 624 proprie Christus cognoscitu, siquidem hoc est
291 613 902 663 Christum cognoscere, beneficia eius cognosce
290 659 895 697 re, non, quod isti docent, eius naturas, modos in
286 698 903 757 carnationis contueri, Ni scias in quem usum car
293 732 905 786 nem induerit, & cruci adfixus sit Chius, quid
285 783 896 832 proderit eis historiam nouisse? An uero me¬
286 815 897 867 dico satis est nouisse herbarum figuras, colo¬
289 854 898 908 res, liniamenta, uim scire natiuam nihil refert:
289 895 885 949 lta Christum, qui nobis remedii, & ut scrip¬
293 938 896 993 turae uerbo utat, salutaris uice donatus est,
274 979 889 1037 oportet alio quodam modo cognoscamus,
288 1025 891 1070 quam exhibent scholastici. Haec demum Chri¬
284 1063 892 1122 stiana cognitio est, scire qd lex poscat, unde
