1000 1385
339 106 964 160 lis docere, nisi Euangelium. Vnde igitur proba
343 158 959 199 bunt Episcopi ius sibi esse condendi leges
346 193 955 247 An ex hac sententia, cum ait, Qui uos audit,
350 241 966 292 me audit? At in decimo cap. pphetum uult
337 284 963 328 nomine pphetae recipi. Non uult igitur recipi
339 327 955 385 pseudoprophetam, hoc est, eum qui huma¬
348 368 942 421 na commenta, traditiones hominum docet.
356 410 950 452 ⁋ Nam hos scriptura uocat somniatores.
348 441 954 489 Quaeso autem uos Solones Papistae, ac uoxo¬
348 492 951 540 Seγίαt, uel syllabam e scripturis producite,
340 540 955 585 quae uobis auctoritatem faciat, condendi le¬
341 577 961 626 ges? Adimit autem scriptura facultatem condem
340 617 955 666 di leges, cum praecipit, ne quid uel addatur, uel
338 658 950 705 detrahatur legi dei. Adimit & Paulus, cum
339 703 958 746 uocat spiritus ministros, Episcopos noui
348 747 955 793 testamenti. Nam minister spiritus est, qui
339 785 961 829 per legem dei omnium corda damnat, & con
335 821 956 878 esolatur tursus per Euangelium, efficax spiri¬
340 861 949 906 tu dei. Ad eam functionem quid quaeso fa¬
341 915 955 964 ciunt traditiones humanae, quae de exter¬
341 945 952 995 nis tantum operibns iudicant. Damnat tradi
345 987 948 1036 tiones scriptura saepius, quam ut obscurum esse
344 1036 949 1084 possit, quid de eis sentiat. Hieremias. xxiii:
348 1069 957 1132 paleas uocat. Quid paleis ad triticum? item
