1000 1385
69 95 680 163 ditionibus uexamini, & subicit uἔ.incns,
70 159 684 203 illorum traditiones repetens. Ne tetigeritis, ne
79 203 684 248 gustaueritis, ne contrectaueritis, quae sunt
82 244 685 288 omnia in interitum ipso usu secundum prae¬
84 282 690 336 cepta & doctrinas hominum, quae sunt ratio
78 325 690 375 nem quidem habentia sapientiae, in superstitio¬
85 359 705 424 ne, & humilitate, & non ad parcendum cor¬t
85 404 691 456 pori, non in honore aliquo, qui debetur
85 452 689 491 necessitati camis. Hieremiae. xxiii: uetat do¬
79 483 688 537 minus ne audiantur pseudoprophetae, qe
85 531 694 582 haud dubie ad eum casum referri debet, ubi
80 577 690 628 conscientiae perielitantur. Sic autem inquit,
75 618 688 666 iNolite audire uerba prophetarum, qui pro
80 661 689 706 phetant uobis, & decipiunt uos, uisionem
86 704 691 747 cordis sui loquuntur, non de ore domini¬
80 741 694 790 Habeo in hoc loco adstipulatores etiam
85 782 689 824 recentiores quosdam, & potissimum Ger¬
84 820 693 868 sonem, qui nobiscum sentit, non obstringi
88 870 701 917 conscientias humanis traditionibus, hoc est,
92 905 694 962 non peccare eum qui traditionem humanam
91 944 705 999 uiolat, nisi intercedat casus scandali. Vel¬
84 987 701 1034 lem bernardum de his paulo liberius iudi¬
91 1031 696 1085 casse, ubi de dispensatione scribit, Iudica¬
93 1071 705 1123 bit autem certissime spiritus, iuxta illud,
