1000 1385
295 118 920 180 Adamo, ne delibaret poma arboris scien¬
305 171 922 221 tiae boni ac mali. Caino, ne irasceretur fratri
305 215 910 268 suo, & eidem, peccaturum, qui se occideret.
305 265 915 308 In hunc modum legis naturae cognitionem
306 300 918 358 instautabat praedicatione continua spiritus
305 339 915 401 dei, quae iam obscurabatur, excaecatis pecca¬
304 379 915 440 to mentibus humanis, ita ut mihi pene li¬
306 417 917 475 beat uocare legem naturae non aliquod con
305 464 917 522 genitum iudicium, seu insitum & insculprum natu
310 505 913 558 ra mentibus hominum, sed leges acceptas a
307 547 920 611 patribus, & quasi per manus traditas subin
309 599 916 642 de posteritati, ut de creatione rerum, de co¬
315 633 915 685 lendo deo, docuit posteros Adam, sic Cai¬
304 675 920 727 num monuit, ne fratrem occideret &c. Sed
306 715 698 773 ad Euangelium redeamus.
454 756 748 810 Quid Euangelium.
299 801 922 867 ⁋Sicut lex est, qua recta mandantur, qua pec
320 840 917 895 catum ostenditur, ita Euangelium est promissio
318 886 927 940 gratiae, seu misericondiae dei, adeoque condo¬
310 922 923 975 natio peccati, & testimonium beneuolentiae
313 963 920 1022 dei erga nos, quo testimonio certi animi
309 1008 927 1064 nostri, de beneuolentia dei, credant sibi condo
320 1053 933 1098 natam omnem cuspam, & erecti ament, laudent.
316 1095 931 1151 deum, exhilarentur & exultent in deo, ut infra
