1000 1385
330 89 931 144 ris, quam suauiter, quam blande erudiat pios,
331 137 938 182 ut nihil aliud agat, quam, ut saluemur. Tota
331 179 930 226 scriptura alias lex est, alias Euangelium, Ribri
342 224 928 268 Mosi alias lege tradunt, alias Euangelium,
339 265 919 305 deoque Euangelium intra ipsam etiam lege ab
335 297 926 344 ditum est. Quid enim magis Euangelicum reperias
329 339 929 386 quam promissio illa est, quam spiritus dei, pro
327 386 930 432 &coAαγίδ primi praecepti subiecit. Faciens
328 431 921 479 misericordiam in millia his qui diligunt me,
330 466 929 511 & custodiunt praecepta mea. Et uide ex le¬
330 510 930 560 gislatore Mose, quomodo Euangelista, hoc
329 547 923 604 est, gratiae & misericordiae praeco subito fa¬
328 588 920 638 ctus sit? cum inquit in Exodo cap. xxxiiii:
328 627 920 687 Dominator domine deus, miserator & cle¬
312 680 936 725 o mens, patiens & multae miserationis, ac ue¬
331 719 935 759 rax, qui custodis misericondiam in millia, qui
325 751 933 801 aufers inquitatem, et scelera, atque peccata, nul
327 797 930 846 lusque apud te per se innocens est. Da in om
328 841 930 883 nibus noui testamenti literis, magis Euange¬
328 882 916 930 licam contionem. Et ad hunc modum alias lege
325 918 933 970 alias Euangelium Mosaici libri docent. Nihil
323 963 926 1012 iam de figuris loquor, sed de iis, quae palam
321 1008 930 1051 litera prae se fert. Nam illa potissimum spectam
331 1048 933 1104 da sunt. Historiae sacrae, alias legum, alias euam
