1000 1385
316 82 915 156 ⁋Iam in lege, quod ego sciam, iusquam re
311 143 913 199 perias haec uerba. Odio habebis inimicum
315 189 912 231 tuum, ut satis adpareat, non legis sententiam,
308 221 913 278 sed pharisaicam traditionem Christum retulisse,
314 268 912 316 ut damnaret. De Chananeis acceperant lu
316 314 912 366 daei praeceptum, ut eos perderent, Exodi.
313 348 918 402 xxiii, quorsum adlusisse Christum nonnulli
314 391 907 445 opinantur, cum ait dictum esse de persequendis
309 433 909 483 inimicis. Quod si uerum est, quid aliud dice¬
311 475 915 525 mus uoluisse Christum, quam ut reuelato Euan¬
317 515 916 570 gelio, & diruto interstitio maceriae, ut Pau
315 560 914 609 lus ait, & sublato inductoque discrimine gen
318 600 915 643 tium ac ludaeorum, sicut antea ludaeis ludaeos
323 643 915 694 diligere, tum amicos, tum inimicos manda
317 685 920 729 datum fuerat, ita nos tum gentes tum ludaeos, cum
319 723 917 780 amicos tum inimicos diligerems. Quid ant
319 760 919 820 quod de solis etiam Cananaeis lsraeli pceptum fu¬
315 806 922 860 it? Quid quod aduenas etiam iubentur diligere
320 846 918 907 Huc pertinet, quod de foenore decretum em, exte¬
316 890 912 940 ris foenerandum, non cognatis. Nunc cum nulli
319 927 922 995 sint exteri, omnes cognati, in uniuersum inter
324 980 549 1031 dictum est foenus.
329 1004 929 1075 ⁋ Quamquam negari non pont, quin aliqua in le
321 1052 929 1118 ge nouarit Christs, quale illud est de diuor
