1000 1385
95 88 702 147 menstruo pannus, iustitiae sanctorum. Quando
102 133 698 188 quidem etiam Mosen exclamare oportuit. Co¬
99 174 699 231 ram te ne innocens quidem est innocens. Et Naum,
108 207 708 273 Mundans non faciet innocentem. Et Dauid, Ne
104 255 706 312 intres in iudicium cum seruo tuo. Et, Dmne ne in
105 307 705 352 futore tuo arguas me. Et Esaiae. xxxviii. Exe
111 337 705 390 hias, Quasi leo contriuit omna ossa mea. Et
109 382 707 428 hoc est quod parcissime dixit, ut solet omnia lo¬
102 431 707 475 hannes. Per Mosen lex data est, gra & ueritas
105 473 699 520 per Ihesum Christum facta est. Veritas hypo
104 508 715 562 crisi, gratia furori dei opponitur Proinde cum
113 555 712 605 per Ihesum Christum gratia, id est, misericog
114 589 700 647 dia & fauor dei partus sit, & uerax in conde
112 628 710 682 nio iusticia, necesse est ut lex hypocrisis tan
107 674 713 729 tum auctor sit, cum cohercet inuitos & frementes
103 719 715 770 aduersus deum, & irae, cum damnat nos reos.
110 754 707 814 ⁋ Sic Pauls ad Ro. vii. ubi de ui legis diligen
109 794 710 852 tissime disseruit. Peccatum non cognoui nisi
102 841 708 895 per lege. Nam concupiscentiam nesciebam, nisi lex
111 893 713 936 diceret. Non concupisces. ldem cap. iii. per lege
110 933 705 984 cognitio peccati, quisi dicat, hypocritis falso
114 971 717 1020 persuasum, parari lege iusticiam, cum lex tantum
112 1008 715 1058 ostendat cordi peccatum. Deinde occasione
103 1053 711 1101 accepta peccatum per mandatum in me
109 1097 710 1163 operatum est omnem concupiscentiam. ld est,
