1000 1385
296 72 908 121 stupefactus miraculo, adeoque perculsus cor
294 115 912 171 de exclamat. Exi a me due, quia homo pec
305 161 905 215 cator sum. Quem consolatur & reuocat Chri¬
294 199 910 252 stus, cum inquit. Noli timere &c. Ex his exem
296 245 908 300 plis credo posse intellig i, quid inter legem
298 281 904 338 & Euangelium intersit, quae uis sit legis, quae
303 327 903 374 Euangelii. Rex terret, Euangelium consolatur,
281 370 911 420 PTex irae uox est & mortis, Euangelium pacis
298 411 898 456 & uitae, & in summa uox sponsi & sponsae,
299 450 904 501 sicut propheta dicit. Et qui sic erectus uoce
295 495 906 548 Euangelii, credit deo, is iam iustificatus est,
292 529 902 585 ut mox copiosius dicam. Non est obscurum
299 580 903 618 Christianis, quantum gaudii, quantum lae
301 617 905 661 ticiae ista consolatio adferat. Atque huc perti
297 661 899 708 nent letae illae prophetarum uoces, quibus
294 699 897 746 describunt Christum & Ecclesiam. Esaiae.
289 746 901 794 xxxii. Et sedebit populus meus in pulchri¬
285 785 897 829 tudine pacis, & in tabernaculis fiduciae & in
290 827 890 878 requie opulenta. Item gaudium & laeticia
277 860 894 917 d inuenietur in ea & uox laudis. Hiere. xxxiii.
290 907 895 961 Reuelabo illis deprecationem pacis & ueri¬
288 946 895 997 tatis, Et erit mihi in nomen & in gaudium
285 989 891 1042 & laudem & exultationem cunctis gen¬
284 1025 895 1096 tibus terrae. Sophon. iii. Reddam populis
