1000 1385
115 80 719 145 labium electum, ut inuocent omnes nomen dnni.
115 133 716 192 Psal. xx. Faetificabis eum gaudio &c. Et. xevi.
114 174 668 221 Rux orta est iusto & rectis corde laeticia.
107 220 720 269 ⁋ Et quid attinet multa congerere, cum ex
117 262 721 312 promulgatione legis, item ex Christi aduentu
117 306 723 351 satis adpareat tum legis, tum Euangelii uis.
105 346 717 400 Etem quam terribili spectaculo lex promulgata
118 379 718 437 sit describitur. Exod. xix, & nos paulo ante re
115 432 721 468 censuimus. Sicut enim tum Israelem terrebat
117 467 714 516 duns, ita singulorum conscientiae terrentur uoce
117 504 723 555 legis, & una cum Israele clamant, Non loquatur
118 548 722 599 nobis dominus, ne moriamur. Exigit lex
112 585 715 644 impossibilia, coarguitur peccati rea conscien¬
114 632 720 677 tia. Hinc pauor, confusio, sic exercent consc en
117 673 719 732 tiam, ut remedii nihil usquam adpareat, ni ipse
119 715 713 767 qu humiliauit erigat. Suntqui suis uiribus, co
111 760 711 809 natibs, operib. ac satisfactionib, quaerunt con¬
104 795 719 852 solationem. Sed ii non plus efficiunt, quam ffece¬
112 838 716 895 rat Adam suis perizomatis. Ita sut qui se pecca¬
113 884 722 928 to sui arbitrii uiribus, opponunt, eos subinde
113 927 723 966 miserabilius ruere, res ipsa docet. Fallax enim
111 959 717 1016 equus ad salutem, in abundantia uirtutis suae non
111 1002 718 1054 saluabitur, psal. xxxii. Et. Da nobis auxilium
108 1044 721 1112 domine quia uana salus hominis. psal. cvii.
