1000 1385
295 102 903 168 illam qualitatem, mitum est quo supercilio
297 160 909 199 tractent Sophistae, qui tamen quanto re¬
300 195 639 250 ctius, quam isti, sentit
310 239 907 295 ⁋ Sed nos simplicissime nomenclaturam
299 277 910 336 hanc facimus gratiae, secuti phrasin scriptu
305 319 903 377 rae, ut sit gratia, fauor, misericondia, gra¬
297 363 905 410 tuita beneuolentia dei erga nons. Donum,
294 406 910 460 ipse spiritus sanctus, quem in eorum corda
304 446 901 500 effundit, quorum est misertus. Fructus spiri¬
309 490 902 539 tus sancti fides, spes, caritas, & reliquae uir¬
303 527 916 575 tutes. Et haec quidem de nomine gratiae. In
302 569 901 614 summa, non aliud est gratia, nisi condo¬
301 606 903 669 natio seu remissio peccati. Donum est spiri¬
299 657 903 699 tus sanctus regenerans & sanctificans corda.
303 690 906 741 Iuxta illud, Emitte spiritum tuum & creabuntur,
300 737 900 791 & renouabis faciem terrae. Tam gratiam, quam do¬
299 779 906 828 num promittit Euangelium. In promptu
300 822 905 869 sunt scripturae, quare satis uidetur unum lo¬
302 863 909 917 cum indicasse. Hiere. xxxi. Post dies illos
303 901 900 956 dicit dominus dabo legem meam in uisceri¬
301 943 909 1002 bus eorum, & in corde eorum scribam eam, quae
301 989 908 1042 uerba certe ad donum pertinent. Ad gratiam
305 1027 910 1079 ea quae sequuntur. Omnes cognoscent mea
301 1076 906 1134 minimo eorum usque ad maximum, ait duns,
