<?xml version="1.0" encoding="UTF-8" standalone="yes"?>
<PcGts xmlns="http://schema.primaresearch.org/PAGE/gts/pagecontent/2013-07-15" xmlns:xsi="http://www.w3.org/2001/XMLSchema-instance" xsi:schemaLocation="http://schema.primaresearch.org/PAGE/gts/pagecontent/2013-07-15 http://schema.primaresearch.org/PAGE/gts/pagecontent/2013-07-15/pagecontent.xsd">
    <Metadata>
        <Creator>prov=University of Rostock/Institute of Mathematics/CITlab|PLANET AI GmbH/Gundram Leifert/gundram.leifert@planet-ai.de:name=cod-8jWitP-m2(htr_id=28337)::::v=2.6.7
prov=University of Rostock/Institute of Mathematics/CITlab|PLANET AI GmbH/Tobias Gruening/tobias.gruening@planet-ai.de:name=de.uros.citlab.module.baseline2polygon.B2PSeamMultiOriented:v=2.6.7
prov=University of Rostock/Institute of Mathematics/CITlab|PLANET AI GmbH/Tobias Gruening/tobias.gruening@planet-ai.de:name=/net_tf/LA73_249_0mod360.pb:de.uros.citlab.segmentation.CITlab_LA_ML:v=2.6.6
Transkribus</Creator>
        <Created>2020-11-27T19:41:46.485+01:00</Created>
        <LastChange>2020-12-03T01:38:51.525+01:00</LastChange>
        <TranskribusMetadata docId="545733" pageId="22844859" pageNr="156" tsid="49971302" status="IN_PROGRESS" userId="25065" imgUrl="https://files.transkribus.eu/Get?id=EZOZXFNXURZMUMYFYHMLUGRL&amp;fileType=view" xmlUrl="https://files.transkribus.eu/Get?id=KXGCUNIXXCDMUDSKINWQOVKX" imageId="17813838"/>
    </Metadata>
    <Page imageFilename="155.jpg" imageWidth="1000" imageHeight="1385">
        <ReadingOrder>
            <OrderedGroup id="ro_1606957331212" caption="Regions reading order">
                <RegionRefIndexed index="0" regionRef="TextRegion_1606527923137_1805"/>
            </OrderedGroup>
        </ReadingOrder>
        <TextRegion orientation="0.0" id="TextRegion_1606527923137_1805" custom="readingOrder {index:0;}">
            <Coords points="292,116 915,116 915,1109 292,1109"/>
            <TextLine id="line_1606527923177_1808" custom="readingOrder {index:0;}">
                <Coords points="287,155 899,156 906,110 482,96 438,118 350,100 287,115"/>
                <Baseline points="292,142 303,142 334,142 366,141 397,141 429,140 460,140 492,140 523,140 555,140 586,140 617,140 649,139 680,139 712,139 743,139 775,139 806,138 838,138 869,137 901,136"/>
                <TextEquiv>
                    <Unicode>⁋ Est itaque fides, non aliud nisi fiducia mi¬</Unicode>
                </TextEquiv>
            </TextLine>
            <TextLine id="r1l3" custom="readingOrder {index:1;}">
                <Coords points="305,199 913,192 913,161 856,152 382,162 305,146"/>
                <Baseline points="310,179 339,180 369,181 399,182 429,182 459,183 489,183 519,183 549,183 579,182 609,182 638,182 668,181 698,181 728,181 758,181 788,181 818,181 848,181 878,182 908,183"/>
                <TextEquiv>
                    <Unicode>sericondiae diuinae, promissae in Christo,</Unicode>
                </TextEquiv>
            </TextLine>
            <TextLine id="r1l4" custom="readingOrder {index:2;}">
                <Coords points="299,232 910,239 910,199 568,191 546,205 496,189 299,207"/>
                <Baseline points="304,223 334,224 364,224 394,225 424,225 454,225 484,225 514,225 544,224 574,224 604,224 634,224 664,223 694,223 724,222 754,222 784,222 814,221 844,221 874,220 905,220"/>
                <TextEquiv>
                    <Unicode>adeoque quocunque signo, Ea fiducia beneuo</Unicode>
                </TextEquiv>
            </TextLine>
            <TextLine id="r1l5" custom="readingOrder {index:3;}">
                <Coords points="294,277 904,280 891,236 512,228 344,245 294,227"/>
                <Baseline points="299,265 329,265 359,266 389,266 419,266 449,266 479,266 509,266 539,266 569,266 599,266 629,265 659,265 689,265 719,265 749,265 779,265 809,264 839,264 869,264 899,265"/>
                <TextEquiv>
                    <Unicode>dentiae, seu misericondiae dei cor primum pa¬</Unicode>
                </TextEquiv>
            </TextLine>
            <TextLine id="r1l6" custom="readingOrder {index:4;}">
                <Coords points="306,322 912,320 912,285 857,277 306,276"/>
                <Baseline points="311,308 340,308 370,308 400,308 430,308 460,308 489,308 519,308 549,308 579,308 609,308 638,308 668,307 698,307 728,307 758,307 787,307 817,307 847,306 877,306 907,305"/>
                <TextEquiv>
                    <Unicode>cificat, deinde &amp; accendit uelut gratiam actu¬</Unicode>
                </TextEquiv>
            </TextLine>
            <TextLine id="r1l7" custom="readingOrder {index:5;}">
                <Coords points="301,359 915,358 915,325 880,321 301,318"/>
                <Baseline points="306,348 336,348 366,348 396,348 426,348 457,348 487,348 517,348 547,348 577,349 608,349 638,349 668,349 698,349 728,348 759,348 789,348 819,348 849,348 879,347 910,347"/>
                <TextEquiv>
                    <Unicode>ros deo pro misericordia, ut legem sponte</Unicode>
                </TextEquiv>
            </TextLine>
            <TextLine id="r1l8" custom="readingOrder {index:6;}">
                <Coords points="301,399 915,403 915,366 883,361 655,373 607,355 545,371 518,355 301,354"/>
                <Baseline points="306,390 336,390 366,390 396,390 426,390 457,390 487,390 517,390 547,390 577,390 608,390 638,390 668,390 698,390 728,390 759,390 789,390 819,389 849,389 879,389 910,388"/>
                <TextEquiv>
                    <Unicode>&amp; hilariter faciamus. Alioqui quo ad non cre</Unicode>
                </TextEquiv>
            </TextLine>
            <TextLine id="r1l9" custom="readingOrder {index:7;}">
                <Coords points="294,449 905,435 905,408 809,399 294,403"/>
                <Baseline points="299,433 329,433 359,433 389,432 419,432 449,432 479,432 509,432 539,432 569,432 599,432 629,432 659,432 689,432 719,431 749,431 779,431 809,431 839,430 869,430 900,429"/>
                <TextEquiv>
                    <Unicode>dimus, non est in corde sensus misericor¬</Unicode>
                </TextEquiv>
            </TextLine>
            <TextLine id="r1l10" custom="readingOrder {index:8;}">
                <Coords points="304,484 887,490 906,484 906,445 304,446"/>
                <Baseline points="309,474 338,474 368,474 397,474 427,474 457,474 486,474 516,473 545,473 575,473 605,473 634,473 664,473 693,473 723,472 753,472 782,473 812,473 841,473 871,473 901,474"/>
                <TextEquiv>
                    <Unicode>diae dei. Vbi non est sensus misericondiae dei, </Unicode>
                </TextEquiv>
            </TextLine>
            <TextLine id="r1l11" custom="readingOrder {index:9;}">
                <Coords points="304,528 916,520 916,490 776,480 686,496 604,480 573,494 304,485"/>
                <Baseline points="309,515 339,515 369,515 399,515 429,515 459,515 489,515 519,515 549,515 579,515 610,515 640,515 670,515 700,515 730,515 760,515 790,515 820,515 850,514 880,514 911,513"/>
                <TextEquiv>
                    <Unicode>est aut contemptus dei, aut odium. Quare</Unicode>
                </TextEquiv>
            </TextLine>
            <TextLine id="r1l12" custom="readingOrder {index:10;}">
                <Coords points="303,571 733,559 903,579 903,532 303,528"/>
                <Baseline points="308,556 337,556 367,556 396,556 426,556 455,556 485,556 514,556 544,556 573,556 603,555 632,555 662,555 691,555 721,555 750,555 780,555 809,555 839,555 868,555 898,555"/>
                <TextEquiv>
                    <Unicode>quantacunque legis opera fiant sine fide, pec¬</Unicode>
                </TextEquiv>
            </TextLine>
            <TextLine id="r1l13" custom="readingOrder {index:11;}">
                <Coords points="305,609 912,613 911,579 832,565 304,571"/>
                <Baseline points="310,599 339,599 369,599 399,599 429,598 459,598 489,598 518,598 548,598 578,598 608,598 638,597 668,597 698,597 727,597 757,597 787,597 817,597 847,597 877,597 907,596"/>
                <TextEquiv>
                    <Unicode>catur. Atque hoc est quod Paulus ait ad Ro¬</Unicode>
                </TextEquiv>
            </TextLine>
            <TextLine id="r1l15" custom="readingOrder {index:12;}">
                <Coords points="305,653 864,657 913,642 913,613 514,619 399,602 305,618"/>
                <Baseline points="310,640 339,640 369,640 399,640 429,640 459,640 489,640 519,640 549,640 579,639 609,639 638,639 668,639 698,639 728,638 758,638 788,638 818,638 848,638 878,638 908,638"/>
                <TextEquiv>
                    <Unicode>xv. Quidquid non est ex fide, peccatum est.</Unicode>
                </TextEquiv>
            </TextLine>
            <TextLine id="r1l18" custom="readingOrder {index:13;}">
                <Coords points="315,694 859,695 915,682 915,653 315,655"/>
                <Baseline points="320,680 349,680 379,681 408,681 438,681 467,681 497,680 526,680 556,680 585,680 615,680 644,680 674,680 703,680 733,680 762,680 792,680 821,680 851,679 880,679 910,679"/>
                <TextEquiv>
                    <Unicode>Quae sententia fidei uim atque natura clarissi</Unicode>
                </TextEquiv>
            </TextLine>
            <TextLine id="r1l20" custom="readingOrder {index:14;}">
                <Coords points="310,729 916,736 916,699 888,689 310,695"/>
                <Baseline points="315,722 344,723 374,723 404,723 434,723 464,722 493,722 523,722 553,722 583,722 613,721 642,721 672,721 702,721 732,720 762,720 791,720 821,720 851,721 881,721 911,721"/>
                <TextEquiv>
                    <Unicode>me exponit. Nam quidquid fit a natura fit</Unicode>
                </TextEquiv>
            </TextLine>
            <TextLine id="r1l21" custom="readingOrder {index:15;}">
                <Coords points="303,781 666,768 871,785 905,775 905,741 667,727 303,743"/>
                <Baseline points="308,764 337,764 367,765 396,765 426,765 456,765 485,764 515,764 544,764 574,764 604,763 633,763 663,763 692,762 722,762 752,762 781,762 811,762 840,762 870,763 900,763"/>
                <TextEquiv>
                    <Unicode>aut odio dei, cuiusmodi opera sunt eorum,</Unicode>
                </TextEquiv>
            </TextLine>
            <TextLine id="r1l22" custom="readingOrder {index:16;}">
                <Coords points="305,826 389,811 910,820 910,781 305,782"/>
                <Baseline points="310,806 339,806 369,806 399,806 429,806 458,806 488,805 518,805 548,805 577,805 607,805 637,805 667,805 696,805 726,805 756,805 786,805 815,805 845,805 875,805 905,805"/>
                <TextEquiv>
                    <Unicode>qui inuiti, metu legis &amp; poenarum bene ope¬</Unicode>
                </TextEquiv>
            </TextLine>
            <TextLine id="r1l23" custom="readingOrder {index:17;}">
                <Coords points="305,860 826,861 909,849 909,820 571,825 530,810 470,829 305,826"/>
                <Baseline points="310,848 339,848 369,847 399,847 428,847 458,847 488,847 517,847 547,847 577,847 607,847 636,847 666,847 696,847 725,847 755,846 785,846 814,846 844,846 874,845 904,845"/>
                <TextEquiv>
                    <Unicode>rantur. Nam cum sine fide bona opera simu¬</Unicode>
                </TextEquiv>
            </TextLine>
            <TextLine id="r1l24" custom="readingOrder {index:18;}">
                <Coords points="308,900 910,905 910,866 864,857 308,860"/>
                <Baseline points="313,890 342,890 372,890 401,890 431,890 461,889 490,889 520,889 549,889 579,888 609,888 638,888 668,887 697,887 727,887 757,887 786,887 816,888 845,888 875,889 905,890"/>
                <TextEquiv>
                    <Unicode>lamus, nonne sic cogitat cor nostrum. Ego</Unicode>
                </TextEquiv>
            </TextLine>
            <TextLine id="r1l25" custom="readingOrder {index:19;}">
                <Coords points="311,945 911,937 910,906 842,897 310,908"/>
                <Baseline points="315,931 344,931 374,932 403,932 433,932 462,932 492,931 521,931 551,931 580,930 610,930 639,929 669,929 698,929 728,929 757,928 787,929 816,929 846,929 875,930 905,930"/>
                <TextEquiv>
                    <Unicode>quidem, quod potui feci, sed nescio utrum pro</Unicode>
                </TextEquiv>
            </TextLine>
            <TextLine id="r1l26" custom="readingOrder {index:20;}">
                <Coords points="299,986 691,991 774,975 896,991 913,989 913,942 299,946"/>
                <Baseline points="304,973 334,973 364,973 394,973 424,973 455,973 485,973 515,972 545,972 575,972 606,971 636,971 666,970 696,970 726,970 757,970 787,970 817,970 847,970 877,971 908,971"/>
                <TextEquiv>
                    <Unicode>bet mea opera deus, aut improbet. Seuerus</Unicode>
                </TextEquiv>
            </TextLine>
            <TextLine id="r1l27" custom="readingOrder {index:21;}">
                <Coords points="299,1027 913,1020 913,995 881,983 299,987"/>
                <Baseline points="304,1014 334,1014 364,1015 394,1015 424,1015 455,1015 485,1014 515,1014 545,1014 575,1013 606,1013 636,1012 666,1012 696,1012 726,1011 757,1011 787,1011 817,1011 847,1012 877,1012 908,1013"/>
                <TextEquiv>
                    <Unicode>iudex est, nescio utrum sit mei misertus, an</Unicode>
                </TextEquiv>
            </TextLine>
            <TextLine id="r1l28" custom="readingOrder {index:22;}">
                <Coords points="303,1065 876,1072 908,1064 908,1026 303,1030"/>
                <Baseline points="308,1056 337,1055 367,1055 397,1055 427,1055 456,1055 486,1055 516,1055 546,1055 575,1055 605,1055 635,1055 665,1054 694,1054 724,1054 754,1054 784,1054 813,1054 843,1054 873,1053 903,1053"/>
                <TextEquiv>
                    <Unicode>constra. Ea cogitatione qui fieri potest, ut non</Unicode>
                </TextEquiv>
            </TextLine>
            <TextLine id="r1l29" custom="readingOrder {index:23;}">
                <Coords points="305,1110 712,1115 765,1099 920,1126 920,1062 305,1066"/>
                <Baseline points="310,1099 340,1099 370,1099 400,1099 431,1099 461,1099 491,1099 521,1099 552,1099 582,1098 612,1098 642,1097 673,1097 703,1097 733,1097 763,1096 794,1096 824,1096 854,1096 884,1097 915,1097"/>
                <TextEquiv>
                    <Unicode>irascamur iudicio dei. Et in hac hypocrisi</Unicode>
                </TextEquiv>
            </TextLine>
            <TextEquiv>
                <Unicode>⁋ Est itaque fides, non aliud nisi fiducia mi¬
sericondiae diuinae, promissae in Christo,
adeoque quocunque signo, Ea fiducia beneuo
dentiae, seu misericondiae dei cor primum pa¬
cificat, deinde &amp; accendit uelut gratiam actu¬
ros deo pro misericordia, ut legem sponte
&amp; hilariter faciamus. Alioqui quo ad non cre
dimus, non est in corde sensus misericor¬
diae dei. Vbi non est sensus misericondiae dei, 
est aut contemptus dei, aut odium. Quare
quantacunque legis opera fiant sine fide, pec¬
catur. Atque hoc est quod Paulus ait ad Ro¬
xv. Quidquid non est ex fide, peccatum est.
Quae sententia fidei uim atque natura clarissi
me exponit. Nam quidquid fit a natura fit
aut odio dei, cuiusmodi opera sunt eorum,
qui inuiti, metu legis &amp; poenarum bene ope¬
rantur. Nam cum sine fide bona opera simu¬
lamus, nonne sic cogitat cor nostrum. Ego
quidem, quod potui feci, sed nescio utrum pro
bet mea opera deus, aut improbet. Seuerus
iudex est, nescio utrum sit mei misertus, an
constra. Ea cogitatione qui fieri potest, ut non
irascamur iudicio dei. Et in hac hypocrisi</Unicode>
            </TextEquiv>
        </TextRegion>
    </Page>
</PcGts>
