1000 1385
298 88 907 164 trem, in ea prece, quam quotidie dicimus, so
299 158 906 210 Ia haec satis magno argumento esset, nihil
300 197 907 254 exigi a nobis prius fide. Nunc cum hanc
303 248 909 288 toties exigat deus, cum hanc toties unam
295 290 901 339 probet, cum hanc nobis locupletissimis pro¬
298 329 907 378 missionibus, adeoque per mortem filii sui com
282 368 903 414 Imendarit, quid est, cur non illi nos tantae
285 407 896 450 misericordiae committamus & credamus
289 445 904 506 Scolastica theologia pro fide, pro ancho¬
300 490 903 539 ra conscientiarum, opera, satisfactioes ho¬
293 528 897 596 misue docuit. Male peidat deus scandalum
295 570 555 620 illud Ecclesiae suae.
276 602 899 666 V⁋ Habes, in quam partem fidei nomen usur
289 658 897 710 pet scriptura, nempe pro eo quod est, fidere
288 700 897 755 gratuita dei misericordia, sine ullo operum
285 749 894 793 nostrorum siue bonorum siue malorum respe¬
290 784 901 830 ctu. Quia de Christi plenitudine omes acci
291 820 894 872 pimus. Iam omni uerbo dei minis & pro¬
284 866 894 918 missionibus, historiae diuinae uere adsen¬
284 899 895 956 tiuntur qui sic fidunt. Scholastica fides nihil
285 943 890 993 nisi mortua opinio est. Nam quomodo cre¬
288 981 891 1036 dunt omni uerbo dei? qui promissam re¬
286 1024 881 1073 missionem peccatorum non credunt? Non enim ua¬
275 1067 894 1131 letque dicunt Sophistae impios credere, non
