1000 1385
103 104 707 156 sibi quidem, sed aliis remissionem pecca¬
105 144 705 202 torum contingere. Quaeso enim an non iis quoq
104 185 715 242 impiis promissa est condonatio peccatorum :
97 224 715 275 sed non instituimus disputare, contenti pau
108 265 718 318 cis indicasse quid nomine fidei significare¬
113 309 711 362 tur. Extat Eutheri libellus de Christiana li¬
113 351 711 400 bertate, e quo qui uolet fidei commendatio¬
107 395 717 444 nes alias requitat. Porro fidei uim, opinor e
107 434 685 486 scripturae exemplis clarius cognoscemus.
111 470 714 522 ⁋Genesis. xv. promittit misericordiam suam
110 518 720 569 Abrahae deus uerbis magnificis. Noli time¬
110 566 713 615 te Abraham, ego protector tuus sum, & mer¬
115 605 714 656 ees tua magna ualde. Paulo post pollicetur
110 641 722 702 etiam posteritatem, Sequitur autem, Credidit Abra
110 687 714 731 ham deo, & reputatum est ei ad iustitiam. Quid
108 733 725 769 igitur credebat Abrahae non aliud nisi esse deum
111 756 731 812 immo & promissioni dei credidit, eamque fidem
116 805 733 871 deinde declarauit egregio exemplo, cum filiu
111 861 715 901 esset immolaturus, nihil dubitans, quin da¬
115 888 724 945 turus esset deus posteritatem, etiam hoc filio ne
121 928 728 985 cato am cum fides sit adsentiri uerbo dei, quid
105 973 725 1028 crediderit Abraham ex promissione quoque sa
113 1024 720 1059 tis apparet, cum se protectorem illi addicit des.
110 1060 723 1128 Ergo credunt qui pro protectore, pro patre,
