1000 1385
304 95 910 175 deum habent, non pro iudice tantum. Exodi
297 166 915 210 xiiii, fremunt lsraelitae per diffidentiam, cum
297 198 905 250 fugam suam intercluderent maria, montes,
295 241 910 301 & nostis a tergo instaret. Hos iubet consiste
300 288 907 337 re Moses, uisuros magnalia dei, & addit p
300 327 915 385 missionem, Dominus pugnabit pro uobis &
290 382 905 420 uos tacebitis. Quid si hic de fide disputa¬
289 411 909 456 ssent pro more scholarum nostratum Israelitae.
295 450 906 509 Satis esse si historiae credant, que sit deus, que
292 492 909 539 malis poenas, bonis premia dispenset, se
294 533 910 586 quoque malos esse & fieri posse, ut punire ue
289 585 900 628 lit utrosque tum Aegyptios, tum lsraelem.
294 622 899 669 Sed credebant diuinae uoci, diuinis miracu
290 657 900 712 lis, fidebant misericondia dei, ut maxime
290 703 898 760 ipsi quoque mortis essent rei, atque ita commit¬
284 745 896 789 tebant se alueo per fidem. Et iam hoc exem¬
290 791 900 838 plo experti uoluntatem dei erga se, eum uiderent
287 831 897 877 se seruatos, Aegyptium perisse undis, timue¬
288 866 894 925 tunt, inquit, dominum, & crediderunt do¬
288 913 896 954 mino, & Mosi seruo eius. Et ea quidem no¬
289 951 895 1011 bis exempla sunt exhibita ut discamus cre¬
285 993 897 1046 dere, non illa quidem Sophistica fide, sed
288 1039 896 1094 hac fiducia uerbi dei, qualem fuisse in Mo¬
284 1077 590 1136 se uides hoc loco &c.
