1000 1385
110 91 718 153 & silibs. Haec oportuit monere quo facilis
118 146 717 199 postea indicari posset legis ac grae discrimem
119 187 716 244 Imo quo certisetiam cognosci posset, num qui
114 227 715 271 sit penes hominem libertas. Et in hac re mitum
114 270 714 322 est, quam operose uersati sint tum ueteres, tum no
115 313 709 355 ui. Nos, si quies haec calunniabitur, libenter & for¬
105 351 715 402 titer tuebimur nia. Volui enim mon pinguissi¬
107 392 714 444 me delineare hominem, & uideor mihi, quam
110 438 708 482 tum oino retulit, de hominis partibs dixisse¬
147 478 700 521 Pertinet autem ad uim cognoscendi lex
107 518 698 574 idest cognitio faciendoge. Ad uim affectui
110 558 711 615 uittus, peccatum. Ribertas non dicitur proprie
104 607 707 650 cadere in partem cognoscentem, uerum ea uolun¬
113 649 705 699 tati obtemperans, huc aut illuc rapitur. Est au¬
109 680 710 738 tem libertas, posse agere, aut non agere, posse
113 722 706 775 uic aut aliter agere. Itaque in questionem uocatr
105 764 705 819 sit ne libera uoluntas, & quatenus libera sit.
144 807 705 857 REoPON. Quando quidem omia quae
106 852 705 904 eueniunt, necessario iuxta diuinam praedesti¬
103 899 719 938 nationem eueniunt, nulla est uoluntatis nostrae
101 936 696 981 libertas. Paul. ad Ro. xi. Quoniam ex ipso, &
100 974 718 1028 in ipo &c. Ad Ephe.i. Qui operatur ona se¬
102 1015 702 1061 cundum consilium uoluntatis suae. Mat. x.
98 1062 698 1111 None duo passeres asse ueneunt, & unus ex
102 1101 699 1146 illis non cadet super terram sine patre uestro.
