1000 1385
297 88 917 152 & custodierit me in uia per quam ego ambu¬
304 139 914 194 lo & dederit mihi panem ad uescendum, &
305 191 915 235 uestimentum ad induendum &c, erit mihi
303 228 921 275 dominus in deum. Fidem misericordiae &
307 268 921 324 bonitatis dei eff cacissime nobis commenda¬
300 320 910 364 uit Moses exemplis operum & promissio¬
308 358 923 409 num corporalium. Deutero. viii. Adssixit te
305 397 918 448 penuria & dedit tibi cibum manna, quod
319 437 917 490 gnorabas tu & patres tui, ut O STίEN¬
316 481 922 531 D E RET tibi, quod non in solo pane ui
310 522 920 575 uat homo, sed in omni uerbo, quod egre¬
299 567 922 615 editur de ore dei. Adeo uerbum uitae est, quo¬
312 604 918 653 cunque misericordiam dei cognoscit cor hu¬
309 642 917 697 manum. Huius formae exempla fidei recensentu
311 686 925 743 ad Hebr. xi, quorum pleraque ad res corporales
313 733 926 788 pertinent. Et cur non ad hunc locum acco
312 768 726 825 modamus totum illud caput.
333 785 924 868 IPrincipio fidem sic definit. Fides est speram
330 859 931 910 larum rerum hypostasis, id est, expectatio, cer
309 894 925 952 titudo non apparentium. Hanc ὑ πγραφαα fi¬
313 935 927 993 dei eiusmodi gilossematis detorserunt ad
312 986 925 1031 sua somnia sophistae, & ad carnalem illam
308 1019 924 1081 opinatiunculam, quam fidem uocarunt ut plane
292 1059 926 1130 nihil Apostolicae sententiae intelligeretur. Pro
