1000 1385
98 94 720 153 eui non adhaeret profunditas cordis. Fide
102 152 699 193 Noe resposo accepto, metuens ea quae non
97 186 705 231 dum uidebantur, parauit arcam ad salutem
98 227 707 277 domus suae. Ecce duo complectitur Nohae fi
97 261 711 319 des, minas & promissionem. Atque id est, qd
96 308 710 378 ante dixi, nulli uerbo dei impios credere,
102 347 705 397 nec minis, nec promissionibus. Nohe deo
97 393 710 447 gioriam ueritatis tribuit, ideo & minas formi
104 430 712 494 dat, & promissione salutis, adeoque miseri¬
98 475 704 524 cordia fidit. Multi, ne dubita, illis quoque ten¬
100 519 710 579 poribus fuere hypocritae qui fidem simula
97 558 715 607 runt, esse deum, esse malorum uindicem, esse
105 598 717 658 bonorum seruatorem. Sed hos illae dei minae
104 644 709 694 nihil mouerant. Quare? que non crederent.
102 683 717 740 uero corde, nec mouit promissio salutis,
109 726 717 779 per Arcam, que non fiderent misericondiae
101 768 709 822 dei SVPERS E. Adeo nihil est sophi¬
99 810 709 858 stica fides, nisi mera impostura, merum lu
99 847 716 898 dibrium animarum, & tamen impii & &bor
103 889 723 937 Sophistae docent satis esse illam suam fictam.
99 933 716 991 fidem ad bonum opus. Cum bonum opus non
98 974 725 1028 sit quod aut odio aut contemptu dei fit. Fite
103 1021 719 1066 autem odio & contemptu dei, quidquid non
94 1058 718 1127 sit fiducia misericondiae & bonitatis dei. Si¬
