1000 1385
320 85 940 158 Christo exponi non potest. Atque ita interpre
323 152 943 203 tatur? Apostolus ad Qalat. iii. In semine tuo,
325 191 939 238 qui est Christus, & expectatam esse posteritatem
318 231 927 285 expectatum esse regnum propter Christum pro¬
319 268 935 314 missum satis declarat lacob Genesis. xlix.
325 310 933 369 Non auferetur sceptrum de luda, & dux de
316 359 933 409 foemore eius, donec ueniat qui mittendus
321 399 930 446 est, & ipse erit expectatio gentium, ubi quid
317 442 926 485 aliud uoluit, nisi regni, adeoque omnes corpo¬
314 478 930 526 rasium rerum promissiones in Christeum referri,
323 518 924 567 & in Christo consumati. Hoc in caussa est
320 556 921 619 cur nullo discrimine Paulus quasuis pro¬
325 601 928 660 missiones Abrahae factas citat, Ad Calatas
319 644 931 692 iii, eam quae est Genesis xii. In te benedicen
326 689 932 745 tur omnes gentes. Et ad Romanos. iiii. dicit
319 732 938 777 Abrahae promissam haereditatem mundi, &
318 768 925 824 quod filii Abrahae sint ex omibus gentibs qui cre¬
323 819 923 866 didere, & que omes fideles sint reges in Chri¬
318 853 928 912 sto rege. Sicut psalmus ait. Omia subiecisti
313 896 932 952 sub pedes eius. Rursum, qui manifeste reue
305 935 928 989 lato Euangelio in Christum credunt, in eo
320 979 926 1040 omnes corporales benedictiones habent, nam
325 1025 937 1075 si proprio filio deus non pepercit, sed pro
316 1069 928 1127 nobis omnibus tradidit eum, quomodo
