1000 1385
83 80 702 139 non omnia cum eo donarit? Idem appa¬
88 145 708 186 ret ex regni ratione, que omnes creaturae, ut
90 174 705 236 Christo, ua illius fratribus subiectae sunt,
84 215 705 267 mors, fames, gladius, potestates, summa,
98 255 699 315 infima, peccatum, denique quidquid est om¬
88 293 714 358 nium rerum, quas metuere humana imbecilli¬
102 339 698 403 tas solet, in nostra potestate est, sub pedes
92 379 705 442 nostros subiectum est, nisi regnare Christum
90 426 723 482 non credimus. Huc illud pertinet, quod su¬
98 468 698 519 pra dixi, fidem spargi in omnes casus uitae,
94 504 691 564 mortisque nostrae, que nulla creatura recte uta
101 550 705 601 mur, nium per fidem, que omnibus creaturis
94 591 702 651 abutamur per diffidentiam, hoc est, non cre¬
97 628 705 684 dentes in creaturae usu nos placere deo, diffi
96 673 701 732 dentes in usu creaturae de misericordia, de
100 715 706 776 beneuolentia dei erga nos. Abutitur inopia,
90 766 705 816 morte, aduersis rebus, qui non credit diui¬
91 810 705 854 nae misericordiae opera esse, qui hic diffi¬
97 844 706 894 dit, ad humana praesidia profugit, qui du
95 886 720 954 bitat se in Christo uincere posse. Sic abusus¬
90 930 704 969 fuisset tristissimo imperio de mactando fi¬
91 973 705 1024 lio Abraham, nisi libenter obsecundans,
100 1006 708 1066 commisisset se misericordiae diuinae confi¬
91 1051 711 1116 sus nihil non agi secum a deo paterno adfectu.
