1000 1385
297 110 904 158 nis hic imperandum est. Sic Solomon, cum in
301 148 904 204 praedestinationis cogitatione uersatus esset,
306 188 906 243 inquit, Et intellexi, que omnium operum dei
305 237 908 279 nullam possit homo inuenire rationem eog
304 277 917 326 quae sub sole fiunt. Sed ineptus uidear, qui
304 313 915 368 statim intio operis de asperrimo loco, de
305 356 912 416 praedestinatione disseram. Quanquam quid
305 404 912 447 attinet in Compendiosprimo, an postre¬
305 443 917 486 mo loco id agam, quod in omnes dispu¬
312 484 910 525 tationis nostrae partes incidet? Et cum de libe
305 519 915 571 ro arbitrio omnino primo loco agendum
309 560 914 609 esset, qui potui dissimulare sententiam scrip¬
312 608 912 658 turae de praedestinatione, quando uoluntati
301 651 912 705 nostrae libertatem, per praedestinationis ne¬
307 693 914 742 cessitatem adimit scriptura. Quanquam non
299 732 919 777 omnino nihil puto referre, statim pueriles
312 774 915 814 mentes hac sententia imbui, que omnia eue
304 814 910 860 niant, non iuxta hominum consilia & cona¬
315 852 915 901 tus, sed iuxta dei uoluntatem. An non hoc So
315 896 909 948 lomon in illis gnomis suis, quas puericiae
305 929 912 992 scripsit, statim a principio monet. Et quod
310 975 917 1026 asperior paulo sententia de praedestinatione
310 1014 910 1071 uulgo uidetur, debemus illi impiae Sophi¬
304 1061 915 1120 starum theologiae, quae sic inculcauit nobis
