1000 1385
83 103 689 168 mus, nondum decimas. Adhuc expectamus,
89 161 685 206 ut ad Ro. viii, dicitur, cum gemitu redemp
91 200 692 253 tionem corporis nostri. Proinde quod in his etiam
91 246 695 292 operibus immundum quiddam est, iusticiae
87 282 697 336 adpellationem non merentur, & quaqua te
83 321 692 368 uerteris, siue ad opera praecedentia iustifica
87 369 684 413 tionem, siue ad ea quae sequuntur iustifica¬
92 406 698 456 tionem, nullus nostro merito locus est. Adeo
90 450 691 501 que solius misericordiae opus esse iustificatio¬
90 490 694 541 nem necesse est. Hoc est quod ait Paulus ad
90 535 706 581 Galat. ii. Quod autem nunc uiuo in carne, in¬
90 573 703 621 fide filii dei uiuo, qui dilexit me, & tradidit
90 620 696 664 semetipsum pro me. Non autem ait in meis
87 665 697 712 bonis operibus nunc uiuo, sed in fide mise
95 699 692 754 ricordiae dei uiuo. Porro que ea opera quae
89 742 694 791 iustificationem sequutur, pro peccatis non
90 780 699 829 imputantur, fides facit. Qua de re paulo
91 823 274 876 post agetur.
92 856 688 917 ⁋ Ergo cum fidei iustificatio tribuitur, mise¬
91 908 696 958 ricordiae dei tribuitur, humanis conatibus,
95 951 691 992 operibus, meritis adimitur. Initium ac pro¬
90 992 685 1040 fectus misericordiae debent, ut uniuersae ui¬
91 1041 693 1084 tae iusticia non alia sit, nisi fides. Hoc est, cur
87 1075 700 1128 Christi regnum, misericordiae regnum uocet
