1000 1385
310 116 912 169 qui credunt, qui fiducia uerbi dei trahuntur
315 163 922 203 ad gloriam. Item, qui potest fidei uis ac na
315 201 918 249 tura exprimi certius, quam uerbo perseueran
310 240 915 289 di? cum inter tot illecebras camis & mun¬
307 286 910 332 di, inter tot adffictiones consistere ac per¬
305 331 910 369 durare in bonis operibus nemo sine mag¬
300 370 916 412 na fide possit. Rursum & uitam male actam
305 406 915 450 eodem loco ad incredulitatem refert, cum
306 448 918 505 ait. Contentiosis, & qui non acquiescunt
312 490 917 545 ueritati. Non acquiescere ueritati, quid aliud
304 537 916 578 est quam diffidere? Contentiosi, qui ueritati
305 575 905 628 aduersantur, qui camis opinionem sequum¬
310 613 905 670 ur. Nam quisquis palam peccat, is aut con
300 662 913 716 temptu dei, aut desperatione misericondiae
299 705 906 751 dei peccat, Sennacherib. iiii. Reg. xiiii. Quia
294 739 905 785 nihil esse deum censebat, in Israelem arma
292 785 905 827 impia mouit. Cain, quia desperabat mise¬
300 827 905 868 ricordiam, ideo nihil non ausus est postea.
300 864 906 919 Nemo est enim qui, si confideret futurum, ut
290 909 903 953 sui miseresceret deus, non cupidissime le¬
290 949 904 996 gi dei se accomodaret. Sed quia contentio¬
289 989 911 1030 si sumus, ipsi disceptamus nobiscum, de
296 1031 915 1080 diuinae irae, ac misericordiae amplitudine,
295 1071 905 1122 angustius quiddam sentimus, quam tes est.
