1000 1385
91 115 695 170 ldeo contemptu tum irae rum misericor.
103 156 706 203 diae dei, defectimus ad cupiditates nostras,
99 200 709 247 nihil non audemus impii, caeci, furentes,
98 250 710 294 uel gloriae, uel rerum, uel uoluptatum amo¬
102 284 715 333 re. Miserum spectaculum, si illam cordis
103 330 714 378 tui impiam insaniam, & insanam impieta
103 372 710 417 tem cernere contingat. Viden, quam adpo
105 407 707 451 site ad fidem retulerit Paulus bene actam
110 450 717 501 uitam, ad incredulitatem, male actam. Sic
104 496 704 544 alios locos circumstantiae exponunt, ut pe¬
104 532 717 583 regrinis glossematis nihil opus sit. Quorum
100 573 705 620 tractationem industriae spiritualium lecto¬
102 613 711 663 rum relinquo. Nam illos male feriatos So¬
98 654 718 711 phistas, nolo, quibus nihil tam bene, tam
112 701 707 751 umpliciter dictum est, quod non peruer¬
112 739 710 787 tant, distinguant, discerpant in mille for¬
108 781 717 830 mas. Certe in illo Matthaei loco quem cita
103 821 717 873 uimus obscuritas nulla est, si recte rem aesti
104 874 709 913 mes. Nam ut haec non urgeam, quod cum
107 905 710 960 benedictos patris sui uocat, significat sa¬
112 955 710 1001 lutem benedictione diuina, non nostris
110 999 723 1037 meritis contigisse, negari non potest quin
104 1036 730 1083 de fidei operibus loquatur CHRISTVs,
