1000 1385
311 97 925 162 caritatem uocant. Efficit enim cognitio mi
311 148 926 201 sericondiae diuinae, ut redametur deus, effi¬
305 190 922 239 cit, sut nos sponte omnibus creaturis subi¬
310 232 768 286 ciamus, qui proximi amor est.
320 276 921 330 ⁋ Porro, & spes fidei opus est. Nam fides est
318 322 918 368 qua uerbo creditur, spes qua expectatur, qu
315 362 918 412 per uerbum promissum est. Vt expectemus
311 397 913 449 fides uerbi dei facit. Iuxta illud psal. ix. Spe¬
311 444 916 487 rent in te omnes qui nouerunt nomen tuum.
313 486 913 526 Non est autem cur separes alterum ab altero.
314 526 917 580 Certe promiscue usurpat scriptura spei, ac
313 566 914 615 fidei expectandi sustinendi uocabula. Et si¬
310 606 931 656 cut fides, est fiducia misericordiae dei gratui
307 654 914 695 tae, nullo operum nostrorum respectu, ita
296 687 926 746 ospes est salutis expectatio, nullo nostrorum
311 740 922 779 meritorum respectu. Immo ne spes quidem de
311 774 921 825 deo est, ni non sit de metitis. Quomodo
310 819 922 872 enim de misericordia sperat, qui uelut de¬
305 859 926 908 bitam suis meritis mercedem postulat. ssiau
310 899 925 948 det adflicta conscientia, gaudet Euangeli¬
306 944 929 988 cus peccator, nullum esse meritorum respectum.
310 980 916 1036 indignatur hypocrita, ut sit Christus scan¬
315 1019 917 1072 dalum Iudaeis, & stultitia gentibus, salus autem
310 1063 667 1126 & sapientia credentibus.
