1000 1385
110 60 691 122 Obicitur iis qui fidei iusticiam uindi¬
75 121 688 173 cant, id quod in priore ad Corinthios scrip
70 156 688 211 tum est, in cap. xiii. Si habeam fidem tan¬
80 202 698 251 tam, qua montem transferam, caritatem
77 249 684 297 autem non habeam, nihil sum. Quaeso au
85 282 680 332 tem uos Sophistae, cur cum uideretis uni¬
83 329 690 370 uersam scripturam in eo esse, ut doceat mi
80 369 692 424 sericordiae opus esse iustificationem, & Pau
86 414 688 456 lum toties nihil obscuris uerbis ingemina¬
88 449 691 506 re hanc, Iustus ex fide uiuit. Item, Creden¬
86 498 693 544 ti in eum qui iustificat impium, reputatur
84 537 696 592 fides eius ad iusticiam. Item, Corde creditu
91 573 701 629 ad iusticiam, & huiusmodi multa, hanc unam
87 627 702 671 ex Corinthiis sententiam, uniuersae scriptu
89 659 694 712 rae, omnibus ubique Epistolis Pauli sic oppo
87 708 695 749 suistis, ut reliqua omnia glossematis excu¬
88 749 698 793 saretis, hane temperare interpretatione no¬
93 792 700 833 lueritis? Nos nullo glossemate eam simpli¬
84 832 703 875 cissime, ut est simplicissime dicta, effere¬
84 872 707 925 mus. Primum satis constat, Paulum eo loco
95 911 703 961 de amore erga proximum loqui, cui nec scho
93 953 704 1008 lae uestrae principium iustificationis tribuunt.
98 995 708 1048 Nam commentum illud nihil moror, eundem
95 1036 714 1087 esse amorem dei & proximi. Deinde negari
