2200 3174
368 483 878 517 est respectu eorum quae sunt ad finem in primo actu non indiget voluntas
374 519 878 555 congnitione directiva sed sola obiecti ostensio sufficit et talis ac
380 556 870 589 tus ad scientiam speculativam pertinet in alio actu voluntatis
383 591 878 625 indiget directivo et hoc pertinet ad scientiam practicam Actus
380 627 878 660 autem iste 2us non est finis huius scientiae nis finis sub fine sed so
381 660 876 696 lum primus actus et ista scientia est speculativa simpliciter et non
386 699 863 730 practica simpliciter pro ista via primo est auctoritas augustini in sermone
380 735 888 768 de Iacob et esau omnia inquit opera nostra sint ut mundetur
384 771 882 804 oculus quo videatur deus ¶ 2o potest argui sic non requiritur directum
381 810 879 841 nisi ubi potest esse errror scientia practica est directiva ergo scientia beatorum
387 846 879 877 non est practica cum ibi non possit esse error ergo etc 3o sic
381 882 882 915 secundum intellectum eius alibi deus non habet scientiam practicam Sed
383 916 884 951 habet istam ergo etc ¶ Contra istam opynionem arguo reducendo rationem positio
378 952 903 985 nis eorum in oppositum primo quia volimus licet non possit errare
378 987 864 1020 circa finem in universali tamen potest errare circa finem in particulari ergo
383 1018 878 1054 ad hoc quod recte agatur circa finem finem in particulari requiritur di
375 1053 893 1092 rectio sed ostensio finis in particulari ergo etc 2o quia habitus directivus
380 1090 878 1129 non ponitur per substantiam actus sed propter substantiam comm?di vel aliquid huiuismodi
377 1128 896 1162 sed propter cirumcstantiam ergo licet voluntas esset determinata quantum
390 1161 884 1198 ad substantiam actus tendentis in finem requireretur tamen propter cirum
374 1195 881 1231 stantias directivo ergo etc ¶ 3o quia cuius dilectio intenditur principaliter
381 1230 897 1263 extra genus cognitionis eius congnitio principaliter intenditur
377 1264 894 1300 intra genus cognitionis sed in qualibet scientia principaliter intenditur
384 1299 878 1333 cognitio sui subiecti primi ergo finis est primum subiectum huius scientiae sed
386 1330 881 1366 a fine sumuntur principia practica quae concludit conclusiones prac
380 1363 881 1402 ticas ergo ista esset practica 4o quia ad idem genus cognitionis
368 1404 875 1437 spectant principia et conclusiones Sed ex fine tamquam principio su
384 1440 894 1471 muntur ea quae sunt ad finem tamquam conclusiones ergo si cognitio earum
371 1476 878 1507 quae sunt ad finem sit practica cognitio finis erit praedicta et ita
381 1509 887 1543 patet quod quamvis volumus ex se esset determinata adhuc tamen cogni
381 1543 881 1579 tio esset practica Ad auctoritatem beati augustini quae videtur concludere quod vi
384 1579 885 1614 sio dei sit finis huius scientiae quod ipsi non concedit dicendum quod auctoritas
377 1617 869 1651 loquitur de istis operationibus exterioribus quae sunt Ieremia orationes et
386 1656 872 1687 huius tamen actus quilibet actus exterior natus sit conformari
380 1692 885 1723 alicui interiora aliquo habet suam bonitatem et ad actum interiorem
362 1726 854 1759 ordinati et finaliter advelle Ad 3 patebit post quid
381 1761 875 1795 sit dicendum // 2a opinio est quod licet possit elici recte et non recte
368 1795 869 1831 ipsa dilectio finis tamen ipsa dilectio non est praxis quia non
381 1831 855 1864 est circa obiectum contingens quod tamen requiritur quia secundum commentatorem
380 1864 870 1900 primo ethicorum praxis est operatio secundum electionem electio autem est
380 1902 870 1933 circa contingens per philosophum 3o ethicorum quia est appetituts conciliatius
381 1935 873 1969 concilium autem non est nisi de contingente et consequenter dicit ista positio
375 1974 873 2005 quod nulla notitia est practica quae tantum extenditur ad volitionem
374 2008 869 2041 ultimi finis quia non est verum contingens Contra istam positionem
381 2043 867 2074 est 4a ratio facta contra praecedentem quaestionem Item 2o sic vere
381 2076 873 2110 praxis est ista ad quam india?nt virtus moralis quia quaelibet
380 2113 879 2145 est habitus electivus et electio est praxis ut ostendetur
377 2146 866 2179 Sed ad dilectionem finis non tantum indi?at caritas
980 492 1509 526 Sed etiam amor acquisitus habitualis qui est virtus consonus rectae
980 526 1497 562 rationi ergo etc Motivum autem huius solvitur infra in solutione
986 565 1481 598 2ae rationis principalis // 3a opinio est quod electio non est praxis ut
986 600 1496 634 ostendetur 1a sed ad dilectionem finis non sed tantum actus ea posterior
981 636 1487 670 vel si est praxis hoc non est nisi in ordine ad actum aliquam impera
987 672 1496 705 tum potentiae inferior pro illa opinione arguitur primo quia
983 711 1491 742 per philosophum 2o ethicorum actus principium est electio non cuius gratia sed
986 744 1488 778 unde motus et non principium sili?ve sed effective effectum autem
996 780 1509 814 naturaliter praecedit effectum ergo etc 2o quia habitus practicus generatur
999 814 1503 850 ex praxibus sed habitus practicus generatur ex actibus sequentibus
986 850 1499 886 electionem ergo etc 3o quia commentator 4o ethicorum dicit quod praxis
993 886 1497 924 est operatio secundum electionem ergo praxis sequitur electionem Contra
989 922 1497 958 istud quod non est tantum actus talis sit praxis videtur primo quia
989 958 1482 994 6o ethicorum dicit philosophus quod non electio recta sub ratione recta et
992 991 1506 1027 habitu virtutis ergo virtus per se requiratur ad electionem
1002 1026 1503 1060 sed non requireretur Si generaretur ex actibus posterioribus
992 1062 1503 1099 electione ergo etc Item arguitur sub alia forma quia habitus ex
989 1098 1506 1132 eisdem actibus generatur ad quos inclinant per philosophum 2o ethicorum
990 1134 1494 1170 Sed virtus moralis per se inclinat ad electionem rectam quia
987 1167 1491 1206 virtus est habitus etc ergo ex electionibus per se generatur virtus
993 1203 1503 1239 moralis ergo etc Item non solum est falsum negare electionem esse
999 1237 1503 1270 praxim sed sicut probatum fuit quaestione praecedente actus voluntatis eli
987 1272 1493 1303 citus est primo praxis et imperatus non nisi propter ipsum actum
993 1305 1491 1339 elicitum ergo electio sine opere extrinseco est vere praxis
1002 1336 1509 1372 hoc posset sic non habens pecunias situm liberaliter eligat
993 1371 1503 1405 illas distribuere si haberet et quantum ad actum et habitum
987 1404 1499 1438 virtutis non requiritur ulterior prosecutio ergo etc Item ordo electionis
995 1443 1494 1474 ad actum extrinsecum non potest esse nisi ut esse habet ad effectum
987 1476 1502 1513 sed casa nihil habet ab effectu vel ordine ad ipsum ergo ex tali ordine
987 1513 1500 1549 non erit electio praxis Ad philosophum ergo 6 ethicorum dicendum quod philosophus
986 1549 1482 1582 ibidem statim subdit Electionis autem appetitus et ratio quae
986 1581 1487 1620 gratia alicuius et practica supple sunt principium Ad hoc ergo
990 1620 1496 1656 quod electio sit recta requiritur virtus in appetitu unde sequitur neque
992 1662 1503 1695 sine habitu moralis est recta electio scilicet recta ergo virtus habet actum
990 1696 1506 1731 elicitum immediatiorem sibi quam sit ille actus cuius e
983 1731 1475 1765 lectio est principium ut imperans Educetur ergo illa auctoritas quia
984 1767 1497 1800 electio est principium actus quia actus ab ipsa imperatus
980 1800 1499 1833 est et moralis Sed ex hoc non sequitur quod solus ille actus
986 1831 1484 1867 sit actus sive praxis per quam et ista est praxis Ad
978 1869 1497 1903 aliud quod actus imperati sunt impossibilis voluntas vero frequenter
983 1906 1506 1939 eligit recte circa naturam illorum actuum quia quod non creditur
990 1944 1506 1975 possibilis alicui aut non vult aut renuit secundum augustinum 10 generatur
986 1980 1511 2011 habitus practicus sive praxibus imperatus sequentibus election
980 2013 1491 2046 nem non tamen generantur ex illis sequentibus electionem sed
975 2047 1497 2079 magis proprie ex ipsis electionibus in quibus et formalis virtus
978 2082 1506 2115 moralis Ad aliud quod li secundum in d communem non est nota causae efficienter
979 2094 1507 2144 sed diffinitio debet esse convertibilis cum diffinito vel descripto sed dicit
990 2151 1514 2184 intelligi effective vel formaliter vel electio accipitur ibi pro libertate
