2200 3174
399 481 895 517 esset ordo inter partem propinquam et remotam sicut ordo
401 516 894 553 effectuum et non ordo causalitatis quia una pars non illumina
386 553 882 588 ret aliam ita est in proportionato ut dictum est sic ergo deus
392 588 882 622 de omnibus cognoscibilibus habet congnitionem solis theologicam
387 624 882 658 quia solem virtute primi obiecti theologic actuantis intellectum eius
396 660 884 694 ita quod theologia eius non est solum de omnibus cognoscibilibus
396 694 888 729 sed etiam omnis cognitio possibilis deo de eis sed de notitia bonorum
387 729 908 763 respectu intelligibilium causatorum aliud est quia intellectus eorum nati sunt
387 768 908 802 immutari a quibus causatis ad cognitionem veritatum inclusarum
389 802 884 838 in eis et ideo praeter illam veritatem theologiam quam habent de eis
386 840 896 874 ut ostensis in essentia divina possunt habere congnitionem naturalem
387 876 878 910 de eis ex propria unione earum et per consequens theologia bonorum
387 912 885 948 non est omnis congnitio earum de illis creatis possibilis
399 948 882 982 intellectu bono sed dubium est an sit de omnibus illa
396 981 885 1017 theologia et ideo distinguendum est quia theologia potest considerari
395 1017 897 1051 vel ut in se vel ut perficiens intellectum beati primo modo est de omnibus
393 1050 894 1086 scibilibus quia omnia ista nata sunt sciri virtute primi obiecti
387 1086 878 1123 theologici 2o modo possibilis est eam esse de quocumque immo et de omnibus
390 1119 878 1159 scibilibus quia non sunt infinita de facto autem limitationem
395 1156 878 1192 non habet nisi ex voluntate dei ostendentis aliquid in essentia sua et
386 1189 882 1227 idoe actu theologia eorum est de tot quot voluntarie deus ostendit eis
384 1224 870 1263 in essentia de theologia vero nostra dicendum quod ipsa non est actualiter
380 1260 887 1297 enim omnem habet terminum ex voluntate dei revelantis et ille
375 1293 872 1330 terminus praefixus quantum ad revelationem generalem est illorum
380 1324 906 1360 quae sunt in sacra scriptura unde appocalypsis vult Qui apposuevit
380 1360 885 1393 ad hoc apposit eis dicens plagas quae apponuntur in libro isto et
383 1398 905 1429 ideo actu theologia nostra non est nisi de hiis quae continentur in sacra scriptura
383 1429 884 1465 Si et loquamur de possibilitate dicendum quod non potest esse de omni
380 1468 875 1500 beatus tamen propter defectum intellectus nostri non potentis concipere in
383 1503 892 1536 speciali multas quidditas Relatio autem secundum legem communem
381 1540 870 1572 non est nisi de hiis quorum terminum possunt naturaliter concipi a nobis
386 1575 881 1609 propter defectum theologiae nostrae quia non potest stare cum cognitione
380 1611 888 1645 evidenti de eisdem congnitionibus secundum aliquos et per consequens de
380 1648 876 1681 naturaliter nobis cognitis non potest stare theologia revelata cum
387 1683 886 1717 omnis theologia sive nostra sive beatorum sine dei est de omnibus
380 1719 873 1753 entibus quantum ad respectus quos habent ad essentiam divinam
380 1753 879 1788 ut est haec essentia quia respectus non potest cognosci nisi cognitis
384 1791 887 1824 extremis et ita respectus qui est ad hanc essentiam ut hoc non potest
372 1824 892 1857 cognosci nisi cognita hac essentia ¶ Ad rationem dicendum quod concludit
387 1858 881 1891 de theologia non prout est in se sed prout traditur in sacra scriptura
360 1893 887 1927 In ista quaestione videtur mihi unum male dictum valet quod theologia
365 1928 870 1963 bonorum in se considerata potest esse omnium scibilium quia
371 1965 893 2000 scibilia non sunt infinita ideo contra hoc arguo primo sic In scientiis
380 2001 875 2034 est procedendum in infinitum ergo in scibilibus probatio assumpti
380 2035 881 2068 quia scientia de homine et homo sunt alterius speciei cum unum sit
383 2071 857 2103 in genere substantiae et alterum in genere qualitatis sit ergo scientia de
383 2106 879 2139 homine A sed a cum sit quaedam qualitas et per consequens quoddam scibile
383 2137 878 2173 de ipso potest esse scientia sed scientia de a et a non sunt eiusdem
999 486 1522 521 speciei probo secundum eum quia secundum eum distinctorum specie est distincta
998 523 1514 559 scientia specie sed a et homo sunt distincta ergo scientia de homine et
1002 561 1526 595 de a distinguuntur specie sed scientia de homine est ipsum a ergo a et ipsa
1001 597 1496 631 scientia de a distinguntur specie scit ergo scientia de a b eodem
999 630 1526 664 modo convenit arguere de b sicut argutum est de a quia b et a dis
986 664 1522 700 tinguuntur specie ut probatum est ergo distincta scientia est de b et de
1004 703 1514 738 a sed scientia de a est ipsum b ergo b et scientia de b distinguntur
996 739 1517 772 specie et sic in infinitum ergo etc 2o potest idem argui in numeris
998 774 1521 810 et figuris et proportionibus et proprietatibus numerorum et fiurarum
993 814 1502 847 ergo etc 3o patet idem de cogitationibus bonorum et malorum
995 849 1515 883 quorum cogitationes poterunt esse diversae in infinitum cum in in
998 883 1521 919 finitum sint futuri et cum omnes illae cogitationes essent scibiles
1004 919 1514 955 in essentia divina quae est primum obiectum theologiae bonorum 4o quia sicut
993 954 1506 988 alias probabiliter creaturae sunt producibiles distinctae secundum
992 990 1521 1023 speciem in infinitum ergo cum sint scibiles in essentia divina et ante
986 1021 1530 1057 quam sint sequotur quod scibilia sint infinita  Alia quae dicimur forte possunt
993 1059 1518 1092 sustineri si tamen bene intelligantur nisi quod ponit distincta instantia
986 1095 1516 1128 naturae in deo quod minus proprie dicitur ut alias patebit quando magis est
995 1131 1518 1165 ad propositum ¶ In ista quaestione videtur mihi dicendum quod theologia
999 1167 1505 1201 nostra non est de omnibus scibilibus sed solum est actu de illis
996 1200 1503 1233 quae neccessaria sunt ad cognitionem finis supernaturalis et eorum quae
986 1233 1518 1266 poterit ad finem suum perveniri et haec dico sufficiente sta
998 1266 1505 1303 tum praesenti et illa sunt quae traduntur in sacra scriptura
995 1299 1506 1335 Alia autem ad theologiam nostram directe non pertinent verum
992 1332 1503 1363 haec est propter oppositum formale scilicet quod ipsum ad plura non se ex
996 1365 1509 1398 tendat sed est propter defectum potentiae et luminis sicut obiectum
992 1401 1508 1432 visus quod est coloratum quamvis sit per se obiectum visus tamen non
999 1434 1503 1467 omne coloratum potest videri a noctua nec et a nobis in quocumque
996 1470 1511 1504 lumine sed requireretur lumen sufficiens proportionatum colorato
992 1506 1511 1539 inquantum coloratum est quod scilicet posset tantum movere et illuminare
994 1542 1522 1575 visum ad videndum sicut coloratum inquantum huius na
993 1576 1503 1612 tum esset a visu videri et eodem modo de potentia et haec per hoc
1005 1614 1518 1645 patet ad primum principalem quia omnia quae habent attributionem ad
994 1628 1509 1681 aliquod subiectum primum alicuius scientiae pertinent inquantum huiusmodi ad aliam
996 1686 1512 1720 scientiam ponendo quod sciantur potest tamen contingere quod ab aliquod
993 1723 1494 1756 intellectu scibilia non sunt propter dictam causam quid aut particulas
992 1758 1488 1791 ad theologiam beatorum magis habet locum suum alibi quam hoc et
972 1791 1136 1825 idoe modo dimittatur
1079 1824 1508 1860 Utrum theologia sit scientia in se Ad istam quaestionem Respondeo sui?
1071 1861 1500 1894 argumentis praemittens ea quae scientia includit di
975 1893 1485 1930 co enim quod scientia stricte sumpta includit 4or
981 1932 1493 1966 videlicet quod sit cognitio circa hoc et absque dubitaitone et de
987 1969 1497 2002 ceptione 2o quod sit de cognito neccessario 3o quod sit causata a causa evidente
992 2005 1496 2037 intellectui 4o quod causa sit applicata ad cognitum per discur
989 2038 1503 2071 sum silogisticum ista patent per philosophum primo posteriorum
983 2073 1494 2106 ultimum cum videlicet causatio scientiae per discursum includit
986 2109 1507 2140 imperfectionem et ita potentialitatem respectu intellectus recipientis et per
992 2142 1520 2173 consequens theologia in se non est scientia quantum ad ultimam conclusionem sed
