2200 3174
411 477 914 511 de ratione scientiae nisis quod sit notitia alicuius necessari in ordine ad
414 514 900 546 alterum neccessarim ut in quo vel ex quo formaliter habeat suam noscibilitatem
399 543 930 582 ita quod caualitas illa quae videtur esse inter conclusionem et principia effectiva
408 585 912 616 non est de ratione scientiae sed solum causalitas formalis eo quod principia sunt quasi
399 618 903 654 formalis ratio cognoscendi conclusiones vel noscibilitatio conclusionem et ista causalitas
405 654 918 689 sed tenet solem ex parte obiecti causalitas autem effectiva se tenet
398 693 896 727 ex parte cognoscentis et est solum in nobis quia non solum principia sunt
404 727 914 760 causa noscibilitatis conclusionum sed etiam sunt causae notitiae ex parte cognos
408 759 966 798 cibilitatis in nobs quia notitia in nobis respectu conclusionum producitur
407 802 897 835 a notitia principiorum et sunt distincte notitiae ratione cuius
408 840 897 871 est discursus inter ea haec autem uno actu simplici videntur principium
404 874 908 907 et in principio conclusionem non esset ibi discursus aliquis per istum enim modum
404 910 902 943 videt conclusionem iam deductam conclusio autem non est discursus sed discur
387 945 917 978 sum praesupponens isto modo cognoscunt beati multa et ideo habent
389 981 891 1012 scientiam proprie dictam quantum ad omnes conclusiones scientiae neccessario requisi
387 1012 897 1047 tas et verius quam nos et dico etiam quod theologia eorum non est per se
402 1048 900 1083 respectu contingentum ut contingentia sunt sicut nec et theologia nostra
395 1083 902 1117 vel fides quamvis enim ex fide credamus dictum incarnatum tamen in
393 1122 918 1153 hoc quod dico deus incarnatus aliquid est quod non cadit per se sed solum
390 1155 908 1186 per accidens ex fide scilicet habitudo incarnationis ad tempus praeteri
392 1188 909 1222 tum est Si enim illa habitudino esse per se sub fide beata virgo quae
387 1224 917 1257 credidit primo deum incarnandum et postmodum deum incarnatum
381 1258 912 1291 esse et 3o incarnatum fuisse habuisset 3 habitus fidei succcessive
390 1293 894 1326 consequens falsum et ideo oportet ymaginari quando dico ista tra deus erti
386 1326 914 1360 incarnatus deus est incarnatus deus fuit incarnatus quod circum
386 1362 893 1393 scribatur omnis differentia temporis connotata et ut sic manet
386 1396 909 1429 solum illud quod per se cadit sub fide et illud est neccessariam ma
395 1432 900 1465 gis quam quod sol orietur cras Si ergo haberemus verbum significa
391 1468 906 1500 tum sine tempore conotato pateret faciliter quod theologia non est personae
395 1503 895 1536 contingentium sed solum neccessariorum Si autem loquamur de theologia
396 1536 896 1573 nostra sic vidit mihi quod non est scientia proprie dicta est tamen scientia per modum
386 1575 890 1608 illum quo dicit beatus augustinus in libro retractationum capitulo haec proprie cum loquitur
399 1608 902 1644 illud solum scire dicuntur dicimur quod mentis firmatione comprehen
390 1647 896 1681 dimus cum verbo loquimur verbus consuetudini aptionibus sicut
390 1683 887 1717 loquitur in scriptura divina non dubitemus dicere nos scire et
383 1720 909 1753 quod percipimus nostri cordis sensibus et quod fide dignis cre
386 1753 902 1788 dimus testibus Ad rationes autem quibus confirmat dicta
389 1788 917 1824 Respondeo ad illo quo probat conditionem quartam scientiae dico quando philosophus
377 1822 909 1858 dicit quod scire est per causam cognoscere dico quod haec est verum
381 1858 891 1891 si ly per non dicit causalitatem ex parte cognoscentis sic non
374 1891 906 1926 competit haec scientia absolute sed solum ut in intellectu nostr pro
375 1929 879 1962 ductae modo naturali ab ipso intellectu cui tamen non repugnat
380 1966 884 1998 alio modo produci quia et etiam in nobis forte aliqua scientia acquiritur
387 1998 885 2032 absque omni discursu sicut istum cognoscimus omnis linea
381 2034 896 2067 eset maiore sua parte propter propinquitatem ad istam omne totum
380 2068 878 2103 est maius sua parte statim absque omni discursu sed istam
386 2104 882 2137 notitiam non acquirit intellectus a seipso sed eam recipit ab extrinseco
381 2139 896 2172 sicut notitia primorum et terminorum Ad aliud quo probat in intellectu
1028 483 1536 517 bonorum esse discursum dico quod membris quidditas subiecti conti
1022 519 1536 553 net virtualiter veritates quas potest facere notas de se
1023 555 1559 589 tamen ex hoc non sequitur quod per discursum faciet eas cognosci quia eadem
1019 592 1535 625 est notitia virtus et non alia nisi ex parte obiecti est causalitas
1016 625 1523 661 formalis ut dictum est quia sicut finis est ratio volendi ea qua sunt
1020 660 1520 697 ad finem ita principium est ratio sumendi conclusionem et quando dicitur quod
1025 697 1518 732 discursus non requirit ordinem temporis sed naturae dico quod verum
1022 733 1526 766 est quod quando dicitur quod non plus requiritur nisi talis ordo et
1022 771 1532 802 quod unum extremum sit causativum alterius extremi dico quod non est
1026 807 1524 843 verum quia non sequitur  requiritur quod non solum sit causatimum extremi
1017 843 1520 880 sed notitiae extremi ex parte cognoscentis ita quod sit duplex
1017 877 1260 910 notitia quod non est in proposito
1094 913 1520 946 Utrum ista scientia habeat aliquam habitudinem sub
1089 949 1533 981 alternantis ad aliam scientiam Ad istma quaestionem Respondeo
999 973 1529 1018 sic dico enim quod ista scientia nulli subalternatur quia
1005 1017 1542 1050 licet subiectum eius possit contineri sub subiecto alterius scientiae puta metaphysicae
1004 1053 1533 1086 tamen non accipitur principia ab ea quai per principia entis nulla conclusio
1004 1089 1535 1120 theologica demonstratur de deo nec etiam ipsa aliquam sibi sub
1019 1123 1517 1156 alternat quia nulla alia accipit principia ab ea sed quaelibet alia
1012 1154 1539 1187 habet ultimo resolutionem ad aliqua principia ab ea sed
1014 1191 1527 1224 quaelibet alia habet ultimo resolutionem ad aliqua principia
1010 1225 1528 1257 naturaliter non immediate et si obiciatur quod cognitio non sit in cognitionibus
1019 1260 1528 1294 usque ad perfectissimum cognoscibilis nec de eodem nisi ad idem per
1011 1293 1526 1327 fectissime cognitum linea autme perfectius cognoscitur in
1011 1326 1539 1362 in verbo quam per motionem simplicius ergo resolutio conclusionum
1017 1356 1532 1393 de linea stat solum ad quidditatem lineae vel suorum principiorum
1017 1395 1527 1429 in verbo ergo theologia subalternat sibi alias dicendum quod
1019 1429 1521 1465 principium immediatum de linea potest esse evidens in
1017 1465 1553 1501 tellectu moto a linea et clarius evidens intellectui mo
999 1501 1524 1536 to a verbo ad notitiam lineae et per consequens linea clarius
1017 1536 1526 1573 videtur tamen principium uno modo cognitum non demonstrant de
1017 1570 1523 1608 aliquo modo motum sed utroque modo stat de aliquo mo
1008 1609 1521 1642 tum sed utroque modo et per se motum licet clarius sit quam sic sed
1011 1647 1554 1681 subalternatio requirit quod notitia principiorum scientiae superior
1010 1683 1451 1717 sit causa scientiae principiorum scientia interioris ideo etc
1011 1716 1533 1753 In ista quaestione tenet doctor iste contra doctrinam communem et ideo
1011 1753 1521 1789 ad intellectum debet quomodo doctrina communis veritatem habeat sciendum
998 1788 1520 1822 est quod aliqua scientia subalternatur alteri temporaliter uno modo scilicet ex parte
999 1822 1521 1857 finis quia scilicet finis unius ordinatur ad alterum finem
1004 1857 1511 1891 et sic omnis scientia practica subalternatur politice per philosophum
1014 1891 1521 1927 primo ethicorum Alio modo ex parte subiecti quia subiectum unius est sub subiecto alterius
1010 1927 1527 1963 hoc autem contingit dupliciter quia subiectum unius potest contingeri sub subiecto di
1010 1965 1526 1999 recte et per se sicut corpus celeste mobilis sub corpore mobili vel sicut
1004 1998 1523 2035 omnia continentur sub ente et sic dicitur metaphysica habet sub se omnis alias
1004 2034 1514 2068 scientias et sic etiam scientia caeli et mundi est sub scientia libri physicorum
999 2065 1521 2104 tum quia istud sub et supra vel ista continentia non est nisi rationis
1005 2101 1514 2137 solum ideo non dicitur proprie una scientia subalternari alteri isto modo
1011 2136 1526 2170 sed alio modo subiectum esse sub subiecto per accidens et quasi addends rem distinctam
