2964 4279
572 468 1511 542 attendi 2m potentiam parcipientem vel
575 546 1509 606 cuius dispositionem intrinsecam igitur sequitur corollarium
576 610 1506 675 falsum ¶ Contra primum illatum sequitur ex ipso
566 689 1527 747 quod plura sint signa naturalia specie vel
569 762 1527 818 genere differentia respectu alicuius consquens falsum igitur quia
582 836 1527 884 tunc non esset eadem aput omnis
557 904 1530 956 et per consequens non naturalia et sic naturalia et
572 964 1529 1024 non naturalia quod inplicat ¶ contra 2m illa
575 1031 1508 1089 tum nullae sunt nec esse possunt
569 1097 1521 1155 causae partiales igitur corollarium falsum sive il
569 1168 1515 1226 latum patet consequentia antecedens probatur quia si
564 1241 1515 1293 aliquae sunt possibiles pono tunc quod a
575 1307 1505 1358 b c causent d effectum sed contra
560 1373 1541 1430 supponendo tamen quod nulla earum sufficiat
561 1442 1515 1496 per se d causare tunc sic nulla istarum
570 1508 1482 1566 causat d nec aliquid ipsius d igitur
566 1588 1502 1640 iste non causant d patet consequentia antecedens
567 1641 1542 1707 probatur nam prima pars patet ex suppositione
573 1715 1490 1775 quia nulla istarum sufficit sed quod
572 1785 1508 1842 nulla istarum causet aliquid probatur
557 1854 1509 1917 quia si aliquid detuer illud et tamen non
570 1924 1509 1985 sit maior ratio de illa parte quam aliis
576 1985 1518 2045 igitur vel causat quilibet significatum per d et quam
566 2051 1536 2108 libet partem eius vel non causat significatum
567 2114 1512 2187 parte igitur similiter et hoc illatum falsum ¶ Ad
579 2178 1494 2252 primum istorum noto primo differentiam inter positio
567 2239 1521 2312 nem istorum doctorum et meam nam iohannes
569 2299 1521 2374 de ripa in actuatione mentis in patri
560 2362 1514 2434 a beatifica ponit duas neccesstates et unam
557 2429 1535 2501 libertatem sive liberalitatem similiter
558 2493 1493 2570 habet dicere barbe sed ego ex opposito pono
569 2558 1523 2633 unam tantum neccessitatem et duas liberta
563 2622 1530 2699 tes nam in illa causali obiectiva in
557 2691 1521 2765 mutatione sive actuatione sunt
573 2754 1482 2825 3a ¶ primum est determinatio obiecti liberi ad
558 2811 1497 2903 velle se ostendere seu repraesentare ¶ 2m
549 2886 1482 2967 est causalis motio et vitalis ad ipsum
555 2958 1491 3032 obiectum et speciem ipsam potentiam assimilans
558 3027 1493 3095 et ad similitudinem eorumdem con
543 3095 1509 3165 formans immutanda ¶ 3m est illa
551 3162 1494 3236 inmutatio sive perceptio quae sequitur
545 3231 1490 3303 ex duobus praedictis et vitalitate propria
557 3288 1500 3363 intrinseca potentiae perceptivae modo primum horum
545 3345 1494 3436 unde posuit fore liberum et rationem lib
548 3403 1484 3502 eri habere sed tam 2m quam 3m ponit
1706 465 2714 544 fieri neccessario et naturaliter posito primo et sic
1710 535 2700 610 apparet quod in tali causalitate obiectiva habet po
1710 608 2696 677 nere duas naturalitates et neccessitates oppinio
1704 674 2705 743 istorum et unam tantum libertatem sed licet
1701 742 2699 814 hoc vere sit de aliis obiectis non in
1710 811 2696 872 mense liberis non credo tamen verum esse
1704 873 2717 947 de obiecto immense libere et infinito
1706 945 2685 1007 qui in omni sua causalitate ad extra est
1706 1014 2694 1073 libertas inmensa et ideo quia tame
1697 1075 2721 1146 2m apostolum quam 2a 2m iohannes in sua cano
1704 1141 2697 1212 nica sicut patet 2o corinthios 3o transforma
1701 1210 2688 1275 buntur Et primo iohannes 3o Similes ei e
1698 1277 2675 1344 rimus ideo pono cum opinione communi quod
1700 1344 2640 1407 deus obiective obicitur menti beatae
1704 1412 2688 1479 in patria et tamen illa assimilatio est
1697 1476 2693 1556 non naturalis sed libera licet ipsa parce
1704 1551 2681 1625 ptio sit naturalis sive modo naturali sicut
1691 1614 2682 1684 explanat primum supra ex isto corollario illa
1697 1680 2690 1754 tum et nec hoc videtur sequi aliqualiter
1698 1749 2690 1825 ex eorum dictis sed enim ipsos specificatio
1697 1810 2625 1877 perceptionis nec etiam assimilatio
1691 1877 2652 1947 ad subiectum sequitur praescisam terminationem
1682 1949 2672 2025 obiecti sive praecise rationem termin
1680 2014 2633 2084 tivam sed causativam obiectivam
1671 2077 2678 2168 et motivam sicut patet in eorum scriptis
1679 2151 2699 2227 ubi est dictum et dicetur etiam in falsa
1667 2217 2678 2316 sed sicut visum est transformabuntur
1688 2286 2705 2389 et similes deo erimus igitur sequitur quod obiec
1689 2359 2645 2454 tive beatis obicitur ipse deus ex quo
1673 2430 2681 2526 patet quod non dicit verum richardus barbe quaestione 1
1670 2502 2700 2586 proprie finem dicens quod si obiective
1679 2581 2720 2664 concurreret obiectum infinitum infinite
1688 2662 2705 2743 causaret sive ininitam perceptionem
1674 2736 2711 2821 de hiis prolixe habetur per henricam in summa
1664 2809 2693 2890 de quaestionibus eremeticorum libro 14 pluribus
1677 2883 2705 2962 capitulis per hoc patet ad formam rationis
1674 2965 2690 3033 cum arguitur quia intensionem talis causa
1680 3044 2706 3119 litatis etiam potest primo negari consequentia quia
1692 3109 2690 3174 eodem modo concludetur quod omnis ef
1685 3176 2691 3237 fectus causaretur naturaliter quia omnis ef
1685 3241 2673 3304 fectus intensive sequitur intensionem efficientiae
1680 3307 2651 3372 vel coefficientiae divinae ad extra ¶ 2o
1683 3377 2709 3434 potest dici quod concludit hoc fore naturale
