<?xml version="1.0" encoding="UTF-8" standalone="yes"?>
<PcGts xmlns="http://schema.primaresearch.org/PAGE/gts/pagecontent/2013-07-15" xmlns:xsi="http://www.w3.org/2001/XMLSchema-instance" xsi:schemaLocation="http://schema.primaresearch.org/PAGE/gts/pagecontent/2013-07-15 http://schema.primaresearch.org/PAGE/gts/pagecontent/2013-07-15/pagecontent.xsd">
    <Metadata>
        <Creator>prov=University of Rostock/Institute of Mathematics/CITlab|PLANET AI GmbH/Tobias Gruening/tobias.gruening@planet-ai.de:name=/net_tf/LA73_249_0mod360.pb:de.uros.citlab.segmentation.CITlab_LA_ML:v=2.6.6
Transkribus</Creator>
        <Created>2020-02-15T09:48:19.555-05:00</Created>
        <LastChange>2020-03-13T22:38:03.806+01:00</LastChange>
        <TranskribusMetadata docId="324541" pageId="12773180" pageNr="95" tsid="25663649" status="DONE" userId="25065" imgUrl="https://files.transkribus.eu/Get?id=NYBRHBPYVRSXUMBQNYENWHES&amp;fileType=view" xmlUrl="https://files.transkribus.eu/Get?id=TQICFHHZBPJLRDMWZESHWJCA" imageId="9020432"/>
    </Metadata>
    <Page imageFilename="49r.jpg" imageWidth="2964" imageHeight="4165">
        <ReadingOrder>
            <OrderedGroup id="ro_1586384643672" caption="Regions reading order">
                <RegionRefIndexed index="0" regionRef="r2"/>
                <RegionRefIndexed index="1" regionRef="r3"/>
            </OrderedGroup>
        </ReadingOrder>
        <TextRegion orientation="0.0" id="r2" custom="readingOrder {index:0;}">
            <Coords points="296,440 296,3392 1328,3392 1328,440"/>
            <TextLine id="r2l1" custom="readingOrder {index:0;}">
                <Coords points="305,488 354,488 403,488 452,489 502,489 551,489 600,489 649,489 699,489 748,489 797,489 846,488 896,488 945,488 994,488 1043,488 1093,486 1142,486 1191,486 1240,486 1290,486 1290,440 1240,440 1191,440 1142,440 1093,440 1043,442 994,442 945,442 896,442 846,442 797,443 748,443 699,443 649,443 600,443 551,443 502,443 452,443 403,442 354,442 305,442"/>
                <Baseline points="305,473 354,473 403,473 452,474 502,474 551,474 600,474 649,474 699,474 748,474 797,474 846,473 896,473 945,473 994,473 1043,473 1093,471 1142,471 1191,471 1240,471 1290,471"/>
                <TextEquiv>
                    <Unicode>nec infinite diligibile istam conclusionem </Unicode>
                </TextEquiv>
            </TextLine>
            <TextLine id="r2l2" custom="readingOrder {index:1;}">
                <Coords points="296,551 343,549 390,549 438,549 485,551 533,551 580,551 627,552 675,552 722,552 770,554 817,554 864,555 912,555 959,557 1007,557 1054,557 1101,557 1149,557 1196,557 1244,557 1244,511 1196,511 1149,511 1101,511 1054,511 1007,511 959,511 912,509 864,509 817,508 770,508 722,506 675,506 627,506 580,505 533,505 485,505 438,503 390,503 343,503 296,505"/>
                <Baseline points="296,536 343,534 390,534 438,534 485,536 533,536 580,536 627,537 675,537 722,537 770,539 817,539 864,540 912,540 959,542 1007,542 1054,542 1101,542 1149,542 1196,542 1244,542"/>
                <TextEquiv>
                    <Unicode>et materiam istius deducit magister </Unicode>
                </TextEquiv>
            </TextLine>
            <TextLine id="r2l3" custom="readingOrder {index:2;}">
                <Coords points="302,615 351,615 401,615 450,615 500,617 549,617 599,618 648,618 698,620 747,620 797,621 847,622 896,623 946,624 995,624 1045,626 1094,626 1144,626 1193,626 1243,626 1293,626 1293,580 1243,580 1193,580 1144,580 1094,580 1045,580 995,578 946,578 896,577 847,576 797,575 747,574 698,574 648,572 599,572 549,571 500,571 450,569 401,569 351,569 302,569"/>
                <Baseline points="302,600 351,600 401,600 450,600 500,602 549,602 599,603 648,603 698,605 747,605 797,606 847,607 896,608 946,609 995,609 1045,611 1094,611 1144,611 1193,611 1243,611 1293,611"/>
                <TextEquiv>
                    <Unicode>hugolinus distinctione ista prima quaestione 3 pluribus ar</Unicode>
                </TextEquiv>
            </TextLine>
            <TextLine id="r2l4" custom="readingOrder {index:3;}">
                <Coords points="303,692 351,690 400,689 449,687 498,687 547,687 596,687 645,687 694,687 743,688 792,689 840,689 889,690 938,691 987,692 1036,693 1085,693 1134,695 1183,695 1232,696 1281,696 1281,650 1232,650 1183,649 1134,649 1085,647 1036,647 987,646 938,645 889,644 840,643 792,643 743,642 694,641 645,641 596,641 547,641 498,641 449,641 400,643 351,644 303,646"/>
                <Baseline points="303,677 351,675 400,674 449,672 498,672 547,672 596,672 645,672 694,672 743,673 792,674 840,674 889,675 938,676 987,677 1036,678 1085,678 1134,680 1183,680 1232,681 1281,681"/>
                <TextEquiv>
                    <Unicode>tibulis ¶ primum corollarium sicut omne per </Unicode>
                </TextEquiv>
            </TextLine>
            <TextLine id="r2l5" custom="readingOrder {index:4;}">
                <Coords points="315,758 364,756 414,755 463,755 513,755 562,756 612,758 661,759 711,761 760,762 810,764 859,765 909,768 958,768 1008,770 1057,771 1107,771 1156,771 1206,771 1255,770 1305,767 1305,721 1255,724 1206,725 1156,725 1107,725 1057,725 1008,724 958,722 909,722 859,719 810,718 760,716 711,715 661,713 612,712 562,710 513,709 463,709 414,709 364,710 315,712"/>
                <Baseline points="315,743 364,741 414,740 463,740 513,740 562,741 612,743 661,744 711,746 760,747 810,749 859,750 909,753 958,753 1008,755 1057,756 1107,756 1156,756 1206,756 1255,755 1305,752"/>
                <TextEquiv>
                    <Unicode>se bonum et solum tale est per se ama</Unicode>
                </TextEquiv>
            </TextLine>
            <TextLine id="r2l6" custom="readingOrder {index:5;}">
                <Coords points="324,827 371,828 418,828 465,830 512,830 559,831 606,831 653,831 700,833 747,833 794,833 841,834 888,834 935,834 982,836 1029,836 1076,837 1123,837 1170,837 1217,839 1265,839 1265,793 1217,793 1170,791 1123,791 1076,791 1029,790 982,790 935,788 888,788 841,788 794,787 747,787 700,787 653,785 606,785 559,785 512,784 465,784 418,782 371,782 324,781"/>
                <Baseline points="324,812 371,813 418,813 465,815 512,815 559,816 606,816 653,816 700,818 747,818 794,818 841,819 888,819 935,819 982,821 1029,821 1076,822 1123,822 1170,822 1217,824 1265,824"/>
                <TextEquiv>
                    <Unicode>bile ita omne per se amabile et so</Unicode>
                </TextEquiv>
            </TextLine>
            <TextLine id="r2l7" custom="readingOrder {index:6;}">
                <Coords points="308,894 358,896 409,896 460,897 511,897 562,898 613,899 663,900 714,900 765,902 816,902 867,903 918,903 969,905 1019,905 1070,906 1121,906 1172,908 1223,909 1274,909 1325,911 1325,865 1274,863 1223,863 1172,862 1121,860 1070,860 1019,859 969,859 918,857 867,857 816,856 765,856 714,854 663,854 613,853 562,852 511,851 460,851 409,850 358,850 308,848"/>
                <Baseline points="308,879 358,881 409,881 460,882 511,882 562,883 613,884 663,885 714,885 765,887 816,887 867,888 918,888 969,890 1019,890 1070,891 1121,891 1172,893 1223,894 1274,894 1325,896"/>
                <TextEquiv>
                    <Unicode>lum tale est amabile infinite patet corollarium </Unicode>
                </TextEquiv>
            </TextLine>
            <TextLine id="r2l8" custom="readingOrder {index:7;}">
                <Coords points="305,972 353,969 401,968 449,966 497,965 545,964 593,963 641,963 689,963 737,963 785,965 833,966 881,966 929,968 977,969 1025,971 1073,973 1121,975 1169,977 1217,980 1265,983 1265,937 1217,934 1169,931 1121,929 1073,927 1025,925 977,923 929,922 881,920 833,920 785,919 737,917 689,917 641,917 593,917 545,918 497,919 449,920 401,922 353,923 305,926"/>
                <Baseline points="305,957 353,954 401,953 449,951 497,950 545,949 593,948 641,948 689,948 737,948 785,950 833,951 881,951 929,953 977,954 1025,956 1073,958 1121,960 1169,962 1217,965 1265,968"/>
                <TextEquiv>
                    <Unicode>ex conclusione Et deducitur etiam per magistrum </Unicode>
                </TextEquiv>
            </TextLine>
            <TextLine id="r2l9" custom="readingOrder {index:8;}">
                <Coords points="311,1037 359,1035 407,1034 455,1034 503,1032 551,1032 599,1032 648,1034 696,1034 744,1035 792,1037 840,1038 888,1039 936,1040 985,1042 1033,1044 1081,1045 1129,1047 1177,1049 1225,1050 1274,1052 1274,1006 1225,1004 1177,1003 1129,1001 1081,999 1033,998 985,996 936,994 888,993 840,992 792,991 744,989 696,988 648,988 599,986 551,986 503,986 455,988 407,988 359,989 311,991"/>
                <Baseline points="311,1022 359,1020 407,1019 455,1019 503,1017 551,1017 599,1017 648,1019 696,1019 744,1020 792,1022 840,1023 888,1024 936,1025 985,1027 1033,1029 1081,1030 1129,1032 1177,1034 1225,1035 1274,1037"/>
                <TextEquiv>
                    <Unicode>hugolinus distinctione prima quaestione 2 2o et 3o articulo</Unicode>
                </TextEquiv>
            </TextLine>
            <TextLine id="r2l10" custom="readingOrder {index:9;}">
                <Coords points="312,1107 361,1104 411,1102 461,1101 511,1099 560,1098 610,1098 660,1096 710,1096 759,1096 809,1096 859,1097 909,1098 958,1099 1008,1099 1058,1101 1108,1102 1157,1104 1207,1105 1257,1107 1307,1108 1307,1068 1257,1067 1207,1065 1157,1064 1108,1062 1058,1061 1008,1059 958,1059 909,1058 859,1057 809,1056 759,1056 710,1056 660,1056 610,1058 560,1058 511,1059 461,1061 411,1062 361,1064 312,1067"/>
                <Baseline points="312,1094 361,1091 411,1089 461,1088 511,1086 560,1085 610,1085 660,1083 710,1083 759,1083 809,1083 859,1084 909,1085 958,1086 1008,1086 1058,1088 1108,1089 1157,1091 1207,1092 1257,1094 1307,1095"/>
                <TextEquiv>
                    <Unicode>¶ 2m corollarium nullus diligens ordina</Unicode>
                </TextEquiv>
            </TextLine>
            <TextLine id="r2l11" custom="readingOrder {index:10;}">
                <Coords points="306,1162 356,1164 406,1165 456,1167 507,1167 557,1168 607,1168 657,1170 708,1170 758,1170 808,1170 858,1170 909,1171 959,1171 1009,1171 1059,1171 1110,1171 1160,1171 1210,1173 1260,1173 1311,1173 1311,1133 1260,1133 1210,1133 1160,1131 1110,1131 1059,1131 1009,1131 959,1131 909,1131 858,1130 808,1130 758,1130 708,1130 657,1130 607,1128 557,1128 507,1127 456,1127 406,1125 356,1124 306,1122"/>
                <Baseline points="306,1149 356,1151 406,1152 456,1154 507,1154 557,1155 607,1155 657,1157 708,1157 758,1157 808,1157 858,1157 909,1158 959,1158 1009,1158 1059,1158 1110,1158 1160,1158 1210,1160 1260,1160 1311,1160"/>
                <TextEquiv>
                    <Unicode>te debet amorem suum incomplexum sive </Unicode>
                </TextEquiv>
            </TextLine>
            <TextLine id="r2l12" custom="readingOrder {index:11;}">
                <Coords points="312,1229 360,1232 409,1234 457,1236 506,1236 555,1238 603,1239 652,1239 700,1241 749,1241 798,1241 846,1241 895,1241 943,1241 992,1241 1041,1241 1089,1241 1138,1241 1186,1241 1235,1241 1284,1241 1284,1195 1235,1195 1186,1195 1138,1195 1089,1195 1041,1195 992,1195 943,1195 895,1195 846,1195 798,1195 749,1195 700,1195 652,1193 603,1193 555,1192 506,1190 457,1190 409,1188 360,1186 312,1183"/>
                <Baseline points="312,1214 360,1217 409,1219 457,1221 506,1221 555,1223 603,1224 652,1224 700,1226 749,1226 798,1226 846,1226 895,1226 943,1226 992,1226 1041,1226 1089,1226 1138,1226 1186,1226 1235,1226 1284,1226"/>
                <TextEquiv>
                    <Unicode>latitionem dilectionis inconplexe ultra </Unicode>
                </TextEquiv>
            </TextLine>
            <TextLine id="r2l13" custom="readingOrder {index:12;}">
                <Coords points="312,1295 361,1296 410,1299 460,1301 509,1302 558,1304 608,1305 657,1307 706,1308 756,1309 805,1310 854,1311 904,1311 953,1311 1002,1313 1052,1313 1101,1313 1150,1313 1200,1313 1249,1313 1299,1313 1299,1267 1249,1267 1200,1267 1150,1267 1101,1267 1052,1267 1002,1267 953,1265 904,1265 854,1265 805,1264 756,1263 706,1262 657,1261 608,1259 558,1258 509,1256 460,1255 410,1253 361,1250 312,1249"/>
                <Baseline points="312,1280 361,1281 410,1284 460,1286 509,1287 558,1289 608,1290 657,1292 706,1293 756,1294 805,1295 854,1296 904,1296 953,1296 1002,1298 1052,1298 1101,1298 1150,1298 1200,1298 1249,1298 1299,1298"/>
                <TextEquiv>
                    <Unicode>latitudinem amati et eius intrinsici </Unicode>
                </TextEquiv>
            </TextLine>
            <TextLine id="r2l14" custom="readingOrder {index:13;}">
                <Coords points="303,1359 350,1362 398,1365 446,1368 494,1370 542,1371 589,1373 637,1374 685,1375 733,1376 781,1376 828,1376 876,1376 924,1376 972,1376 1020,1376 1067,1374 1115,1374 1163,1374 1211,1374 1259,1373 1259,1328 1211,1329 1163,1329 1115,1329 1067,1329 1020,1331 972,1331 924,1331 876,1331 828,1331 781,1331 733,1331 685,1330 637,1329 589,1328 542,1326 494,1325 446,1323 398,1320 350,1317 303,1314"/>
                <Baseline points="303,1344 350,1347 398,1350 446,1353 494,1355 542,1356 589,1358 637,1359 685,1360 733,1361 781,1361 828,1361 876,1361 924,1361 972,1361 1020,1361 1067,1359 1115,1359 1163,1359 1211,1359 1259,1358"/>
                <TextEquiv>
                    <Unicode>valoris extendere patet hoc corollarium ex dictis </Unicode>
                </TextEquiv>
            </TextLine>
            <TextLine id="r2l15" custom="readingOrder {index:14;}">
                <Coords points="305,1428 353,1431 402,1433 450,1434 499,1436 548,1436 596,1437 645,1437 693,1437 742,1437 791,1437 839,1437 888,1437 936,1436 985,1436 1034,1436 1082,1436 1131,1436 1179,1436 1228,1437 1277,1437 1277,1392 1228,1392 1179,1391 1131,1391 1082,1391 1034,1391 985,1391 936,1391 888,1392 839,1392 791,1392 742,1392 693,1392 645,1392 596,1392 548,1391 499,1391 450,1389 402,1388 353,1386 305,1383"/>
                <Baseline points="305,1413 353,1416 402,1418 450,1419 499,1421 548,1421 596,1422 645,1422 693,1422 742,1422 791,1422 839,1422 888,1422 936,1421 985,1421 1034,1421 1082,1421 1131,1421 1179,1421 1228,1422 1277,1422"/>
                <TextEquiv>
                    <Unicode>et per beatum augustinum 9 de trinitate capitulo 9 sic in</Unicode>
                </TextEquiv>
            </TextLine>
            <TextLine id="r2l16" custom="readingOrder {index:15;}">
                <Coords points="311,1497 360,1500 409,1502 458,1502 507,1503 557,1505 606,1505 655,1505 704,1505 753,1505 803,1505 852,1505 901,1505 950,1505 999,1503 1049,1503 1098,1503 1147,1502 1196,1502 1245,1502 1295,1502 1295,1457 1245,1457 1196,1457 1147,1457 1098,1458 1049,1458 999,1458 950,1460 901,1460 852,1460 803,1460 753,1460 704,1460 655,1460 606,1460 557,1460 507,1458 458,1457 409,1457 360,1455 311,1452"/>
                <Baseline points="311,1482 360,1485 409,1487 458,1487 507,1488 557,1490 606,1490 655,1490 704,1490 753,1490 803,1490 852,1490 901,1490 950,1490 999,1488 1049,1488 1098,1488 1147,1487 1196,1487 1245,1487 1295,1487"/>
                <TextEquiv>
                    <Unicode>quiens si enim aliqua res ut meus </Unicode>
                </TextEquiv>
            </TextLine>
            <TextLine id="r2l17" custom="readingOrder {index:16;}">
                <Coords points="315,1559 364,1562 413,1564 462,1566 511,1568 560,1568 609,1569 658,1569 707,1569 756,1569 805,1569 854,1568 903,1568 952,1568 1001,1568 1050,1568 1099,1568 1148,1568 1197,1568 1246,1569 1296,1571 1296,1526 1246,1524 1197,1523 1148,1523 1099,1523 1050,1523 1001,1523 952,1523 903,1523 854,1523 805,1524 756,1524 707,1524 658,1524 609,1524 560,1523 511,1523 462,1521 413,1519 364,1517 315,1514"/>
                <Baseline points="315,1544 364,1547 413,1549 462,1551 511,1553 560,1553 609,1554 658,1554 707,1554 756,1554 805,1554 854,1553 903,1553 952,1553 1001,1553 1050,1553 1099,1553 1148,1553 1197,1553 1246,1554 1296,1556"/>
                <TextEquiv>
                    <Unicode>minus se amat etc ubi ostendit augustinus </Unicode>
                </TextEquiv>
            </TextLine>
            <TextLine id="r2l18" custom="readingOrder {index:17;}">
                <Coords points="314,1621 362,1622 410,1624 458,1625 506,1627 555,1627 603,1628 651,1628 699,1628 747,1628 796,1628 844,1628 892,1628 940,1628 988,1628 1037,1628 1085,1628 1133,1628 1181,1628 1229,1630 1278,1630 1278,1587 1229,1587 1181,1585 1133,1585 1085,1585 1037,1585 988,1585 940,1585 892,1585 844,1585 796,1585 747,1585 699,1585 651,1585 603,1585 555,1584 506,1584 458,1582 410,1581 362,1579 314,1578"/>
                <Baseline points="314,1607 362,1608 410,1610 458,1611 506,1613 555,1613 603,1614 651,1614 699,1614 747,1614 796,1614 844,1614 892,1614 940,1614 988,1614 1037,1614 1085,1614 1133,1614 1181,1614 1229,1616 1278,1616"/>
                <TextEquiv>
                    <Unicode>quod quantum res est minus bona quam deus </Unicode>
                </TextEquiv>
            </TextLine>
            <TextLine id="r2l19" custom="readingOrder {index:18;}">
                <Coords points="315,1684 364,1685 414,1685 463,1685 513,1687 563,1687 612,1687 662,1688 711,1688 761,1688 811,1688 860,1688 910,1688 959,1690 1009,1690 1059,1690 1108,1691 1158,1691 1207,1692 1257,1693 1307,1694 1307,1652 1257,1651 1207,1650 1158,1649 1108,1649 1059,1648 1009,1648 959,1648 910,1646 860,1646 811,1646 761,1646 711,1646 662,1646 612,1645 563,1645 513,1645 463,1643 414,1643 364,1643 315,1642"/>
                <Baseline points="315,1670 364,1671 414,1671 463,1671 513,1673 563,1673 612,1673 662,1674 711,1674 761,1674 811,1674 860,1674 910,1674 959,1676 1009,1676 1059,1676 1108,1677 1158,1677 1207,1678 1257,1679 1307,1680"/>
                <TextEquiv>
                    <Unicode>tanto minus debet diligi Et conclu</Unicode>
                </TextEquiv>
            </TextLine>
            <TextLine id="r2l20" custom="readingOrder {index:19;}">
                <Coords points="318,1741 366,1745 414,1747 462,1749 511,1751 559,1753 607,1753 655,1754 704,1754 752,1754 800,1754 848,1754 897,1754 945,1754 993,1754 1041,1754 1090,1754 1138,1756 1186,1756 1234,1757 1283,1757 1283,1715 1234,1715 1186,1714 1138,1714 1090,1712 1041,1712 993,1712 945,1712 897,1712 848,1712 800,1712 752,1712 704,1712 655,1712 607,1711 559,1711 511,1709 462,1707 414,1705 366,1703 318,1699"/>
                <Baseline points="318,1727 366,1731 414,1733 462,1735 511,1737 559,1739 607,1739 655,1740 704,1740 752,1740 800,1740 848,1740 897,1740 945,1740 993,1740 1041,1740 1090,1740 1138,1742 1186,1742 1234,1743 1283,1743"/>
                <TextEquiv>
                    <Unicode>dit in fine quod quaelibet res quae non </Unicode>
                </TextEquiv>
            </TextLine>
            <TextLine id="r2l21" custom="readingOrder {index:20;}">
                <Coords points="324,1805 371,1807 419,1809 467,1811 515,1813 563,1814 611,1814 658,1816 706,1817 754,1817 802,1817 850,1819 898,1819 946,1819 993,1819 1041,1819 1089,1819 1137,1817 1185,1817 1233,1817 1281,1816 1281,1773 1233,1774 1185,1774 1137,1774 1089,1776 1041,1776 993,1776 946,1776 898,1776 850,1776 802,1774 754,1774 706,1774 658,1773 611,1771 563,1771 515,1770 467,1768 419,1766 371,1764 324,1762"/>
                <Baseline points="324,1791 371,1793 419,1795 467,1797 515,1799 563,1800 611,1800 658,1802 706,1803 754,1803 802,1803 850,1805 898,1805 946,1805 993,1805 1041,1805 1089,1805 1137,1803 1185,1803 1233,1803 1281,1802"/>
                <TextEquiv>
                    <Unicode>est deus debet infinite minus dili</Unicode>
                </TextEquiv>
            </TextLine>
            <TextLine id="r2l22" custom="readingOrder {index:21;}">
                <Coords points="299,1884 348,1883 398,1881 448,1881 498,1880 548,1880 598,1880 647,1880 697,1880 747,1881 797,1881 847,1881 897,1881 947,1881 996,1881 1046,1881 1096,1881 1146,1881 1196,1880 1246,1878 1296,1877 1296,1832 1246,1833 1196,1835 1146,1836 1096,1836 1046,1836 996,1836 947,1836 897,1836 847,1836 797,1836 747,1836 697,1835 647,1835 598,1835 548,1835 498,1835 448,1836 398,1836 348,1838 299,1839"/>
                <Baseline points="299,1869 348,1868 398,1866 448,1866 498,1865 548,1865 598,1865 647,1865 697,1865 747,1866 797,1866 847,1866 897,1866 947,1866 996,1866 1046,1866 1096,1866 1146,1866 1196,1865 1246,1863 1296,1862"/>
                <TextEquiv>
                    <Unicode>gi quam deus hoc corollarium deducitur etiam </Unicode>
                </TextEquiv>
            </TextLine>
            <TextLine id="r2l23" custom="readingOrder {index:22;}">
                <Coords points="317,1950 364,1949 411,1948 459,1948 506,1949 554,1949 601,1950 648,1952 696,1953 743,1955 791,1956 838,1957 885,1958 933,1958 980,1959 1028,1958 1075,1958 1122,1956 1170,1955 1217,1952 1265,1947 1265,1901 1217,1906 1170,1909 1122,1910 1075,1912 1028,1912 980,1913 933,1912 885,1912 838,1911 791,1910 743,1909 696,1907 648,1906 601,1904 554,1903 506,1903 459,1902 411,1902 364,1903 317,1904"/>
                <Baseline points="317,1935 364,1934 411,1933 459,1933 506,1934 554,1934 601,1935 648,1937 696,1938 743,1940 791,1941 838,1942 885,1943 933,1943 980,1944 1028,1943 1075,1943 1122,1941 1170,1940 1217,1937 1265,1932"/>
                <TextEquiv>
                    <Unicode>per hugolinum ubi supra articulo primo ¶ 3m corollarium </Unicode>
                </TextEquiv>
            </TextLine>
            <TextLine id="r2l24" custom="readingOrder {index:23;}">
                <Coords points="317,2022 366,2024 415,2025 464,2025 513,2027 563,2027 612,2028 661,2028 710,2029 759,2030 809,2030 858,2028 907,2028 956,2027 1005,2025 1055,2024 1104,2022 1153,2020 1202,2017 1251,2014 1301,2009 1301,1963 1251,1968 1202,1971 1153,1974 1104,1976 1055,1978 1005,1979 956,1981 907,1982 858,1982 809,1984 759,1984 710,1983 661,1982 612,1982 563,1981 513,1981 464,1979 415,1979 366,1978 317,1976"/>
                <Baseline points="317,2007 366,2009 415,2010 464,2010 513,2012 563,2012 612,2013 661,2013 710,2014 759,2015 809,2015 858,2013 907,2013 956,2012 1005,2010 1055,2009 1104,2007 1153,2005 1202,2002 1251,1999 1301,1994"/>
                <TextEquiv>
                    <Unicode>non est possibile aliquem ordinata dilectione </Unicode>
                </TextEquiv>
            </TextLine>
            <TextLine id="r2l25" custom="readingOrder {index:24;}">
                <Coords points="314,2093 363,2093 413,2094 462,2094 512,2094 562,2096 611,2096 661,2096 711,2097 760,2097 810,2097 860,2097 909,2097 959,2096 1009,2096 1058,2094 1108,2093 1158,2090 1207,2088 1257,2085 1307,2081 1307,2035 1257,2039 1207,2042 1158,2044 1108,2047 1058,2048 1009,2050 959,2050 909,2051 860,2051 810,2051 760,2051 711,2051 661,2050 611,2050 562,2050 512,2048 462,2048 413,2048 363,2047 314,2047"/>
                <Baseline points="314,2078 363,2078 413,2079 462,2079 512,2079 562,2081 611,2081 661,2081 711,2082 760,2082 810,2082 860,2082 909,2082 959,2081 1009,2081 1058,2079 1108,2078 1158,2075 1207,2073 1257,2070 1307,2066"/>
                <TextEquiv>
                    <Unicode>deum minus diligere creata aliqua en</Unicode>
                </TextEquiv>
            </TextLine>
            <TextLine id="r2l26" custom="readingOrder {index:25;}">
                <Coords points="327,2157 375,2160 423,2162 471,2165 519,2166 567,2167 615,2168 663,2168 711,2169 759,2169 807,2169 855,2169 903,2168 951,2168 999,2167 1047,2166 1095,2166 1143,2165 1191,2164 1239,2163 1287,2163 1287,2117 1239,2117 1191,2118 1143,2119 1095,2120 1047,2120 999,2121 951,2122 903,2122 855,2123 807,2123 759,2123 711,2123 663,2122 615,2122 567,2121 519,2120 471,2119 423,2116 375,2114 327,2111"/>
                <Baseline points="327,2142 375,2145 423,2147 471,2150 519,2151 567,2152 615,2153 663,2153 711,2154 759,2154 807,2154 855,2154 903,2153 951,2153 999,2152 1047,2151 1095,2151 1143,2150 1191,2149 1239,2148 1287,2148"/>
                <TextEquiv>
                    <Unicode>titiae probatur quia nulli tali enti co</Unicode>
                </TextEquiv>
            </TextLine>
            <TextLine id="r2l27" custom="readingOrder {index:26;}">
                <Coords points="314,2234 364,2235 415,2237 466,2237 516,2238 567,2238 618,2238 668,2238 719,2238 770,2238 821,2238 871,2238 922,2238 973,2238 1023,2237 1074,2237 1125,2235 1175,2235 1226,2234 1277,2233 1328,2232 1328,2186 1277,2187 1226,2188 1175,2189 1125,2189 1074,2191 1023,2191 973,2192 922,2192 871,2192 821,2192 770,2192 719,2192 668,2192 618,2192 567,2192 516,2192 466,2191 415,2191 364,2189 314,2188"/>
                <Baseline points="314,2219 364,2220 415,2222 466,2222 516,2223 567,2223 618,2223 668,2223 719,2223 770,2223 821,2223 871,2223 922,2223 973,2223 1023,2222 1074,2222 1125,2220 1175,2220 1226,2219 1277,2218 1328,2217"/>
                <TextEquiv>
                    <Unicode>respondet vel correspondere potest tanta vel ma</Unicode>
                </TextEquiv>
            </TextLine>
            <TextLine id="r2l28" custom="readingOrder {index:27;}">
                <Coords points="327,2295 376,2299 426,2303 475,2304 525,2307 574,2307 624,2309 673,2309 723,2309 772,2309 822,2308 871,2307 921,2307 970,2306 1020,2306 1069,2306 1119,2306 1168,2306 1218,2307 1267,2309 1317,2312 1317,2266 1267,2263 1218,2261 1168,2260 1119,2260 1069,2260 1020,2260 970,2260 921,2261 871,2261 822,2262 772,2263 723,2263 673,2263 624,2263 574,2261 525,2261 475,2258 426,2257 376,2253 327,2249"/>
                <Baseline points="327,2280 376,2284 426,2288 475,2289 525,2292 574,2292 624,2294 673,2294 723,2294 772,2294 822,2293 871,2292 921,2292 970,2291 1020,2291 1069,2291 1119,2291 1168,2291 1218,2292 1267,2294 1317,2297"/>
                <TextEquiv>
                    <Unicode>ior bonitas igitur nec diligibilitas sic </Unicode>
                </TextEquiv>
            </TextLine>
            <TextLine id="r2l29" custom="readingOrder {index:28;}">
                <Coords points="324,2361 371,2366 418,2369 465,2372 513,2374 560,2376 607,2378 654,2379 702,2381 749,2381 796,2381 843,2382 891,2382 938,2382 985,2382 1032,2382 1080,2382 1127,2382 1174,2382 1221,2382 1269,2382 1269,2337 1221,2337 1174,2337 1127,2337 1080,2337 1032,2337 985,2337 938,2337 891,2337 843,2337 796,2336 749,2336 702,2336 654,2334 607,2333 560,2331 513,2329 465,2327 418,2324 371,2321 324,2316"/>
                <Baseline points="324,2346 371,2351 418,2354 465,2357 513,2359 560,2361 607,2363 654,2364 702,2366 749,2366 796,2366 843,2367 891,2367 938,2367 985,2367 1032,2367 1080,2367 1127,2367 1174,2367 1221,2367 1269,2367"/>
                <TextEquiv>
                    <Unicode>et hiis concorditer loquaebatur augustinus </Unicode>
                </TextEquiv>
            </TextLine>
            <TextLine id="r2l30" custom="readingOrder {index:29;}">
                <Coords points="324,2426 371,2429 418,2431 466,2433 513,2435 561,2438 608,2440 655,2441 703,2444 750,2446 798,2447 845,2449 892,2449 940,2450 987,2450 1035,2450 1082,2450 1129,2450 1177,2449 1224,2447 1272,2446 1272,2404 1224,2405 1177,2407 1129,2408 1082,2408 1035,2408 987,2408 940,2408 892,2407 845,2407 798,2405 750,2404 703,2402 655,2399 608,2398 561,2396 513,2393 466,2391 418,2389 371,2387 324,2384"/>
                <Baseline points="324,2412 371,2415 418,2417 466,2419 513,2421 561,2424 608,2426 655,2427 703,2430 750,2432 798,2433 845,2435 892,2435 940,2436 987,2436 1035,2436 1082,2436 1129,2436 1177,2435 1224,2433 1272,2432"/>
                <TextEquiv>
                    <Unicode>9 de trinitate capitulo 9 maiore iniquitate </Unicode>
                </TextEquiv>
            </TextLine>
            <TextLine id="r2l31" custom="readingOrder {index:30;}">
                <Coords points="318,2483 365,2486 412,2491 460,2494 507,2498 555,2501 602,2504 649,2506 697,2509 744,2510 792,2512 839,2513 886,2515 934,2515 981,2515 1029,2515 1076,2515 1123,2513 1171,2512 1218,2510 1266,2509 1266,2467 1218,2468 1171,2470 1123,2471 1076,2473 1029,2473 981,2473 934,2473 886,2473 839,2471 792,2470 744,2468 697,2467 649,2464 602,2462 555,2459 507,2456 460,2452 412,2449 365,2444 318,2441"/>
                <Baseline points="318,2469 365,2472 412,2477 460,2480 507,2484 555,2487 602,2490 649,2492 697,2495 744,2496 792,2498 839,2499 886,2501 934,2501 981,2501 1029,2501 1076,2501 1123,2499 1171,2498 1218,2496 1266,2495"/>
                <TextEquiv>
                    <Unicode>et perversitate peccat mens cum corpus </Unicode>
                </TextEquiv>
            </TextLine>
            <TextLine id="r2l32" custom="readingOrder {index:31;}">
                <Coords points="321,2554 368,2557 416,2560 464,2563 511,2564 559,2567 607,2569 654,2570 702,2572 750,2573 798,2574 845,2575 893,2575 941,2575 988,2575 1036,2575 1084,2573 1131,2572 1179,2572 1227,2569 1275,2567 1275,2525 1227,2527 1179,2530 1131,2530 1084,2531 1036,2533 988,2533 941,2533 893,2533 845,2533 798,2532 750,2531 702,2530 654,2528 607,2527 559,2525 511,2522 464,2521 416,2518 368,2515 321,2512"/>
                <Baseline points="321,2540 368,2543 416,2546 464,2549 511,2550 559,2553 607,2555 654,2556 702,2558 750,2559 798,2560 845,2561 893,2561 941,2561 988,2561 1036,2561 1084,2559 1131,2558 1179,2558 1227,2555 1275,2553"/>
                <TextEquiv>
                    <Unicode>tantum amat quantum amandus est </Unicode>
                </TextEquiv>
            </TextLine>
            <TextLine id="r2l33" custom="readingOrder {index:32;}">
                <Coords points="324,2619 373,2623 423,2627 472,2630 522,2633 572,2634 621,2636 671,2638 721,2640 770,2640 820,2642 870,2642 919,2643 969,2643 1019,2643 1068,2643 1118,2643 1168,2643 1217,2643 1267,2643 1317,2643 1317,2597 1267,2597 1217,2597 1168,2597 1118,2597 1068,2597 1019,2597 969,2597 919,2597 870,2596 820,2596 770,2594 721,2594 671,2592 621,2590 572,2588 522,2587 472,2584 423,2581 373,2577 324,2573"/>
                <Baseline points="324,2604 373,2608 423,2612 472,2615 522,2618 572,2619 621,2621 671,2623 721,2625 770,2625 820,2627 870,2627 919,2628 969,2628 1019,2628 1068,2628 1118,2628 1168,2628 1217,2628 1267,2628 1317,2628"/>
                <TextEquiv>
                    <Unicode>deus ¶ contra istam conclusionem est ratio prima </Unicode>
                </TextEquiv>
            </TextLine>
            <TextLine id="r2l34" custom="readingOrder {index:33;}">
                <Coords points="333,2682 381,2687 429,2691 477,2694 526,2697 574,2700 622,2703 670,2705 719,2706 767,2708 815,2708 863,2709 912,2709 960,2709 1008,2709 1056,2709 1105,2709 1153,2708 1201,2708 1249,2708 1298,2706 1298,2660 1249,2662 1201,2662 1153,2662 1105,2663 1056,2663 1008,2663 960,2663 912,2663 863,2663 815,2662 767,2662 719,2660 670,2659 622,2657 574,2654 526,2651 477,2648 429,2645 381,2641 333,2636"/>
                <Baseline points="333,2667 381,2672 429,2676 477,2679 526,2682 574,2685 622,2688 670,2690 719,2691 767,2693 815,2693 863,2694 912,2694 960,2694 1008,2694 1056,2694 1105,2694 1153,2693 1201,2693 1249,2693 1298,2691"/>
                <TextEquiv>
                    <Unicode>2i principalis quia quaelibet res potest in</Unicode>
                </TextEquiv>
            </TextLine>
            <TextLine id="r2l35" custom="readingOrder {index:34;}">
                <Coords points="330,2756 377,2759 425,2762 472,2763 520,2766 568,2768 615,2769 663,2771 711,2771 758,2772 806,2772 854,2772 901,2772 949,2772 997,2772 1044,2772 1092,2772 1140,2772 1187,2771 1235,2770 1283,2769 1283,2723 1235,2724 1187,2725 1140,2726 1092,2726 1044,2726 997,2726 949,2726 901,2726 854,2726 806,2726 758,2726 711,2725 663,2725 615,2723 568,2722 520,2720 472,2717 425,2716 377,2713 330,2710"/>
                <Baseline points="330,2741 377,2744 425,2747 472,2748 520,2751 568,2753 615,2754 663,2756 711,2756 758,2757 806,2757 854,2757 901,2757 949,2757 997,2757 1044,2757 1092,2757 1140,2757 1187,2756 1235,2755 1283,2754"/>
                <TextEquiv>
                    <Unicode>finite plus diligi quam modo diligatur </Unicode>
                </TextEquiv>
            </TextLine>
            <TextLine id="r2l36" custom="readingOrder {index:35;}">
                <Coords points="332,2825 380,2828 428,2830 476,2833 524,2834 573,2836 621,2836 669,2837 717,2837 765,2837 814,2837 862,2837 910,2837 958,2837 1006,2836 1055,2836 1103,2834 1151,2833 1199,2831 1247,2830 1296,2827 1296,2784 1247,2787 1199,2788 1151,2790 1103,2791 1055,2793 1006,2793 958,2794 910,2794 862,2794 814,2794 765,2794 717,2794 669,2794 621,2793 573,2793 524,2791 476,2790 428,2787 380,2785 332,2782"/>
                <Baseline points="332,2811 380,2814 428,2816 476,2819 524,2820 573,2822 621,2822 669,2823 717,2823 765,2823 814,2823 862,2823 910,2823 958,2823 1006,2822 1055,2822 1103,2820 1151,2819 1199,2817 1247,2816 1296,2813"/>
                <TextEquiv>
                    <Unicode>patet ibidem igitur conclusio videtur falsa ¶ Contra primum </Unicode>
                </TextEquiv>
            </TextLine>
            <TextLine id="r2l37" custom="readingOrder {index:36;}">
                <Coords points="333,2884 381,2888 430,2893 478,2896 527,2899 575,2900 624,2902 672,2903 721,2903 769,2903 818,2903 867,2903 915,2902 964,2901 1012,2900 1061,2899 1109,2897 1158,2896 1206,2894 1255,2893 1304,2891 1304,2848 1255,2850 1206,2851 1158,2853 1109,2854 1061,2856 1012,2857 964,2858 915,2859 867,2860 818,2860 769,2860 721,2860 672,2860 624,2859 575,2857 527,2856 478,2853 430,2850 381,2845 333,2841"/>
                <Baseline points="333,2870 381,2874 430,2879 478,2882 527,2885 575,2886 624,2888 672,2889 721,2889 769,2889 818,2889 867,2889 915,2888 964,2887 1012,2886 1061,2885 1109,2883 1158,2882 1206,2880 1255,2879 1304,2877"/>
                <TextEquiv>
                    <Unicode>corollarium si ipsum verum sequeretur quod nichil </Unicode>
                </TextEquiv>
            </TextLine>
            <TextLine id="r2l38" custom="readingOrder {index:37;}">
                <Coords points="329,2952 378,2955 427,2957 476,2960 525,2963 574,2964 623,2967 672,2968 721,2969 770,2970 820,2971 869,2972 918,2972 967,2970 1016,2970 1065,2969 1114,2967 1163,2965 1212,2962 1261,2958 1311,2954 1311,2909 1261,2913 1212,2917 1163,2920 1114,2922 1065,2924 1016,2925 967,2925 918,2927 869,2927 820,2926 770,2925 721,2924 672,2923 623,2922 574,2919 525,2918 476,2915 427,2912 378,2910 329,2907"/>
                <Baseline points="329,2937 378,2940 427,2942 476,2945 525,2948 574,2949 623,2952 672,2953 721,2954 770,2955 820,2956 869,2957 918,2957 967,2955 1016,2955 1065,2954 1114,2952 1163,2950 1212,2947 1261,2943 1311,2939"/>
                <TextEquiv>
                    <Unicode>aliud a deo esse infinite diligibile </Unicode>
                </TextEquiv>
            </TextLine>
            <TextLine id="r2l39" custom="readingOrder {index:38;}">
                <Coords points="318,3020 365,3021 413,3024 461,3026 509,3027 557,3029 605,3030 652,3032 700,3033 748,3035 796,3035 844,3036 892,3036 940,3036 987,3036 1035,3036 1083,3035 1131,3033 1179,3030 1227,3029 1275,3026 1275,2980 1227,2983 1179,2984 1131,2987 1083,2989 1035,2990 987,2990 940,2990 892,2990 844,2990 796,2989 748,2989 700,2987 652,2986 605,2984 557,2983 509,2981 461,2980 413,2978 365,2975 318,2974"/>
                <Baseline points="318,3005 365,3006 413,3009 461,3011 509,3012 557,3014 605,3015 652,3017 700,3018 748,3020 796,3020 844,3021 892,3021 940,3021 987,3021 1035,3021 1083,3020 1131,3018 1179,3015 1227,3014 1275,3011"/>
                <TextEquiv>
                    <Unicode>et per se diligentiae patet consequentia et falsitas con</Unicode>
                </TextEquiv>
            </TextLine>
            <TextLine id="r2l40" custom="readingOrder {index:39;}">
                <Coords points="323,3093 371,3095 419,3097 467,3099 515,3101 564,3102 612,3104 660,3104 708,3105 756,3105 805,3105 853,3105 901,3105 949,3104 997,3104 1046,3102 1094,3101 1142,3099 1190,3098 1238,3096 1287,3093 1287,3047 1238,3050 1190,3052 1142,3053 1094,3055 1046,3056 997,3058 949,3058 901,3059 853,3059 805,3059 756,3059 708,3059 660,3058 612,3058 564,3056 515,3055 467,3053 419,3051 371,3049 323,3047"/>
                <Baseline points="323,3078 371,3080 419,3082 467,3084 515,3086 564,3087 612,3089 660,3089 708,3090 756,3090 805,3090 853,3090 901,3090 949,3089 997,3089 1046,3087 1094,3086 1142,3084 1190,3083 1238,3081 1287,3078"/>
                <TextEquiv>
                    <Unicode>sequentis probatur quia deus et omnis </Unicode>
                </TextEquiv>
            </TextLine>
            <TextLine id="r2l41" custom="readingOrder {index:40;}">
                <Coords points="330,3167 378,3170 427,3171 475,3173 524,3174 573,3176 621,3177 670,3177 718,3179 767,3179 816,3179 864,3177 913,3177 961,3177 1010,3176 1059,3175 1107,3174 1156,3173 1204,3171 1253,3170 1302,3170 1302,3124 1253,3124 1204,3125 1156,3127 1107,3128 1059,3129 1010,3130 961,3131 913,3131 864,3131 816,3133 767,3133 718,3133 670,3131 621,3131 573,3130 524,3128 475,3127 427,3125 378,3124 330,3121"/>
                <Baseline points="330,3152 378,3155 427,3156 475,3158 524,3159 573,3161 621,3162 670,3162 718,3164 767,3164 816,3164 864,3162 913,3162 961,3162 1010,3161 1059,3160 1107,3159 1156,3158 1204,3156 1253,3155 1302,3155"/>
                <TextEquiv>
                    <Unicode>bonitas creata sunt multitudo infinite </Unicode>
                </TextEquiv>
            </TextLine>
            <TextLine id="r2l42" custom="readingOrder {index:41;}">
                <Coords points="315,3236 362,3237 409,3239 456,3242 504,3243 551,3245 598,3246 645,3248 693,3248 740,3249 787,3249 834,3249 882,3249 929,3248 976,3248 1023,3246 1071,3245 1118,3244 1165,3242 1212,3240 1260,3239 1260,3194 1212,3195 1165,3197 1118,3199 1071,3200 1023,3201 976,3203 929,3203 882,3204 834,3204 787,3204 740,3204 693,3203 645,3203 598,3201 551,3200 504,3198 456,3197 409,3194 362,3192 315,3191"/>
                <Baseline points="315,3221 362,3222 409,3224 456,3227 504,3228 551,3230 598,3231 645,3233 693,3233 740,3234 787,3234 834,3234 882,3234 929,3233 976,3233 1023,3231 1071,3230 1118,3229 1165,3227 1212,3225 1260,3224"/>
                <TextEquiv>
                    <Unicode>diligibilis et diligibils infinite et sunt </Unicode>
                </TextEquiv>
            </TextLine>
            <TextLine id="r2l43" custom="readingOrder {index:42;}">
                <Coords points="321,3312 370,3311 420,3309 470,3309 520,3309 570,3310 620,3311 670,3312 720,3314 770,3315 820,3317 869,3318 919,3318 969,3318 1019,3318 1069,3317 1119,3314 1169,3311 1219,3306 1269,3300 1319,3293 1319,3248 1269,3255 1219,3261 1169,3266 1119,3269 1069,3272 1019,3273 969,3273 919,3273 869,3273 820,3272 770,3270 720,3269 670,3267 620,3266 570,3265 520,3264 470,3264 420,3264 370,3266 321,3267"/>
                <Baseline points="321,3297 370,3296 420,3294 470,3294 520,3294 570,3295 620,3296 670,3297 720,3299 770,3300 820,3302 869,3303 919,3303 969,3303 1019,3303 1069,3302 1119,3299 1169,3296 1219,3291 1269,3285 1319,3278"/>
                <TextEquiv>
                    <Unicode>aliud a deo igitur sequitur sequitur quod consequens sit falsum </Unicode>
                </TextEquiv>
            </TextLine>
            <TextLine id="r2l44" custom="readingOrder {index:43;}">
                <Coords points="315,3387 363,3383 412,3381 460,3380 509,3380 557,3380 606,3380 654,3381 703,3384 751,3385 800,3387 849,3389 897,3390 946,3392 994,3392 1043,3392 1091,3391 1140,3388 1188,3385 1237,3381 1286,3375 1286,3329 1237,3335 1188,3339 1140,3342 1091,3345 1043,3346 994,3346 946,3346 897,3344 849,3343 800,3341 751,3339 703,3338 654,3335 606,3334 557,3334 509,3334 460,3334 412,3335 363,3337 315,3341"/>
                <Baseline points="315,3372 363,3368 412,3366 460,3365 509,3365 557,3365 606,3365 654,3366 703,3369 751,3370 800,3372 849,3374 897,3375 946,3377 994,3377 1043,3377 1091,3376 1140,3373 1188,3370 1237,3366 1286,3360"/>
                <TextEquiv>
                    <Unicode>¶ Contra 2m corollarium aliquis licite plus </Unicode>
                </TextEquiv>
            </TextLine>
            <TextEquiv>
                <Unicode>nec infinite diligibile istam conclusionem 
et materiam istius deducit magister 
hugolinus distinctione ista prima quaestione 3 pluribus ar
tibulis ¶ primum corollarium sicut omne per 
se bonum et solum tale est per se ama
bile ita omne per se amabile et so
lum tale est amabile infinite patet corollarium 
ex conclusione Et deducitur etiam per magistrum 
hugolinus distinctione prima quaestione 2 2o et 3o articulo
¶ 2m corollarium nullus diligens ordina
te debet amorem suum incomplexum sive 
latitionem dilectionis inconplexe ultra 
latitudinem amati et eius intrinsici 
valoris extendere patet hoc corollarium ex dictis 
et per beatum augustinum 9 de trinitate capitulo 9 sic in
quiens si enim aliqua res ut meus 
minus se amat etc ubi ostendit augustinus 
quod quantum res est minus bona quam deus 
tanto minus debet diligi Et conclu
dit in fine quod quaelibet res quae non 
est deus debet infinite minus dili
gi quam deus hoc corollarium deducitur etiam 
per hugolinum ubi supra articulo primo ¶ 3m corollarium 
non est possibile aliquem ordinata dilectione 
deum minus diligere creata aliqua en
titiae probatur quia nulli tali enti co
respondet vel correspondere potest tanta vel ma
ior bonitas igitur nec diligibilitas sic 
et hiis concorditer loquaebatur augustinus 
9 de trinitate capitulo 9 maiore iniquitate 
et perversitate peccat mens cum corpus 
tantum amat quantum amandus est 
deus ¶ contra istam conclusionem est ratio prima 
2i principalis quia quaelibet res potest in
finite plus diligi quam modo diligatur 
patet ibidem igitur conclusio videtur falsa ¶ Contra primum 
corollarium si ipsum verum sequeretur quod nichil 
aliud a deo esse infinite diligibile 
et per se diligentiae patet consequentia et falsitas con
sequentis probatur quia deus et omnis 
bonitas creata sunt multitudo infinite 
diligibilis et diligibils infinite et sunt 
aliud a deo igitur sequitur sequitur quod consequens sit falsum 
¶ Contra 2m corollarium aliquis licite plus </Unicode>
            </TextEquiv>
        </TextRegion>
        <TextRegion orientation="0.0" id="r3" custom="readingOrder {index:1;}">
            <Coords points="1461,415 1461,3375 2493,3375 2493,415"/>
            <TextLine id="r3l1" custom="readingOrder {index:0;}">
                <Coords points="1487,461 1536,462 1585,463 1634,464 1683,465 1732,467 1781,467 1830,468 1879,468 1928,470 1978,470 2027,470 2076,470 2125,470 2174,470 2223,470 2272,468 2321,467 2370,466 2419,464 2469,462 2469,416 2419,418 2370,420 2321,421 2272,422 2223,424 2174,424 2125,424 2076,424 2027,424 1978,424 1928,424 1879,422 1830,422 1781,421 1732,421 1683,419 1634,418 1585,417 1536,416 1487,415"/>
                <Baseline points="1487,446 1536,447 1585,448 1634,449 1683,450 1732,452 1781,452 1830,453 1879,453 1928,455 1978,455 2027,455 2076,455 2125,455 2174,455 2223,455 2272,453 2321,452 2370,451 2419,449 2469,447"/>
                <TextEquiv>
                    <Unicode>potest diligere christum quam suum patrem aeternum </Unicode>
                </TextEquiv>
            </TextLine>
            <TextLine id="r3l2" custom="readingOrder {index:1;}">
                <Coords points="1491,525 1538,527 1586,528 1633,530 1681,531 1728,533 1776,534 1823,535 1871,536 1918,537 1966,537 2014,537 2061,537 2109,537 2156,537 2204,537 2251,537 2299,537 2346,536 2394,536 2442,534 2442,488 2394,490 2346,490 2299,491 2251,491 2204,491 2156,491 2109,491 2061,491 2014,491 1966,491 1918,491 1871,490 1823,489 1776,488 1728,487 1681,485 1633,484 1586,482 1538,481 1491,479"/>
                <Baseline points="1491,510 1538,512 1586,513 1633,515 1681,516 1728,518 1776,519 1823,520 1871,521 1918,522 1966,522 2014,522 2061,522 2109,522 2156,522 2204,522 2251,522 2299,522 2346,521 2394,521 2442,519"/>
                <TextEquiv>
                    <Unicode>vel spiritum sanctum et tamen christus non est ma</Unicode>
                </TextEquiv>
            </TextLine>
            <TextLine id="r3l3" custom="readingOrder {index:2;}">
                <Coords points="1490,594 1536,594 1582,595 1628,596 1674,597 1720,598 1766,599 1812,600 1858,601 1904,602 1951,603 1997,604 2043,605 2089,605 2135,605 2181,605 2227,605 2273,605 2319,603 2365,602 2412,600 2412,554 2365,556 2319,557 2273,559 2227,559 2181,559 2135,559 2089,559 2043,559 1997,558 1951,557 1904,556 1858,555 1812,554 1766,553 1720,552 1674,551 1628,550 1582,549 1536,548 1490,548"/>
                <Baseline points="1490,579 1536,579 1582,580 1628,581 1674,582 1720,583 1766,584 1812,585 1858,586 1904,587 1951,588 1997,589 2043,590 2089,590 2135,590 2181,590 2227,590 2273,590 2319,588 2365,587 2412,585"/>
                <TextEquiv>
                    <Unicode>ioris valoris igitur corollarium falsum ¶ contra 3m </Unicode>
                </TextEquiv>
            </TextLine>
            <TextLine id="r3l4" custom="readingOrder {index:3;}">
                <Coords points="1488,659 1533,659 1578,659 1624,660 1669,660 1715,662 1760,662 1805,663 1851,665 1896,666 1942,668 1987,669 2032,671 2078,672 2123,674 2169,675 2214,677 2259,678 2305,680 2350,680 2396,681 2396,636 2350,635 2305,635 2259,633 2214,632 2169,630 2123,629 2078,627 2032,626 1987,624 1942,623 1896,621 1851,620 1805,618 1760,617 1715,617 1669,615 1624,615 1578,614 1533,614 1488,614"/>
                <Baseline points="1488,644 1533,644 1578,644 1624,645 1669,645 1715,647 1760,647 1805,648 1851,650 1896,651 1942,653 1987,654 2032,656 2078,657 2123,659 2169,660 2214,662 2259,663 2305,665 2350,665 2396,666"/>
                <TextEquiv>
                    <Unicode>corollarium homo potest licite ferventius </Unicode>
                </TextEquiv>
            </TextLine>
            <TextLine id="r3l5" custom="readingOrder {index:4;}">
                <Coords points="1487,735 1532,734 1577,733 1623,732 1668,732 1714,732 1759,732 1805,733 1850,734 1896,734 1941,735 1986,735 2032,737 2077,738 2123,739 2168,740 2214,741 2259,741 2305,743 2350,743 2396,743 2396,698 2350,698 2305,698 2259,696 2214,696 2168,695 2123,694 2077,693 2032,692 1986,690 1941,690 1896,689 1850,689 1805,688 1759,687 1714,687 1668,687 1623,687 1577,688 1532,689 1487,690"/>
                <Baseline points="1487,720 1532,719 1577,718 1623,717 1668,717 1714,717 1759,717 1805,718 1850,719 1896,719 1941,720 1986,720 2032,722 2077,723 2123,724 2168,725 2214,726 2259,726 2305,728 2350,728 2396,728"/>
                <TextEquiv>
                    <Unicode>ferri in proximum quam deum igitur licite plu </Unicode>
                </TextEquiv>
            </TextLine>
            <TextLine id="r3l6" custom="readingOrder {index:5;}">
                <Coords points="1488,808 1534,808 1580,808 1627,808 1673,808 1719,808 1766,808 1812,808 1858,808 1905,808 1951,808 1997,808 2044,808 2090,809 2136,810 2183,810 2229,810 2275,810 2322,811 2368,811 2415,811 2415,763 2368,763 2322,763 2275,762 2229,762 2183,762 2136,762 2090,761 2044,760 1997,760 1951,760 1905,760 1858,760 1812,760 1766,760 1719,760 1673,760 1627,760 1580,760 1534,760 1488,760"/>
                <Baseline points="1488,792 1534,792 1580,792 1627,792 1673,792 1719,792 1766,792 1812,792 1858,792 1905,792 1951,792 1997,792 2044,792 2090,793 2136,794 2183,794 2229,794 2275,794 2322,795 2368,795 2415,795"/>
                <TextEquiv>
                    <Unicode>diligere proximum quam deum consequentia patet </Unicode>
                </TextEquiv>
            </TextLine>
            <TextLine id="r3l7" custom="readingOrder {index:6;}">
                <Coords points="1485,881 1532,879 1579,878 1626,878 1674,878 1721,876 1768,876 1815,876 1863,876 1910,876 1957,876 2004,878 2052,878 2099,878 2146,878 2193,878 2241,879 2288,879 2335,879 2382,879 2430,879 2430,834 2382,834 2335,834 2288,834 2241,834 2193,833 2146,833 2099,833 2052,833 2004,833 1957,831 1910,831 1863,831 1815,831 1768,831 1721,831 1674,833 1626,833 1579,833 1532,834 1485,836"/>
                <Baseline points="1485,866 1532,864 1579,863 1626,863 1674,863 1721,861 1768,861 1815,861 1863,861 1910,861 1957,861 2004,863 2052,863 2099,863 2146,863 2193,863 2241,864 2288,864 2335,864 2382,864 2430,864"/>
                <TextEquiv>
                    <Unicode>cum sit ferri fit diligere et antecedens patet quia </Unicode>
                </TextEquiv>
            </TextLine>
            <TextLine id="r3l8" custom="readingOrder {index:7;}">
                <Coords points="1485,942 1533,942 1582,942 1630,942 1679,942 1728,944 1776,944 1825,944 1873,945 1922,945 1971,947 2019,947 2068,947 2116,948 2165,948 2214,948 2262,948 2311,948 2359,948 2408,947 2457,947 2457,902 2408,902 2359,903 2311,903 2262,903 2214,903 2165,903 2116,903 2068,902 2019,902 1971,902 1922,900 1873,900 1825,899 1776,899 1728,899 1679,897 1630,897 1582,897 1533,897 1485,897"/>
                <Baseline points="1485,927 1533,927 1582,927 1630,927 1679,927 1728,929 1776,929 1825,929 1873,930 1922,930 1971,932 2019,932 2068,932 2116,933 2165,933 2214,933 2262,933 2311,933 2359,933 2408,932 2457,932"/>
                <TextEquiv>
                    <Unicode>quis licite ferventius plorat mor</Unicode>
                </TextEquiv>
            </TextLine>
            <TextLine id="r3l9" custom="readingOrder {index:8;}">
                <Coords points="1481,1014 1530,1014 1579,1014 1628,1014 1677,1014 1726,1014 1775,1014 1824,1014 1873,1014 1922,1014 1971,1014 2020,1014 2069,1014 2118,1014 2167,1014 2216,1013 2265,1013 2314,1011 2363,1011 2412,1010 2462,1008 2462,963 2412,965 2363,966 2314,966 2265,968 2216,968 2167,969 2118,969 2069,969 2020,969 1971,969 1922,969 1873,969 1824,969 1775,969 1726,969 1677,969 1628,969 1579,969 1530,969 1481,969"/>
                <Baseline points="1481,999 1530,999 1579,999 1628,999 1677,999 1726,999 1775,999 1824,999 1873,999 1922,999 1971,999 2020,999 2069,999 2118,999 2167,999 2216,998 2265,998 2314,996 2363,996 2412,995 2462,993"/>
                <TextEquiv>
                    <Unicode>tem anima quam passionem vel mortem </Unicode>
                </TextEquiv>
            </TextLine>
            <TextLine id="r3l10" custom="readingOrder {index:9;}">
                <Coords points="1487,1089 1533,1087 1580,1087 1627,1086 1673,1086 1720,1086 1767,1084 1813,1084 1860,1084 1907,1083 1954,1083 2000,1083 2047,1083 2094,1083 2140,1083 2187,1084 2234,1084 2280,1086 2327,1087 2374,1089 2421,1090 2421,1042 2374,1041 2327,1039 2280,1038 2234,1036 2187,1036 2140,1035 2094,1035 2047,1035 2000,1035 1954,1035 1907,1035 1860,1036 1813,1036 1767,1036 1720,1038 1673,1038 1627,1038 1580,1039 1533,1039 1487,1041"/>
                <Baseline points="1487,1073 1533,1071 1580,1071 1627,1070 1673,1070 1720,1070 1767,1068 1813,1068 1860,1068 1907,1067 1954,1067 2000,1067 2047,1067 2094,1067 2140,1067 2187,1068 2234,1068 2280,1070 2327,1071 2374,1073 2421,1074"/>
                <TextEquiv>
                    <Unicode>christi et plus dampna temporalia quam </Unicode>
                </TextEquiv>
            </TextLine>
            <TextLine id="r3l11" custom="readingOrder {index:10;}">
                <Coords points="1484,1161 1531,1159 1578,1158 1625,1158 1672,1156 1719,1156 1766,1155 1814,1155 1861,1153 1908,1153 1955,1153 2002,1153 2049,1153 2096,1153 2144,1153 2191,1155 2238,1155 2285,1156 2332,1158 2379,1159 2427,1161 2427,1113 2379,1111 2332,1110 2285,1108 2238,1107 2191,1107 2144,1105 2096,1105 2049,1105 2002,1105 1955,1105 1908,1105 1861,1105 1814,1107 1766,1107 1719,1108 1672,1108 1625,1110 1578,1110 1531,1111 1484,1113"/>
                <Baseline points="1484,1145 1531,1143 1578,1142 1625,1142 1672,1140 1719,1140 1766,1139 1814,1139 1861,1137 1908,1137 1955,1137 2002,1137 2049,1137 2096,1137 2144,1137 2191,1139 2238,1139 2285,1140 2332,1142 2379,1143 2427,1145"/>
                <TextEquiv>
                    <Unicode>peccata commissa igitur etc ¶ Ad primum istorum </Unicode>
                </TextEquiv>
            </TextLine>
            <TextLine id="r3l12" custom="readingOrder {index:11;}">
                <Coords points="1493,1224 1539,1224 1585,1224 1631,1224 1677,1224 1724,1224 1770,1224 1816,1224 1862,1224 1908,1224 1955,1223 2001,1223 2047,1223 2093,1224 2139,1224 2186,1224 2232,1224 2278,1224 2324,1226 2370,1226 2417,1227 2417,1181 2370,1180 2324,1180 2278,1178 2232,1178 2186,1178 2139,1178 2093,1178 2047,1177 2001,1177 1955,1177 1908,1178 1862,1178 1816,1178 1770,1178 1724,1178 1677,1178 1631,1178 1585,1178 1539,1178 1493,1178"/>
                <Baseline points="1493,1209 1539,1209 1585,1209 1631,1209 1677,1209 1724,1209 1770,1209 1816,1209 1862,1209 1908,1209 1955,1208 2001,1208 2047,1208 2093,1209 2139,1209 2186,1209 2232,1209 2278,1209 2324,1211 2370,1211 2417,1212"/>
                <TextEquiv>
                    <Unicode>cum arguitur quaelibet res est etc dicit </Unicode>
                </TextEquiv>
            </TextLine>
            <TextLine id="r3l13" custom="readingOrder {index:12;}">
                <Coords points="1494,1300 1540,1300 1587,1299 1633,1299 1680,1299 1727,1297 1773,1297 1820,1297 1866,1297 1913,1297 1960,1297 2006,1297 2053,1297 2099,1296 2146,1296 2193,1296 2239,1296 2286,1294 2332,1293 2379,1293 2426,1291 2426,1243 2379,1245 2332,1245 2286,1246 2239,1248 2193,1248 2146,1248 2099,1248 2053,1249 2006,1249 1960,1249 1913,1249 1866,1249 1820,1249 1773,1249 1727,1249 1680,1251 1633,1251 1587,1251 1540,1252 1494,1252"/>
                <Baseline points="1494,1284 1540,1284 1587,1283 1633,1283 1680,1283 1727,1281 1773,1281 1820,1281 1866,1281 1913,1281 1960,1281 2006,1281 2053,1281 2099,1280 2146,1280 2193,1280 2239,1280 2286,1278 2332,1277 2379,1277 2426,1275"/>
                <TextEquiv>
                    <Unicode>magister hugolinus ubi supra circa finem </Unicode>
                </TextEquiv>
            </TextLine>
            <TextLine id="r3l14" custom="readingOrder {index:13;}">
                <Coords points="1476,1378 1523,1377 1570,1375 1617,1374 1664,1372 1712,1371 1759,1371 1806,1369 1853,1369 1900,1369 1948,1368 1995,1368 2042,1368 2089,1368 2136,1368 2184,1369 2231,1369 2278,1369 2325,1369 2372,1369 2420,1371 2420,1323 2372,1321 2325,1321 2278,1321 2231,1321 2184,1321 2136,1320 2089,1320 2042,1320 1995,1320 1948,1320 1900,1321 1853,1321 1806,1321 1759,1323 1712,1323 1664,1324 1617,1326 1570,1327 1523,1329 1476,1330"/>
                <Baseline points="1476,1362 1523,1361 1570,1359 1617,1358 1664,1356 1712,1355 1759,1355 1806,1353 1853,1353 1900,1353 1948,1352 1995,1352 2042,1352 2089,1352 2136,1352 2184,1353 2231,1353 2278,1353 2325,1353 2372,1353 2420,1355"/>
                <TextEquiv>
                    <Unicode>quaestionem non ab una voluntate sed infinitis </Unicode>
                </TextEquiv>
            </TextLine>
            <TextLine id="r3l15" custom="readingOrder {index:14;}">
                <Coords points="1475,1446 1522,1444 1570,1444 1618,1444 1666,1443 1714,1442 1762,1441 1810,1440 1858,1440 1906,1438 1954,1438 2001,1437 2049,1437 2097,1435 2145,1435 2193,1435 2241,1435 2289,1435 2337,1435 2385,1435 2433,1435 2433,1387 2385,1387 2337,1387 2289,1387 2241,1387 2193,1387 2145,1387 2097,1387 2049,1389 2001,1389 1954,1390 1906,1390 1858,1392 1810,1392 1762,1393 1714,1394 1666,1395 1618,1396 1570,1396 1522,1396 1475,1398"/>
                <Baseline points="1475,1430 1522,1428 1570,1428 1618,1428 1666,1427 1714,1426 1762,1425 1810,1424 1858,1424 1906,1422 1954,1422 2001,1421 2049,1421 2097,1419 2145,1419 2193,1419 2241,1419 2289,1419 2337,1419 2385,1419 2433,1419"/>
                <TextEquiv>
                    <Unicode>etc quare ratio non concludit ¶ Aliter </Unicode>
                </TextEquiv>
            </TextLine>
            <TextLine id="r3l16" custom="readingOrder {index:15;}">
                <Coords points="1473,1512 1520,1512 1568,1512 1616,1512 1663,1510 1711,1510 1759,1509 1806,1509 1854,1509 1902,1507 1950,1507 1997,1506 2045,1506 2093,1506 2140,1504 2188,1504 2236,1504 2283,1503 2331,1503 2379,1503 2427,1503 2427,1455 2379,1455 2331,1455 2283,1455 2236,1456 2188,1456 2140,1456 2093,1458 2045,1458 1997,1458 1950,1459 1902,1459 1854,1461 1806,1461 1759,1461 1711,1462 1663,1462 1616,1464 1568,1464 1520,1464 1473,1464"/>
                <Baseline points="1473,1496 1520,1496 1568,1496 1616,1496 1663,1494 1711,1494 1759,1493 1806,1493 1854,1493 1902,1491 1950,1491 1997,1490 2045,1490 2093,1490 2140,1488 2188,1488 2236,1488 2283,1487 2331,1487 2379,1487 2427,1487"/>
                <TextEquiv>
                    <Unicode>dico negando consequentiam istam a est </Unicode>
                </TextEquiv>
            </TextLine>
            <TextLine id="r3l17" custom="readingOrder {index:16;}">
                <Coords points="1485,1581 1531,1579 1578,1576 1625,1576 1672,1575 1719,1574 1766,1573 1813,1573 1860,1573 1907,1573 1954,1573 2000,1574 2047,1575 2094,1575 2141,1575 2188,1575 2235,1575 2282,1575 2329,1575 2376,1575 2423,1575 2423,1527 2376,1527 2329,1527 2282,1527 2235,1527 2188,1527 2141,1527 2094,1527 2047,1527 2000,1526 1954,1525 1907,1525 1860,1525 1813,1525 1766,1525 1719,1526 1672,1527 1625,1528 1578,1528 1531,1531 1485,1533"/>
                <Baseline points="1485,1565 1531,1563 1578,1560 1625,1560 1672,1559 1719,1558 1766,1557 1813,1557 1860,1557 1907,1557 1954,1557 2000,1558 2047,1559 2094,1559 2141,1559 2188,1559 2235,1559 2282,1559 2329,1559 2376,1559 2423,1559"/>
                <TextEquiv>
                    <Unicode>infinite diligibile igitur fruibile nisi </Unicode>
                </TextEquiv>
            </TextLine>
            <TextLine id="r3l18" custom="readingOrder {index:17;}">
                <Coords points="1469,1649 1516,1647 1563,1646 1611,1644 1658,1643 1706,1643 1753,1643 1801,1643 1848,1643 1896,1643 1943,1643 1990,1644 2038,1644 2085,1646 2133,1646 2180,1646 2228,1647 2275,1647 2323,1647 2370,1647 2418,1646 2418,1600 2370,1601 2323,1601 2275,1601 2228,1601 2180,1600 2133,1600 2085,1600 2038,1598 1990,1598 1943,1597 1896,1597 1848,1597 1801,1597 1753,1597 1706,1597 1658,1597 1611,1598 1563,1600 1516,1601 1469,1603"/>
                <Baseline points="1469,1634 1516,1632 1563,1631 1611,1629 1658,1628 1706,1628 1753,1628 1801,1628 1848,1628 1896,1628 1943,1628 1990,1629 2038,1629 2085,1631 2133,1631 2180,1631 2228,1632 2275,1632 2323,1632 2370,1632 2418,1631"/>
                <TextEquiv>
                    <Unicode>dicatur ex valore intrinseco et sic non </Unicode>
                </TextEquiv>
            </TextLine>
            <TextLine id="r3l19" custom="readingOrder {index:18;}">
                <Coords points="1478,1725 1525,1720 1572,1716 1620,1713 1667,1712 1715,1710 1762,1709 1809,1709 1857,1709 1904,1709 1952,1709 1999,1709 2046,1709 2094,1710 2141,1710 2189,1710 2236,1710 2283,1710 2331,1710 2378,1710 2426,1709 2426,1663 2378,1664 2331,1664 2283,1664 2236,1664 2189,1664 2141,1664 2094,1664 2046,1663 1999,1663 1952,1663 1904,1663 1857,1663 1809,1663 1762,1663 1715,1664 1667,1666 1620,1667 1572,1670 1525,1674 1478,1679"/>
                <Baseline points="1478,1710 1525,1705 1572,1701 1620,1698 1667,1697 1715,1695 1762,1694 1809,1694 1857,1694 1904,1694 1952,1694 1999,1694 2046,1694 2094,1695 2141,1695 2189,1695 2236,1695 2283,1695 2331,1695 2378,1695 2426,1694"/>
                <TextEquiv>
                    <Unicode>Probat ratio Etiam ad hoc quod aliquid </Unicode>
                </TextEquiv>
            </TextLine>
            <TextLine id="r3l20" custom="readingOrder {index:19;}">
                <Coords points="1484,1794 1530,1791 1577,1788 1623,1786 1670,1784 1717,1782 1763,1781 1810,1781 1857,1781 1903,1781 1950,1781 1997,1782 2043,1782 2090,1784 2137,1784 2183,1785 2230,1787 2277,1787 2323,1788 2370,1790 2417,1790 2417,1744 2370,1744 2323,1742 2277,1741 2230,1741 2183,1739 2137,1738 2090,1738 2043,1736 1997,1736 1950,1735 1903,1735 1857,1735 1810,1735 1763,1735 1717,1736 1670,1738 1623,1740 1577,1742 1530,1745 1484,1748"/>
                <Baseline points="1484,1779 1530,1776 1577,1773 1623,1771 1670,1769 1717,1767 1763,1766 1810,1766 1857,1766 1903,1766 1950,1766 1997,1767 2043,1767 2090,1769 2137,1769 2183,1770 2230,1772 2277,1772 2323,1773 2370,1775 2417,1775"/>
                <TextEquiv>
                    <Unicode>sic diligibile infinite non sufficit quod </Unicode>
                </TextEquiv>
            </TextLine>
            <TextLine id="r3l21" custom="readingOrder {index:20;}">
                <Coords points="1481,1856 1530,1856 1579,1856 1629,1856 1678,1854 1728,1854 1777,1854 1826,1854 1876,1854 1925,1854 1975,1853 2024,1853 2074,1853 2123,1853 2172,1853 2222,1853 2271,1854 2321,1854 2370,1854 2420,1854 2420,1809 2370,1809 2321,1809 2271,1809 2222,1808 2172,1808 2123,1808 2074,1808 2024,1808 1975,1808 1925,1809 1876,1809 1826,1809 1777,1809 1728,1809 1678,1809 1629,1811 1579,1811 1530,1811 1481,1811"/>
                <Baseline points="1481,1841 1530,1841 1579,1841 1629,1841 1678,1839 1728,1839 1777,1839 1826,1839 1876,1839 1925,1839 1975,1838 2024,1838 2074,1838 2123,1838 2172,1838 2222,1838 2271,1839 2321,1839 2370,1839 2420,1839"/>
                <TextEquiv>
                    <Unicode>sit bonum infinitum in specie sed etiam </Unicode>
                </TextEquiv>
            </TextLine>
            <TextLine id="r3l22" custom="readingOrder {index:21;}">
                <Coords points="1472,1935 1519,1932 1567,1930 1615,1927 1662,1927 1710,1926 1758,1926 1805,1926 1853,1926 1901,1926 1949,1927 1996,1927 2044,1929 2092,1929 2139,1929 2187,1929 2235,1929 2282,1927 2330,1926 2378,1924 2426,1921 2426,1873 2378,1876 2330,1878 2282,1879 2235,1881 2187,1881 2139,1881 2092,1881 2044,1881 1996,1879 1949,1879 1901,1878 1853,1878 1805,1878 1758,1878 1710,1878 1662,1879 1615,1879 1567,1882 1519,1884 1472,1887"/>
                <Baseline points="1472,1919 1519,1916 1567,1914 1615,1911 1662,1911 1710,1910 1758,1910 1805,1910 1853,1910 1901,1910 1949,1911 1996,1911 2044,1913 2092,1913 2139,1913 2187,1913 2235,1913 2282,1911 2330,1910 2378,1908 2426,1905"/>
                <TextEquiv>
                    <Unicode>quod sit bonum infinite ¶ Ad 2am rationem </Unicode>
                </TextEquiv>
            </TextLine>
            <TextLine id="r3l23" custom="readingOrder {index:22;}">
                <Coords points="1479,2008 1526,2005 1573,2004 1621,2001 1668,1999 1716,1998 1763,1996 1810,1995 1858,1995 1905,1995 1953,1993 2000,1993 2047,1993 2095,1993 2142,1993 2190,1993 2237,1993 2284,1993 2332,1992 2379,1992 2427,1992 2427,1944 2379,1944 2332,1944 2284,1945 2237,1945 2190,1945 2142,1945 2095,1945 2047,1945 2000,1945 1953,1945 1905,1947 1858,1947 1810,1947 1763,1948 1716,1950 1668,1951 1621,1953 1573,1956 1526,1957 1479,1960"/>
                <Baseline points="1479,1992 1526,1989 1573,1988 1621,1985 1668,1983 1716,1982 1763,1980 1810,1979 1858,1979 1905,1979 1953,1977 2000,1977 2047,1977 2095,1977 2142,1977 2190,1977 2237,1977 2284,1977 2332,1976 2379,1976 2427,1976"/>
                <TextEquiv>
                    <Unicode>quae erat contra primum corollarium cum arguitur </Unicode>
                </TextEquiv>
            </TextLine>
            <TextLine id="r3l24" custom="readingOrder {index:23;}">
                <Coords points="1475,2078 1526,2075 1578,2073 1629,2070 1681,2068 1732,2066 1784,2065 1835,2064 1887,2063 1938,2062 1990,2061 2041,2061 2093,2061 2144,2061 2196,2061 2247,2061 2299,2061 2350,2063 2402,2063 2454,2064 2454,2018 2402,2017 2350,2017 2299,2015 2247,2015 2196,2015 2144,2015 2093,2015 2041,2015 1990,2015 1938,2016 1887,2017 1835,2018 1784,2019 1732,2020 1681,2022 1629,2024 1578,2027 1526,2029 1475,2032"/>
                <Baseline points="1475,2063 1526,2060 1578,2058 1629,2055 1681,2053 1732,2051 1784,2050 1835,2049 1887,2048 1938,2047 1990,2046 2041,2046 2093,2046 2144,2046 2196,2046 2247,2046 2299,2046 2350,2048 2402,2048 2454,2049"/>
                <TextEquiv>
                    <Unicode>igitur nichil aliud concedo consequens et consequentiam </Unicode>
                </TextEquiv>
            </TextLine>
            <TextLine id="r3l25" custom="readingOrder {index:24;}">
                <Coords points="1469,2142 1521,2142 1574,2142 1626,2142 1679,2141 1731,2141 1784,2139 1837,2138 1889,2136 1942,2135 1994,2133 2047,2132 2099,2132 2152,2130 2205,2130 2257,2129 2310,2129 2362,2129 2415,2130 2468,2130 2468,2084 2415,2084 2362,2083 2310,2083 2257,2083 2205,2084 2152,2084 2099,2086 2047,2086 1994,2087 1942,2089 1889,2090 1837,2092 1784,2093 1731,2095 1679,2095 1626,2096 1574,2096 1521,2096 1469,2096"/>
                <Baseline points="1469,2127 1521,2127 1574,2127 1626,2127 1679,2126 1731,2126 1784,2124 1837,2123 1889,2121 1942,2120 1994,2118 2047,2117 2099,2117 2152,2115 2205,2115 2257,2114 2310,2114 2362,2114 2415,2115 2468,2115"/>
                <TextEquiv>
                    <Unicode>sic intelligendo igitur nichil aliud a deo </Unicode>
                </TextEquiv>
            </TextLine>
            <TextLine id="r3l26" custom="readingOrder {index:25;}">
                <Coords points="1472,2210 1521,2208 1571,2208 1620,2207 1670,2207 1719,2206 1769,2205 1818,2205 1868,2204 1917,2204 1967,2202 2016,2202 2066,2201 2115,2201 2165,2200 2214,2199 2264,2199 2313,2198 2363,2198 2412,2196 2462,2196 2462,2151 2412,2151 2363,2153 2313,2153 2264,2154 2214,2154 2165,2155 2115,2156 2066,2156 2016,2157 1967,2157 1917,2159 1868,2159 1818,2160 1769,2160 1719,2161 1670,2162 1620,2162 1571,2163 1521,2163 1472,2165"/>
                <Baseline points="1472,2195 1521,2193 1571,2193 1620,2192 1670,2192 1719,2191 1769,2190 1818,2190 1868,2189 1917,2189 1967,2187 2016,2187 2066,2186 2115,2186 2165,2185 2214,2184 2264,2184 2313,2183 2363,2183 2412,2181 2462,2181"/>
                <TextEquiv>
                    <Unicode>deum non includens vel cuius deus </Unicode>
                </TextEquiv>
            </TextLine>
            <TextLine id="r3l27" custom="readingOrder {index:26;}">
                <Coords points="1469,2276 1518,2276 1567,2276 1616,2274 1665,2274 1715,2273 1764,2271 1813,2270 1862,2270 1911,2268 1961,2267 2010,2265 2059,2265 2108,2264 2157,2262 2207,2262 2256,2261 2305,2261 2354,2261 2403,2261 2453,2261 2453,2216 2403,2216 2354,2216 2305,2216 2256,2216 2207,2217 2157,2217 2108,2219 2059,2220 2010,2220 1961,2222 1911,2223 1862,2225 1813,2225 1764,2226 1715,2228 1665,2229 1616,2229 1567,2231 1518,2231 1469,2231"/>
                <Baseline points="1469,2261 1518,2261 1567,2261 1616,2259 1665,2259 1715,2258 1764,2256 1813,2255 1862,2255 1911,2253 1961,2252 2010,2250 2059,2250 2108,2249 2157,2247 2207,2247 2256,2246 2305,2246 2354,2246 2403,2246 2453,2246"/>
                <TextEquiv>
                    <Unicode>non est pars et per hoc solvitur ratio ymmo </Unicode>
                </TextEquiv>
            </TextLine>
            <TextLine id="r3l28" custom="readingOrder {index:27;}">
                <Coords points="1487,2346 1536,2344 1585,2343 1634,2341 1684,2340 1733,2338 1782,2338 1831,2337 1881,2337 1930,2335 1979,2335 2028,2335 2078,2334 2127,2334 2176,2334 2225,2332 2275,2332 2324,2331 2373,2329 2422,2328 2472,2326 2472,2278 2422,2280 2373,2281 2324,2283 2275,2284 2225,2284 2176,2286 2127,2286 2078,2286 2028,2287 1979,2287 1930,2287 1881,2289 1831,2289 1782,2290 1733,2290 1684,2292 1634,2293 1585,2295 1536,2296 1487,2298"/>
                <Baseline points="1487,2330 1536,2328 1585,2327 1634,2325 1684,2324 1733,2322 1782,2322 1831,2321 1881,2321 1930,2319 1979,2319 2028,2319 2078,2318 2127,2318 2176,2318 2225,2316 2275,2316 2324,2315 2373,2313 2422,2312 2472,2310"/>
                <TextEquiv>
                    <Unicode>rationes quibus aliqui volunt argu</Unicode>
                </TextEquiv>
            </TextLine>
            <TextLine id="r3l29" custom="readingOrder {index:28;}">
                <Coords points="1473,2409 1519,2407 1565,2406 1612,2405 1658,2404 1704,2403 1751,2403 1797,2403 1843,2401 1890,2401 1936,2401 1982,2400 2029,2400 2075,2400 2121,2400 2168,2400 2214,2400 2260,2400 2307,2401 2353,2401 2400,2401 2400,2353 2353,2353 2307,2353 2260,2352 2214,2352 2168,2352 2121,2352 2075,2352 2029,2352 1982,2352 1936,2353 1890,2353 1843,2353 1797,2355 1751,2355 1704,2355 1658,2356 1612,2357 1565,2358 1519,2359 1473,2361"/>
                <Baseline points="1473,2393 1519,2391 1565,2390 1612,2389 1658,2388 1704,2387 1751,2387 1797,2387 1843,2385 1890,2385 1936,2385 1982,2384 2029,2384 2075,2384 2121,2384 2168,2384 2214,2384 2260,2384 2307,2385 2353,2385 2400,2385"/>
                <TextEquiv>
                    <Unicode>ere quod homo licite potest aliquid </Unicode>
                </TextEquiv>
            </TextLine>
            <TextLine id="r3l30" custom="readingOrder {index:29;}">
                <Coords points="1485,2476 1534,2475 1583,2473 1632,2472 1681,2470 1731,2469 1780,2469 1829,2468 1878,2467 1927,2467 1977,2467 2026,2467 2075,2467 2124,2467 2173,2467 2223,2467 2272,2467 2321,2467 2370,2467 2419,2469 2469,2469 2469,2421 2419,2421 2370,2419 2321,2419 2272,2419 2223,2419 2173,2419 2124,2419 2075,2419 2026,2419 1977,2419 1927,2419 1878,2419 1829,2420 1780,2421 1731,2421 1681,2422 1632,2424 1583,2425 1534,2427 1485,2428"/>
                <Baseline points="1485,2460 1534,2459 1583,2457 1632,2456 1681,2454 1731,2453 1780,2453 1829,2452 1878,2451 1927,2451 1977,2451 2026,2451 2075,2451 2124,2451 2173,2451 2223,2451 2272,2451 2321,2451 2370,2451 2419,2453 2469,2453"/>
                <TextEquiv>
                    <Unicode>plus plus desiderare quam deum quod tamen </Unicode>
                </TextEquiv>
            </TextLine>
            <TextLine id="r3l31" custom="readingOrder {index:30;}">
                <Coords points="1475,2543 1522,2541 1570,2540 1618,2538 1666,2537 1714,2535 1762,2534 1809,2534 1857,2534 1905,2532 1953,2532 2001,2532 2049,2532 2097,2532 2144,2532 2192,2532 2240,2532 2288,2532 2336,2531 2384,2531 2432,2531 2432,2485 2384,2485 2336,2485 2288,2486 2240,2486 2192,2486 2144,2486 2097,2486 2049,2486 2001,2486 1953,2486 1905,2486 1857,2488 1809,2488 1762,2488 1714,2489 1666,2491 1618,2492 1570,2494 1522,2495 1475,2497"/>
                <Baseline points="1475,2528 1522,2526 1570,2525 1618,2523 1666,2522 1714,2520 1762,2519 1809,2519 1857,2519 1905,2517 1953,2517 2001,2517 2049,2517 2097,2517 2144,2517 2192,2517 2240,2517 2288,2517 2336,2516 2384,2516 2432,2516"/>
                <TextEquiv>
                    <Unicode>non est deus ¶ potest eiam aliter </Unicode>
                </TextEquiv>
            </TextLine>
            <TextLine id="r3l32" custom="readingOrder {index:31;}">
                <Coords points="1476,2610 1523,2607 1570,2606 1618,2603 1665,2601 1713,2600 1760,2599 1807,2598 1855,2598 1902,2597 1950,2597 1997,2597 2044,2597 2092,2597 2139,2598 2187,2598 2234,2598 2281,2598 2329,2598 2376,2598 2424,2598 2424,2552 2376,2552 2329,2552 2281,2552 2234,2552 2187,2552 2139,2552 2092,2551 2044,2551 1997,2551 1950,2551 1902,2551 1855,2552 1807,2552 1760,2553 1713,2554 1665,2555 1618,2557 1570,2560 1523,2561 1476,2564"/>
                <Baseline points="1476,2595 1523,2592 1570,2591 1618,2588 1665,2586 1713,2585 1760,2584 1807,2583 1855,2583 1902,2582 1950,2582 1997,2582 2044,2582 2092,2582 2139,2583 2187,2583 2234,2583 2281,2583 2329,2583 2376,2583 2424,2583"/>
                <TextEquiv>
                    <Unicode>dici scilicet quod tota multitudo talis pluribus </Unicode>
                </TextEquiv>
            </TextLine>
            <TextLine id="r3l33" custom="readingOrder {index:32;}">
                <Coords points="1470,2677 1518,2676 1566,2675 1615,2674 1663,2673 1712,2671 1760,2671 1809,2670 1857,2669 1906,2668 1954,2668 2002,2667 2051,2667 2099,2667 2148,2667 2196,2667 2245,2667 2293,2668 2342,2668 2390,2669 2439,2670 2439,2622 2390,2621 2342,2620 2293,2620 2245,2619 2196,2619 2148,2619 2099,2619 2051,2619 2002,2619 1954,2620 1906,2620 1857,2621 1809,2622 1760,2623 1712,2623 1663,2625 1615,2626 1566,2627 1518,2628 1470,2629"/>
                <Baseline points="1470,2661 1518,2660 1566,2659 1615,2658 1663,2657 1712,2655 1760,2655 1809,2654 1857,2653 1906,2652 1954,2652 2002,2651 2051,2651 2099,2651 2148,2651 2196,2651 2245,2651 2293,2652 2342,2652 2390,2653 2439,2654"/>
                <TextEquiv>
                    <Unicode>dilectionibus diligitur quam deus non </Unicode>
                </TextEquiv>
            </TextLine>
            <TextLine id="r3l34" custom="readingOrder {index:33;}">
                <Coords points="1478,2748 1526,2746 1574,2745 1622,2742 1670,2740 1719,2740 1767,2739 1815,2739 1863,2739 1911,2739 1960,2739 2008,2739 2056,2739 2104,2739 2152,2739 2201,2739 2249,2739 2297,2739 2345,2739 2393,2739 2442,2739 2442,2691 2393,2691 2345,2691 2297,2691 2249,2691 2201,2691 2152,2691 2104,2691 2056,2691 2008,2691 1960,2691 1911,2691 1863,2691 1815,2691 1767,2691 1719,2692 1670,2692 1622,2694 1574,2697 1526,2698 1478,2700"/>
                <Baseline points="1478,2732 1526,2730 1574,2729 1622,2726 1670,2724 1719,2724 1767,2723 1815,2723 1863,2723 1911,2723 1960,2723 2008,2723 2056,2723 2104,2723 2152,2723 2201,2723 2249,2723 2297,2723 2345,2723 2393,2723 2442,2723"/>
                <TextEquiv>
                    <Unicode>tamen plus et plura bona sunt nolita </Unicode>
                </TextEquiv>
            </TextLine>
            <TextLine id="r3l35" custom="readingOrder {index:34;}">
                <Coords points="1479,2818 1526,2814 1574,2811 1622,2809 1670,2807 1718,2806 1766,2806 1813,2806 1861,2806 1909,2806 1957,2808 2005,2808 2053,2809 2101,2811 2148,2811 2196,2812 2244,2812 2292,2814 2340,2814 2388,2814 2436,2812 2436,2764 2388,2766 2340,2766 2292,2766 2244,2764 2196,2764 2148,2763 2101,2763 2053,2761 2005,2760 1957,2760 1909,2758 1861,2758 1813,2758 1766,2758 1718,2758 1670,2759 1622,2761 1574,2763 1526,2766 1479,2770"/>
                <Baseline points="1479,2802 1526,2798 1574,2795 1622,2793 1670,2791 1718,2790 1766,2790 1813,2790 1861,2790 1909,2790 1957,2792 2005,2792 2053,2793 2101,2795 2148,2795 2196,2796 2244,2796 2292,2798 2340,2798 2388,2798 2436,2796"/>
                <TextEquiv>
                    <Unicode>ab homine tali multitudine quam deo </Unicode>
                </TextEquiv>
            </TextLine>
            <TextLine id="r3l36" custom="readingOrder {index:35;}">
                <Coords points="1494,2885 1542,2881 1591,2878 1639,2875 1688,2872 1737,2870 1785,2869 1834,2868 1882,2867 1931,2867 1980,2867 2028,2867 2077,2869 2125,2869 2174,2870 2223,2870 2271,2872 2320,2872 2368,2872 2417,2873 2466,2873 2466,2830 2417,2830 2368,2829 2320,2829 2271,2829 2223,2827 2174,2827 2125,2826 2077,2826 2028,2824 1980,2824 1931,2824 1882,2824 1834,2825 1785,2826 1737,2827 1688,2829 1639,2832 1591,2835 1542,2838 1494,2842"/>
                <Baseline points="1494,2871 1542,2867 1591,2864 1639,2861 1688,2858 1737,2856 1785,2855 1834,2854 1882,2853 1931,2853 1980,2853 2028,2853 2077,2855 2125,2855 2174,2856 2223,2856 2271,2858 2320,2858 2368,2858 2417,2859 2466,2859"/>
                <TextEquiv>
                    <Unicode>non tamen maius bonum ¶ Ad 3m quod erat </Unicode>
                </TextEquiv>
            </TextLine>
            <TextLine id="r3l37" custom="readingOrder {index:36;}">
                <Coords points="1487,2944 1534,2944 1581,2942 1628,2941 1675,2939 1722,2938 1769,2937 1817,2936 1864,2935 1911,2933 1958,2933 2005,2933 2052,2932 2099,2932 2147,2933 2194,2933 2241,2935 2288,2936 2335,2938 2382,2941 2430,2944 2430,2901 2382,2898 2335,2895 2288,2893 2241,2892 2194,2890 2147,2890 2099,2889 2052,2889 2005,2890 1958,2890 1911,2890 1864,2892 1817,2893 1769,2894 1722,2895 1675,2896 1628,2898 1581,2899 1534,2901 1487,2901"/>
                <Baseline points="1487,2930 1534,2930 1581,2928 1628,2927 1675,2925 1722,2924 1769,2923 1817,2922 1864,2921 1911,2919 1958,2919 2005,2919 2052,2918 2099,2918 2147,2919 2194,2919 2241,2921 2288,2922 2335,2924 2382,2927 2430,2930"/>
                <TextEquiv>
                    <Unicode>contra 2m corollarium de christo potest dici consequenter </Unicode>
                </TextEquiv>
            </TextLine>
            <TextLine id="r3l38" custom="readingOrder {index:37;}">
                <Coords points="1470,3003 1520,3005 1570,3005 1621,3005 1671,3005 1721,3005 1772,3005 1822,3005 1872,3005 1923,3005 1973,3003 2023,3003 2074,3003 2124,3004 2174,3005 2225,3005 2275,3006 2325,3008 2376,3010 2426,3012 2477,3015 2477,2969 2426,2966 2376,2964 2325,2962 2275,2960 2225,2959 2174,2959 2124,2958 2074,2957 2023,2957 1973,2957 1923,2959 1872,2959 1822,2959 1772,2959 1721,2959 1671,2959 1621,2959 1570,2959 1520,2959 1470,2957"/>
                <Baseline points="1470,2988 1520,2990 1570,2990 1621,2990 1671,2990 1721,2990 1772,2990 1822,2990 1872,2990 1923,2990 1973,2988 2023,2988 2074,2988 2124,2989 2174,2990 2225,2990 2275,2991 2325,2993 2376,2995 2426,2997 2477,3000"/>
                <TextEquiv>
                    <Unicode>dictus a de hugolino et bonsilante discutiendo </Unicode>
                </TextEquiv>
            </TextLine>
            <TextLine id="r3l39" custom="readingOrder {index:38;}">
                <Coords points="1461,3075 1510,3075 1560,3077 1609,3077 1659,3077 1708,3077 1758,3075 1807,3075 1857,3075 1906,3075 1956,3075 2005,3075 2055,3075 2104,3075 2154,3075 2203,3077 2253,3077 2302,3077 2352,3078 2401,3078 2451,3080 2451,3034 2401,3032 2352,3032 2302,3031 2253,3031 2203,3031 2154,3029 2104,3029 2055,3029 2005,3029 1956,3029 1906,3029 1857,3029 1807,3029 1758,3029 1708,3031 1659,3031 1609,3031 1560,3031 1510,3029 1461,3029"/>
                <Baseline points="1461,3060 1510,3060 1560,3062 1609,3062 1659,3062 1708,3062 1758,3060 1807,3060 1857,3060 1906,3060 1956,3060 2005,3060 2055,3060 2104,3060 2154,3060 2203,3062 2253,3062 2302,3062 2352,3063 2401,3063 2451,3065"/>
                <TextEquiv>
                    <Unicode>de ly plus quia sumitur uno modo plus </Unicode>
                </TextEquiv>
            </TextLine>
            <TextLine id="r3l40" custom="readingOrder {index:39;}">
                <Coords points="1469,3147 1518,3146 1568,3144 1617,3143 1667,3143 1716,3141 1766,3141 1815,3141 1865,3141 1914,3141 1964,3141 2014,3141 2063,3142 2113,3143 2162,3143 2212,3144 2261,3146 2311,3147 2360,3147 2410,3150 2460,3152 2460,3106 2410,3104 2360,3101 2311,3101 2261,3100 2212,3098 2162,3097 2113,3097 2063,3096 2014,3095 1964,3095 1914,3095 1865,3095 1815,3095 1766,3095 1716,3095 1667,3097 1617,3097 1568,3098 1518,3100 1469,3101"/>
                <Baseline points="1469,3132 1518,3131 1568,3129 1617,3128 1667,3128 1716,3126 1766,3126 1815,3126 1865,3126 1914,3126 1964,3126 2014,3126 2063,3127 2113,3128 2162,3128 2212,3129 2261,3131 2311,3132 2360,3132 2410,3135 2460,3137"/>
                <TextEquiv>
                    <Unicode>specifice in genere 2o modo plus id est perfectiori gra</Unicode>
                </TextEquiv>
            </TextLine>
            <TextLine id="r3l41" custom="readingOrder {index:40;}">
                <Coords points="1473,3219 1524,3217 1575,3217 1626,3216 1677,3216 1728,3216 1779,3214 1830,3214 1881,3216 1932,3216 1983,3216 2034,3216 2085,3217 2136,3217 2187,3219 2238,3219 2289,3220 2340,3220 2391,3220 2442,3220 2493,3222 2493,3174 2442,3172 2391,3172 2340,3172 2289,3172 2238,3171 2187,3171 2136,3169 2085,3169 2034,3168 1983,3168 1932,3168 1881,3168 1830,3166 1779,3166 1728,3168 1677,3168 1626,3168 1575,3169 1524,3169 1473,3171"/>
                <Baseline points="1473,3203 1524,3201 1575,3201 1626,3200 1677,3200 1728,3200 1779,3198 1830,3198 1881,3200 1932,3200 1983,3200 2034,3200 2085,3201 2136,3201 2187,3203 2238,3203 2289,3204 2340,3204 2391,3204 2442,3204 2493,3206"/>
                <TextEquiv>
                    <Unicode>du in speciei 3o modo plus id est pluribus modis </Unicode>
                </TextEquiv>
            </TextLine>
            <TextLine id="r3l42" custom="readingOrder {index:41;}">
                <Coords points="1479,3301 1528,3297 1577,3295 1627,3292 1676,3291 1725,3289 1775,3288 1824,3288 1873,3288 1923,3288 1972,3288 2021,3289 2071,3289 2120,3289 2169,3289 2219,3291 2268,3291 2317,3291 2367,3291 2416,3289 2466,3289 2466,3241 2416,3241 2367,3243 2317,3243 2268,3243 2219,3243 2169,3241 2120,3241 2071,3241 2021,3241 1972,3240 1923,3240 1873,3240 1824,3240 1775,3240 1725,3241 1676,3243 1627,3244 1577,3247 1528,3249 1479,3253"/>
                <Baseline points="1479,3285 1528,3281 1577,3279 1627,3276 1676,3275 1725,3273 1775,3272 1824,3272 1873,3272 1923,3272 1972,3272 2021,3273 2071,3273 2120,3273 2169,3273 2219,3275 2268,3275 2317,3275 2367,3275 2416,3273 2466,3273"/>
                <TextEquiv>
                    <Unicode>multitudine ¶ Tunc pono tres propositiones </Unicode>
                </TextEquiv>
            </TextLine>
            <TextLine id="r3l43" custom="readingOrder {index:42;}">
                <Coords points="1469,3375 1519,3372 1570,3370 1621,3367 1671,3366 1722,3366 1773,3364 1823,3364 1874,3364 1925,3364 1976,3366 2026,3366 2077,3367 2128,3369 2178,3369 2229,3370 2280,3372 2330,3372 2381,3373 2432,3373 2483,3375 2483,3327 2432,3325 2381,3325 2330,3324 2280,3324 2229,3322 2178,3321 2128,3321 2077,3319 2026,3318 1976,3318 1925,3316 1874,3316 1823,3316 1773,3316 1722,3318 1671,3318 1621,3319 1570,3322 1519,3324 1469,3327"/>
                <Baseline points="1469,3359 1519,3356 1570,3354 1621,3351 1671,3350 1722,3350 1773,3348 1823,3348 1874,3348 1925,3348 1976,3350 2026,3350 2077,3351 2128,3353 2178,3353 2229,3354 2280,3356 2330,3356 2381,3357 2432,3357 2483,3359"/>
                <TextEquiv>
                    <Unicode>prima nulla persona divina primo modo</Unicode>
                </TextEquiv>
            </TextLine>
            <TextEquiv>
                <Unicode>potest diligere christum quam suum patrem aeternum 
vel spiritum sanctum et tamen christus non est ma
ioris valoris igitur corollarium falsum ¶ contra 3m 
corollarium homo potest licite ferventius 
ferri in proximum quam deum igitur licite plu 
diligere proximum quam deum consequentia patet 
cum sit ferri fit diligere et antecedens patet quia 
quis licite ferventius plorat mor
tem anima quam passionem vel mortem 
christi et plus dampna temporalia quam 
peccata commissa igitur etc ¶ Ad primum istorum 
cum arguitur quaelibet res est etc dicit 
magister hugolinus ubi supra circa finem 
quaestionem non ab una voluntate sed infinitis 
etc quare ratio non concludit ¶ Aliter 
dico negando consequentiam istam a est 
infinite diligibile igitur fruibile nisi 
dicatur ex valore intrinseco et sic non 
Probat ratio Etiam ad hoc quod aliquid 
sic diligibile infinite non sufficit quod 
sit bonum infinitum in specie sed etiam 
quod sit bonum infinite ¶ Ad 2am rationem 
quae erat contra primum corollarium cum arguitur 
igitur nichil aliud concedo consequens et consequentiam 
sic intelligendo igitur nichil aliud a deo 
deum non includens vel cuius deus 
non est pars et per hoc solvitur ratio ymmo 
rationes quibus aliqui volunt argu
ere quod homo licite potest aliquid 
plus plus desiderare quam deum quod tamen 
non est deus ¶ potest eiam aliter 
dici scilicet quod tota multitudo talis pluribus 
dilectionibus diligitur quam deus non 
tamen plus et plura bona sunt nolita 
ab homine tali multitudine quam deo 
non tamen maius bonum ¶ Ad 3m quod erat 
contra 2m corollarium de christo potest dici consequenter 
dictus a de hugolino et bonsilante discutiendo 
de ly plus quia sumitur uno modo plus 
specifice in genere 2o modo plus id est perfectiori gra
du in speciei 3o modo plus id est pluribus modis 
multitudine ¶ Tunc pono tres propositiones 
prima nulla persona divina primo modo</Unicode>
            </TextEquiv>
        </TextRegion>
    </Page>
</PcGts>
