2964 4242
515 402 1467 475 dicit quod unusquisque excusatur
494 487 1436 549 propter ignorantionem invincibilem sicut patet
500 560 1439 621 29 questione prima sed in rei veritate istae
491 623 1446 689 rationes non videntur effugere dif
498 699 1470 765 ficultates quia videtur contradictio quod aliquis
503 767 1472 834 velit alicui tantum bonum quantum debetur
491 837 1413 901 deo vel etiam summum bonum et sic
497 908 1431 969 diligat et non amore non relato
494 971 1430 1037 igitur distinctio est nulla ¶ Item a
491 1050 1496 1110 referret totum amorem suum in hunc
504 1107 1470 1183 quem diligit summe igitur aut diligit
507 1185 1464 1260 istum propter se aut non diligit istum
516 1266 1419 1335 summe igitur vel non fruitur 2o mdo vel
507 1333 1419 1408 fruitur primo modo etiam Item 3o omnis
501 1409 1467 1474 nostros habet quid et cur secundum venerabilem anselmum
503 1480 1476 1534 libro de veritate capitulo 22 et voluntas istius
498 1553 1476 1606 sed non habet aliud quid et aliud cur
500 1608 1425 1674 igitur sequitur quod fruitur vel primo modo vel 2o modo
462 1674 1443 1737 Item si dicta istius forent vera sequitur
483 1726 1454 1809 vel quod fidei infuse potest subesse falsum
503 1811 1458 1888 vel quod aliquis meretur excedente elici
497 1874 1449 1963 ta ex sola fide acquisita oppositum
495 1944 1413 2037 primi patet in 3o et patet per augustinum psalmus 123o
482 2027 1454 2108 in titulo non timenius promittente
492 2096 1428 2169 veritate veritas enim nec falli potest nec
477 2159 1437 2240 fallere sed certum est quod fides innititur
483 2226 1446 2307 veritati igitur etc ¶ pro 2a parte patet falsitas
474 2302 1434 2372 per apostolum ad hebraeos 11 quia impossibile
470 2377 1418 2439 est sine fide quidquam placere deo sed
479 2442 1460 2512 nunc probo consequentiam quia rete holkot
464 2517 1439 2582 respondendo uni rationi in replicationibus
467 2586 1379 2648 suis dicit quod talis non dubitat sed
473 2654 1419 2711 credit determinate et errat ac meretur
458 2718 1391 2790 vel igitur taliter credit ex fide infusa
449 2790 1407 2862 et sequitur primum consequens vel ex fide acqui
456 2861 1440 2931 sita solum et sequitur secundum et utrumque est
467 2933 1410 2998 falsum sed quod est visum igitur etc plures sunt
459 3001 1445 3077 rationes contra istum in parte ista igitur videtur
459 3074 1428 3141 quod responsio ad primam rationem non suf
453 3142 1374 3210 ficiat ¶ ad 2am rationem negat
452 3206 1409 3273 istam consequentiam diligit creaturam
464 3263 1409 3345 super omnia igitur etc et si probatur
452 3320 1379 3417 per augustinum 83 quaestione 3o ubi dicit quod
1644 410 2663 483 omnis ordinatio quae virtus nominatur
1647 473 2639 540 est frui fruendis et uti utendis
1641 538 2672 610 Et quod omnis deordinatio quae vitium
1640 609 2646 678 nominatur est frui utendis et uti
1643 679 2663 753 fruendis respondit quod verum est scienter
1637 749 2616 812 sed non ubi est invincibilis error
1637 815 2592 878 ¶ Ad 3am ratione quod error etiam
1634 880 2613 948 in factis fidei excusat quod probat per
1644 955 2598 1023 hoc si verbum naturam obmisisset
1641 1023 2634 1098 virgine nesciente aeque credidi
1653 1095 2594 1159 sset sicut ante ipsum fuisse verbum
1626 1169 2603 1233 dei et tamen fuisset excusata ¶ Contra
1634 1238 2622 1301 hoc sic procedam primo contra omnia
1632 1310 2615 1374 simul faciam unam rationem suam
1641 1378 2622 1444 contra dicta sua et ostendo principia sua
1631 1440 2637 1505 repungnare et illam rationem ut
1635 1509 2631 1578 ipse eam facit falsam conclusionem con
1626 1579 2558 1637 cludere ¶ 2o qualiter ex dictis magistri
1632 1647 2591 1717 hugolini solvi possunt volo hic ponere
1631 1713 2645 1788 ¶ Et 3o quid habeat magister iohannes
1623 1779 2645 1866 klencok tenere volo ostendere ¶ pro
1616 1841 2589 1922 primo sciendum quod ille holkot in
1616 1913 2624 1998 suis replicationibus articulo 4o cuius
1614 1982 2609 2054 dam replicaitonis in fine arguit
1607 2054 2612 2150 ex intentione ut videtur intellectum posse
1614 2123 2594 2220 veraciter ydolatriam comittere quod
1617 2191 2582 2290 arguit sic quia talis adorans
1626 2262 2597 2358 creaturam vel credit illud quod adorat
1614 2335 2606 2421 esse deum vel creaturam si deum
1608 2408 2609 2488 igitur intendit adorare deum igitur sed in
1614 2475 2612 2544 tensio format actum igitur non est ydo
1607 2538 2598 2610 latria si non credit deum igitur
1605 2607 2598 2682 non adorat corde sicut deum igitur non
1592 2679 2625 2752 vere colit ydolum igitur non comittit ve
1604 2748 2601 2810 raciter sed ficte dicit etiam in
1611 2816 2568 2876 eadem ratione quod si hoc credit
1620 2884 2573 2947 esse deum et est error invinci
1604 2956 2565 3018 bilis quod tunc tenetur adorare Ista
1614 3027 2564 3097 ratio concludit duo falsa primum quod
1586 3101 2595 3159 talis tenetur sic adorare tali stante
1605 3164 2589 3230 tali casu consequens est falsum quia non plus
1592 3228 2570 3294 obligat talis falsa aestimatio quod contra
1587 3301 2612 3373 scientia erronea sed illa non obligat
