2964 4244
548 352 1485 483 legostileos quoniam deus deorum secundum fe
528 428 1489 560 cit deum Idem et simile dicit augustinus
541 507 1534 639 in eodem sibi de sibilla et habetur etiam
534 570 1516 709 per ipsum 8 de civitate capitulo 8 11 Et 18 de
543 659 1497 782 civitate capitulo 23 hoc idem patet de Iob et
542 715 1508 865 balaam sic igitur patet contra prima vera et
544 798 1519 920 quid dicendum ad obiecta patet per praedicta
542 880 1513 1025 ¶ ad rationem primum corollarium cum dicitur
543 957 1516 1095 quod sive hac scientia etc potest dici quod li
536 1029 1543 1160 cet sive hac scientia posset aliquis
547 1114 1504 1252 pollere virtute et fide nullo tamen
545 1179 1500 1308 modo potest hoc sine scientia et doctrina
549 1261 1513 1395 huius scientiae ideo si verba corollarii pen
564 1330 1522 1470 sentur patet quod ratio non procedit contra ipsum
534 1419 1518 1538 quia dico quod stundens per scientiam in
550 1494 1531 1612 struitur et doctrina scientiae rquiritur
541 1566 1470 1679 ¶ ad 3m contra corollarium cum dicitur quod plures
523 1622 1510 1776 propositiones sunt secundum sensum litteralem di
532 1704 1512 1850 citur sicut patet ex notabilibus et corolariis
537 1787 1485 1930 quod hoc est falsum intelligendo de propositioni
545 1853 1495 1998 bus quae assertive et non solum nume
522 1937 1500 2073 rative ponuntur et per haec patet etiam
530 2011 1497 2142 quid dicendum ad totum primum principa
541 2081 1514 2213 le quia omnes illae propositiones sunt
523 2173 1500 2302 vere secundum sensum quem earum autritores in
524 2232 1514 2364 tendebant ¶ ad rationem contra 3m corollarium
520 2312 1513 2429 cum arguitur ex dictis in prologo concedo antecedens
531 2377 1504 2516 primae consequentiae et nego consequentiam et cum probatur
517 2482 1460 2582 negatur etiam illa consequentia innitens
532 2518 1510 2650 solum rationi neccessario neccessitate consequentiae pecca
520 2612 1494 2730 bit igitur est contra rationem non sequitur
510 2679 1468 2822 sed sufficit quod sit super rationem nam
499 2746 1493 2882 ydeota volens se intromittere de a
512 2829 1474 2941 liqua scientia quam penitus ignorat
516 2900 1483 3017 neccessario errabit et tamen talis scientia non
504 2968 1518 3112 est contra eius rationem sed solum supra scientia
498 3045 1533 3201 suam et haec de prima conclusione ¶ 2a conclusio in super
497 3145 1472 3269 simplici essentiae unitate sunt 3 personae
497 3230 1501 3354 relative realiter distincte ista conclusionem
497 3321 1486 3453 non probo aliter nisi sicut eam magister
1660 321 2675 449 probat in littera istius distinctionis per auctoritates utri
1679 408 2644 525 usque beatum testamenti veterum quod significatur
1675 482 2661 599 per agar ancillam et novi quod signi
1683 561 2685 677 ficatur per saram galatos 4o proprie tamen lex dicitur
1686 652 2717 771 nova testamentum quia morte testatorum
1672 709 2709 828 christi confirmatur namquam diu testator
1687 784 2669 906 vivit testamentum est variabile esto
1684 851 2688 965 etiam quod pactum internveniat sicut
1676 923 2691 1053 patet extra de pactis etiam de codicibus
1666 986 2675 1110 haec conclusio ponitur ab augustino primo de trintate
1678 1061 2673 1180 et habentur verba in littera distinctionis
1674 1133 2677 1269 ubi dicit augustinus haec itaque vera et pia
1673 1210 2694 1348 fide tenendum est trinitas sit unus
1667 1289 2636 1404 et solus verus deus pater et filius
1672 1365 2705 1486 et spiritus sanctus haec conclusio est determinatio ecclesiae
1660 1439 2658 1546 et veritas rei in ista materia ideo
1663 1512 2619 1625 nullus debet nec potest solum salu
1668 1585 2675 1725 britur oppositum crede vel tenere ¶ primum
1651 1650 2646 1775 corollarium contra modum loquendi magistri in
1661 1722 2658 1843 littera huius distinctionis non solum so
1661 1792 2618 1918 litudo vel singularitas negatur in
1657 1866 2642 1985 divinis sed vera trinitas reperitur et coprobatur in
1651 1936 2609 2056 personis patet corollarium ex conclusione quia non
1672 2009 2642 2108 essent nec esse possent realiter
1651 2068 2642 2195 distincte nisi foret vera et realis
1659 2147 2669 2249 trinitas personarum istam veritatem de
1655 2226 2658 2325 ducit dominus benedictus in tractatu
1661 2275 2658 2398 contra errores eckardi et 24 et 25
1649 2346 2636 2469 articulis capitulo 2o probans personas esse
1643 2424 2652 2546 distinctas alias et alias contra eck
1656 2502 2654 2617 ardum qui 25 articulo dixit quod omnis
1648 2566 2658 2716 distinctio est a deo aliena neque
1652 2651 2651 2765 in naturis neque impersonis probavit quia
1641 2716 2637 2851 ipsa natura est unum et hoc unum et quae
1644 2789 2615 2910 libet persona est una et id ipsum unum
1643 2854 2672 2983 quod natura contra quam articulum est christi Iohannes 11
1649 2940 2673 3048 alius est qui testimonium perhibet de me
1633 3012 2643 3127 Item iohannes 14 alium peraclitum dabit
1642 3074 2658 3192 nobis Item athanus alia est persona etc
1649 3148 2662 3262 modo certum est quod iuxta suum modum
1633 3221 2610 3339 ponendi habent concedere alienitatem igitur et
1637 3307 2626 3424 distinctionem ¶ Item probat veritate corollarii
