2964 4227
299 316 1328 452 et conclusionis est concilium nicenum ubi dicitur
306 420 1333 528 haec est fides quam ex posuerunt pa
307 482 1308 605 tres primum quidem advesus arrii bla
303 554 1327 664 sfemiam dicentem creaturam esse filium
309 630 1286 740 dei ubi etiam dapmnatur sabellius quid
306 699 1327 813 oppositum corollarii et conclusionis sensit Item in sino
297 789 1311 884 do Romana facta sub damoso papa
306 847 1282 956 anathematizamus qui sabellii
311 903 1306 1023 secuntur errorem Item augustinum in libro
306 991 1291 1094 de fide catholica istam sinceritatem
301 1045 1324 1172 ponit Item hylarius 5 de sinodi
313 1122 1318 1221 capitulo 18 sinodi si summi papae Item
314 1193 1324 1328 ad hoc est totus processus sancti thomae
321 1274 1314 1398 4 contra gentiles capitulo 2 ubi plures ad
312 1346 1350 1464 hoc auctoritates adducit ¶ 2m corollarium deus
330 1413 1339 1546 non solum subsistit intribus super
320 1486 1332 1602 positis uno realiter et duobus inten
314 1566 1317 1664 tentioalibus sed tribus distinctis
322 1628 1336 1762 realiter ypostatibus patet hoc corollarium ex dic
322 1708 1293 1835 tis et ponitur expersse primo iohannes 5
315 1768 1345 1921 ubi dicitur quod tres sunt qui testimonium
309 1868 1329 1951 dant in caelo Ad illud idem est proce
339 1940 1326 2068 ssus domini alphonsi in forma distinctione ista
322 2015 1309 2117 quarta quaestione unica 2o et 3 articulis
316 2081 1351 2221 et habetur materia libro primo aureoli
317 2156 1316 2277 distinctione 3 quaestione 3 articulo 3 prolixe ¶ 3m corollarium deus
334 2245 1336 2372 intelligendo se vel amanda se non
339 2319 1301 2454 solum ponit se ante se vel extra se
335 2392 1322 2526 sed nostrum modum intelligendi inten
332 2465 1344 2596 tionabiliter domice sed realiter perfecte cum
337 2535 1342 2672 ydemptitate naturae vel vere relatione dis
340 2615 1356 2750 tinctive patet per idem proverbiorum 8 dominus posse
338 2697 1366 2813 dit me etc sequitur bodens cor eo etc
360 2760 1359 2900 Ex quo patet quod sabellius male exposit
336 2846 1345 2944 auctoritates ut deducit dominus benedictus
348 2916 1328 3043 12 ubi supra ut patet dicto 2o ad dicta a
330 2979 1367 3118 ugustini de plone hunc autem sabellii
343 3074 1309 3185 errorem tractat sanctus thomas 4o
334 3150 1359 3263 contra gentiles capitulo 5 ubi ponit eius
338 3222 1350 3335 motiva Et capitulo novo ubi solvit sabe
353 3303 1343 3438 llii arguenta patet igitur ex hiis quod dictum
1477 287 2474 418 eckardi in suis 25 et 24 articulis
1485 377 2468 480 merito redarguitur et reprobatur ¶ Sed contra
1482 442 2497 568 istam conclusionem est primo totum 2m principale
1486 503 2502 628 primo quia incommuncabile esset communicabile
1487 580 2425 690 2o quia deus est omnibus modis
1473 632 2472 763 idem 3o quia aut essentia divina sub
1479 707 2475 844 respectu privitatis est compossibilis filio aut
1470 784 2481 892 non etc sed nullum istorum ¶ 2o si sunt
1474 856 2501 989 tres personae realiter relative distinc
1474 923 2477 1024 te igitur in divinis erit relatio et oppinio re
1483 994 2478 1090 lationis vel igitur erit tantum una vel plures
1485 1059 2462 1176 si tantum una igitur erunt solum ibi duo
1479 1117 2459 1268 supposita et duae personae et tunc contra
1483 1196 2473 1328 conclusionem si vero plures quam una igitur erunt
1477 1261 2500 1395 ad minus quatuor personae quod est haeresis
1474 1344 2486 1473 expressa Et patet consequentia quia omnis op
1481 1418 2488 1529 positio relativa requirit duo ex
1479 1483 2471 1596 trema ¶ 3o deus omnimodo est idem
1480 1565 2462 1688 quomodo simpliciter est melius esse
1490 1620 2498 1751 idem quod non idem sed esse idem essentialiter
1480 1699 2488 1832 et personaliter est melius quod non esse
1502 1776 2467 1882 sic idem igitur deus est sic idem maior
1484 1853 2462 1985 patet per anselmum monologion 15 minor probatur quia quod
1496 1910 2468 2058 convenit patri et culibet personae est
1491 1993 2503 2131 melius ipsum quam non ipsum sed esse idem
1501 2073 2495 2206 convenit cuilibet personae quia quaelibet
1497 2152 2505 2279 persona personaliter et essentialiter est idem
1494 2220 2506 2344 essentia divinae igitur videtur quod simpliciter
1496 2306 2481 2418 sit idem esse est melius quam non p
1493 2368 2474 2482 ipsum et per consequens conclusio falsa ¶ Contra primum
1486 2454 2494 2562 corollarium arguitur sequitur si corollarium esset verum quod 3 sunt
1495 2524 2467 2639 aeternae personae et tamen non sunt aeternae quod
1499 2610 2485 2715 est inplicatio patet consequentia quia si corollarium
1488 2671 2500 2775 est verum igitur sunt tres verae coaeternae per
1511 2750 2536 2850 onae igitur et aeternae sed quod non sunt 3 aeternae
1501 2811 2490 2949 patet per athanasium in simbolo ubi dicit
1517 2888 2514 3003 non tres aeterni sed unus aeternus igitur sequitur
1511 2972 2528 3090 corollarium falsum ¶ conra 2m corollarium si ipsum est
1510 3043 2550 3157 verum sequitur quod erunt octo res distinctae
1507 3122 2551 3206 idividuis quod omnino videtur falsum et loquor
1495 3193 2545 3310 destinctione reali probatur consequentia quia
1504 3272 2520 3406 per corollarium tres sunt personae distinctae
