2964 4227
289 305 1266 433 spiritus sancti ex quibus patet quod licet
323 390 1295 469 sit ibi summa unitas non tamen
316 458 1303 539 attenditur ibi pluritas vel alteras al
295 541 1317 615 teritas ¶ 2o quod hic concordat benedi
298 596 1347 703 ctus cum henricus de urimaria dicens
293 669 1321 788 quod inmensa personae divina essentia re
305 751 1289 872 quirit 3a suppositam quia licet in
301 822 1276 949 qualibet persona sit omnis perfectio
299 900 1278 1014 divinae essentiae non tamen omnimodo
286 972 1299 1088 ¶ 3o quod difficile videtur concordare dicta
307 1039 1305 1151 Clenchot in ista 2a distinctione in expositione
312 1104 1323 1228 litterali diceret patrem esse filium essentialiter
308 1177 1293 1297 et eodem modo patrem esse filium filium
314 1256 1284 1361 esse patrem etc et dicta ista quia
311 1319 1315 1422 licet sit una essentia vel unum essentialiter
326 1390 1320 1512 non tamen videtur esse concedendum quod unus
324 1456 1356 1581 sit alius essentialiter sic scilicet quod pater sit filius
310 1534 1318 1656 essentialiter econtra aliter oportet concedere has consequentias
319 1610 1300 1733 non valere vel consequentia esse vera pater non
308 1687 1356 1812 est filius quod igitur non est filius essentialiter
312 1759 1308 1849 Et hanc pater est filius essentialiter igitur
317 1833 1338 1953 pater est filius quod tamen videtur difficile patet quia
322 1898 1308 2023 si assignatur causa quare prima
316 1967 1336 2087 non valeat haec scilicet quod arguitur ab inferiori ad
317 2046 1315 2183 superius negatione et cum distinctione igitur in 2a
328 2110 1335 2259 arguitur ab inferiori ad superius affirmative sive
315 2203 1317 2343 distinctive et per consequens videtur quod 2a sit bona
328 2272 1336 2421 si prima non valetque si vicem concedenda
335 2359 1310 2487 et haec pater est filius Et tamen hoc haec
324 2431 1318 2555 pater non est filius quod in proposito videtur
321 2501 1334 2638 contradictio plana dicit tamen iste doctor
322 2576 1335 2713 quod augustinus concedit quod ipse dicit 83 quaestionibus
328 2644 1354 2791 quaestione 12 videtur tamen quod augustinum posset gloriari
327 2731 1342 2869 quod ponit adverbium pro nomine ut di
333 2816 1311 2937 catur sunt essentialiter id est una essentia et sic
328 2880 1327 3018 pater est filius essentiaiter id est pater est essentialiter
337 2970 1342 3096 quae filius materia est profunda te
337 3030 1342 3171 neat quilibet quid sibi magis consonum
344 3128 1329 3238 videtur fidei et scripturae ¶ ad 3am rationem
352 3170 1309 3274 2i principalis respondet dominus benedictus
340 3252 1325 3368 ubi supra 3a supponendo primo quod fi
346 3308 1374 3443 des catholica confitetur quod divinae personae
1474 284 2466 422 sunt unum in essentia divina quae communis est
1484 371 2460 480 communitate reali tribus personis sit quod omnes
1474 431 2442 554 divinae personae et earum quaelibet est
1487 507 2443 623 ipsa divina tota essentiam probat extra de sum
1486 575 2458 672 ma trinitate et fide catholica capitulo damp
1481 648 2490 748 namus et Iohannes x augustinus 7 de trinitate
1480 721 2452 823 capitulo 6 haec suppositio est primum capitulo articulo
1489 784 2449 897 illius 27 ¶ 2o supponit eodem
1477 836 2476 973 articulo capitulo 2o quod divinae personae constituntur
1490 920 2499 1022 inesse ex essentia et revelatione vel proprietate
1468 984 2482 1098 relativa quae proprietates sunt sunt
1481 1050 2431 1172 distincte inter se realiter ab aliis
1465 1120 2473 1247 proprietatibus sibi oppositis relative et quae sic
1477 1200 2473 1309 sunt distinctae Constitiuunt personas
1480 1257 2479 1379 realiter distinctas sic quod licet essentia
1480 1322 2471 1451 ut in se consideratur sic una minore
1479 1413 2479 1517 aliter in tribus personis tamen persona
1477 1471 2470 1608 constituta ex proprietate et essentia ab alia perso
1478 1544 2512 1670 na est realiter distincta probat haec ubi
1486 1632 2494 1747 supra capitulo dampnamus per augustinum 1
1474 1699 2507 1820 de trinitate capitulo primo 15 de cernitis capitulo 14 per anselmum
1474 1769 2470 1875 monologion 55 et 56 et capitulis per dyonisum de
1476 1843 2476 1944 divinis nominibus capitulo 2o dicit in fine
1479 1902 2461 2036 t quod filius numquod est pater nec econverso
1522 1974 2481 2110 ¶ 3o suppositione in 3o capitulo quod divina essentia
1480 2047 2478 2184 esse in divina persona quia una vel
1468 2116 2497 2262 duae praecedunt potest intelligi dupliciter
1483 2192 2509 2311 uno modo ut illa essentiam et essentia sic illud
1486 2264 2498 2393 quo dictae personae habent esse divinitatis consti
1486 2342 2487 2461 tuens ipsam divina personam una
1485 2410 2520 2546 cum relatione et proprietate personali ¶
1482 2497 2487 2620 Alio modo consideratur essentia divina ut est
1489 2573 2481 2694 in persona aqua alia procedit non ut
1481 2641 2489 2766 ipsam personam divinam a qua alia
1486 2713 2493 2831 vel aliae procedunt constituit in esse perso
1485 2778 2502 2902 nali sed ut est principium communicandi ipsi per
1503 2861 2509 2978 sonae producenti alteri divinam essentiam per ac
1491 2947 2478 3046 tum generationis vel processionis primo modo
1490 3005 2502 3120 essentia divina existens in una persona Cum
1489 3064 2527 3186 modo quem habent in dicta persona quia sic
1491 3142 2488 3249 est constituitiva et stat sub proprietate de
1498 3203 2517 3319 terminativa non est alteri personae communicalibis
1489 3277 2521 3403 Sed 2o modo sic est communicabilis alteri personae et
