2964 4227
299 311 1271 428 in articulis eckardi articulo 34o capitulo 15
286 401 1302 516 maxime cum notum nichil constituere
297 473 1298 588 se ipsum sic igitur patet quod prima quam non
284 544 1314 644 va Ad rationem contra 2m corolaruprespen
296 596 1303 692 det thomas de aergentis in ista 2a
272 674 1301 788 distinctio quaestione 2a articulo primo dicens quod dicere
278 764 1311 858 dupliciter accipitur uno modo proprie et
284 814 1302 931 sic est idem quod verbum concipere et
296 887 1291 1005 ita sumitur ab augustino 7 de trinitate Cum dic
294 959 1306 1088 non nisi pater est dicens in divinis alio modo
313 1038 1272 1159 sumitur dicere pro perfectio intelligere et
301 1107 1310 1247 sic quaelibet persona dicit se con
309 1178 1310 1318 similiter omnino posset dici deintelligere
316 1262 1336 1377 et isto modo dicere videtur accipere ipse
303 1347 1357 1466 venerabilis anselmum modum 57 58 et 59 ca
292 1425 1278 1552 pitulis ubi dici quod singulem perseonae se
309 1495 1321 1630 dicunt et quaelibet earum se dicit ex quibus
315 1568 1328 1700 patet taliter qualiter quare non quaelibet
326 1645 1323 1784 persona cum dicit verbum producit Et
322 1731 1334 1858 dico notanter taliter qualiter quia secundum anselmum
314 1811 1313 1915 monologion capitulo 60 huius causa sub huius rei
311 1889 1320 1989 videtur transcendere essentiam intellectus aciem
304 1956 1297 2081 humani Et capitulo 59 mirum quodam
325 2039 1337 2157 et inexplicabile video enim cum ma
326 2100 1340 2236 nifestum sit unum quemquod scilicet patrem et filium
328 2182 1337 2314 et patris filiique quod spiritum patrem se et am
313 2257 1281 2373 bos alios dicere et unum solum esse
322 2328 1293 2448 ibi ubum nullatenus tamen ipsum
319 2411 1291 2537 verbum videtur posse dici verbum omnium
317 2481 1338 2621 trium sed tantum unius eorum ¶ ad 2am rationem
342 2548 1323 2691 contra 2am conclusionem patet ex dictis meis in principio
339 2642 1322 2762 primo articulo 2o in 2o principali ubi est dictum quod
331 2705 1325 2853 non sunt tot personae et sunt relatio
333 2793 1298 2925 nes Sed dicerent atiqui et eorum
339 2876 1341 3007 sequates quod tot sunt personae quot
348 2941 1339 3077 sunt proprietates nam sed ipsos relatio
346 3015 1345 3167 non constuit ut relatio sed ut proprietates
334 3103 1332 3241 quare positionem ibidem in principio quod re
341 3180 1306 3306 latio non est sufficiens medium pro
333 3256 1332 3375 bans pluralitatem in divinis ¶ Ad 3m contra
328 3334 1347 3456 eandem 2am conclusionem cum arguitur deus
1466 281 2432 418 est omnimodo idem etc conceditur maior
1468 353 2472 480 et negatur minor scilicet quod omne idem essentialiter
1457 452 2467 552 et personaliter sit melius et cum probatur
1463 500 2434 628 illa minor sit quod convenit patri etc potest
1456 578 2424 693 dici quod verum est si non est relatum vel
1462 645 2441 753 includens relationem aliter potest dici
1468 708 2436 844 quod sic esse idem convenit cuilibet
1462 784 2451 939 personae et tamen non omnibus ad invicem
1471 858 2491 997 simul et sic patet quid dicendum ad rationes
1475 918 2447 1064 contra dicta in 2a conclusione et corollaria ipsius ¶ 3a
1478 993 2484 1142 studens sacrae theologiae textum aprehendere
1479 1072 2465 1215 potest cernitis articlum per studium bonum et
1482 1138 2454 1271 meritorium probatur conclusio quia articulus est
1478 1218 2455 1354 sufficienter in sacra scriptura expressus in stu
1468 1309 2488 1422 dens sufficienter potest aprehendere ipsum consequentia
1471 1372 2455 1490 est satis evidens et antecedens patet ex praemissis
1488 1440 2482 1571 prima pars conclusionis vera sed quod per studium bonum
1466 1512 2503 1628 et meritorium quae erat 2a pars patet ex dictis
1473 1581 2442 1714 magistri in ista 2a distinctione capitulo primo et sunt
1471 1631 2500 1784 verba augustini quia hac veritate nichil
1460 1721 2466 1851 fructuosius invenitur ad hoc est totus
1466 1783 2496 1922 processus adae quaestione prima prologis ubi istam
1477 1857 2420 2008 partem probat diffusive ¶ primum corollarium
1468 1923 2461 2058 quamvis nulla ratio conveniat intel
1478 1993 2485 2141 lectium creato ut sic libere agendi sum
1475 2079 2460 2220 tum apprehensione istius articuli non
1475 2178 2427 2304 est proprie meritum studendi prima patet
1475 2237 2504 2389 nam quam repugnat voluntati ut sic
1471 2312 2508 2444 illibectari tam repugnant intellectui ut
1479 2382 2508 2530 sic libertari sed primum simpliciter repug
1487 2461 2459 2582 nat igitur et 2m Ex hiis patet contra fastinum
1474 2531 2492 2656 de ast libro 3o quaestione penultimis in responsionibus
1487 2612 2491 2726 ad obiecta similiter contra brinkil in
1478 2686 2466 2804 lectura sententiarum scilicet quod intellectus non est
1478 2758 2511 2875 liber nec quo ad actum nec quo adhabi
1479 2828 2455 2955 tum simliter quo ad gradum patet hoc
1492 2906 2504 3015 cum nulla ratio libertatis conveniat ei ut
1498 2985 2499 3108 sit ¶ 2m corollarium Quamvis sive apprehen
1499 3057 2485 3168 sione huius articuli non fit meritum
1492 3125 2506 3249 stundendi tamen totum meritum studii
1480 3199 2547 3325 pendet ex dei gratia et actu volendi prima
1484 3267 2539 3415 pars patet ex dictis et 2a probatur quia voluntas
