1078 1600
182 113 42 34 quod
208 113 42 34 enim
234 113 47 34 turbe
265 113 63 34 dixerunt
312 113 57 34 osanna:
354 113 37 34 hoc
375 113 37 34 est
396 113 42 34 quod
422 113 37 34 ibi
443 113 63 34 dicitur.
490 113 26 34 O
501 113 52 34 domine
532 113 26 34 sal

179 130 41 36 uum
203 130 35 36 me
220 130 41 36 fac
244 130 82 36 Benedictus
309 130 41 36 qui
332 130 53 36 venit
368 130 35 36 in
385 130 59 36 nomine
426 130 65 36 domini.
474 130 47 36 quod
497 130 59 36 subiungi

182 147 39 37 tur
205 147 56 37 eisdem
244 147 62 37 verbis.
289 147 39 37 hoc
311 147 50 37 autem
345 147 67 37 canticum
395 147 39 37 est
418 147 67 37 canticum
468 147 73 37 angelorum
524 147 45 37 quod

175 166 39 36 nos
198 166 72 36 cantantes
253 166 88 36 significamus
324 166 44 36 quod
352 166 39 36 per
374 166 39 36 hoc
396 166 83 36 sacrificium
462 166 50 36 iungi
490 166 66 36 celestibus

186 185 64 35 debemus
233 185 35 35 et
251 185 47 35 ideo
280 185 64 35 saluari
327 185 41 35 cum
350 185 53 35 illis
385 185 35 35 in
403 185 70 35 excelsis
450 185 64 35 clamamus.

273 236 59 34 Ecunda
315 236 48 34 pars
344 236 89 34 principalis
416 236 48 34 quae
445 236 65 34 incipit
493 236 48 34 ibi.
522 236 36 34 Te
534 236 30 34 igi

270 253 35 36 tur
290 253 30 36 in
305 253 35 36 qua
325 253 50 36 agitur
361 253 30 36 de
376 253 86 36 consecratione
446 253 50 36 oblate
481 253 30 36 et
497 253 71 36 di-uiditur

274 271 40 35 in
294 271 80 35 quatuor.
354 271 60 35 Primo
394 271 93 35 postualtur
467 271 73 35 hostiae
521 271 47 35 deo

269 289 69 36 acceptae
321 289 87 36 benedictio.
391 289 64 36 Secundo
437 289 69 36 fidelium
489 289 69 36 promotio
535 289 29 36 ibi

179 306 35 39 In
197 306 58 39 primis
237 306 47 39 quae
267 306 47 39 tibi
296 306 82 39 offerimus.
360 306 58 39 Tertio
401 306 64 39 hostiae
447 306 82 39 benedictae
511 306 35 39 in
523 306 35 39 cor-

182 325 40 38 pus
205 325 63 38 christi
251 325 34 38 et
268 325 74 38 sanguinem
325 325 91 38 transmutatio
399 325 40 38 ibi
421 325 46 38 quam
450 325 85 38 oblationem.
512 325 46 38 Quarto

176 346 96 35 consecrationis
256 346 75 35 consumatio
315 346 43 35 ibi.
342 346 37 35 Qui
363 346 54 35 pridie
400 346 43 35 quam
422 346 64 35 pateretur.

247 395 39 36 Ata
270 395 45 36 ergo
298 395 45 36 quod
326 395 45 36 post
353 395 56 36 laudis
393 395 78 36 praeconium
454 395 67 36 sequitur
504 395 67 36 secretum

249 413 82 36 silentium.
314 413 41 36 Nam
337 413 41 36 vbi
361 413 59 36 ihesus
402 413 82 36 honorifice
467 413 47 36 fuit
496 413 77 36 susceptus

254 431 98 35 hierosolimis
333 431 31 35 a
345 431 67 35 turbis.
394 431 43 35 cum
419 431 55 35 ramis
455 431 73 35 palmarum
510 431 37 35 et
528 431 43 35 lau

175 449 54 37 dibus
211 449 36 37 vt
229 449 66 37 habetur
277 449 48 37 Ioh.
307 449 48 37 xii.
337 449 60 37 iudaei
379 449 72 37 volebant
433 449 42 37 eum
457 449 66 37 capere.
505 449 66 37 propter

176 466 47 37 quod
206 466 71 37 recessit
259 466 36 37 ab
277 466 41 37 eis
300 466 36 37 et
318 466 53 37 abiit
354 466 36 37 in
371 466 77 37 bethaniam
431 466 36 37 et
448 466 41 37 ibi
472 466 77 37 abscondit
531 466 36 37 se

182 485 36 36 ab
200 485 42 36 eis
224 485 42 36 Joh
248 485 48 36 xii.
278 485 42 36 Non
302 485 48 36 metu
332 485 84 36 formidinis
399 485 30 36 :
411 485 42 36 hoc
435 485 90 36 prouidentia
501 485 54 36 dispen-

175 503 79 35 satoris.
235 503 53 35 quia
268 503 66 35 nondum
314 503 73 35 venerat
367 503 53 35 hora
400 503 53 35 eius
433 503 46 35 qua
459 503 92 35 adueniente
525 503 40 35 spon

185 520 68 37 taneus
233 520 41 37 ad
253 520 88 37 passionem
321 520 88 37 accessit.
388 520 54 37 unde
422 520 61 37 Math.
463 520 61 37 xxvi.
503 520 74 37 Surgite

179 539 60 36 inquit
221 539 60 36 eamus.
263 539 48 36 ecce
294 539 109 36 appropinquabit
384 539 42 36 qui
408 539 36 36 me
426 539 66 36 tradet.
475 539 48 36 unde
499 539 60 36 Johannes

182 558 41 35 xvi
206 558 59 35 Cohors
247 558 36 35 et
265 558 71 35 ministri
318 558 41 35 cum
342 558 77 35 venissent
401 558 41 35 cum
425 558 71 35 laternis
478 558 36 35 et
496 558 65 35 facibus
537 558 24 35 et

186 575 54 36 armis
222 575 36 36 ut
240 575 108 36 apprehenderent
330 575 48 36 cum.
360 575 48 36 Ipse
389 575 54 36 autem
425 575 60 36 sciens
467 575 54 36 omnia
503 575 48 36 quae
527 575 30 36 ven

177 593 44 35 tura
204 593 49 35 erant
237 593 49 35 super
270 593 44 35 eum:
297 593 71 35 processit
352 593 33 35 et
369 593 49 35 dixit
401 593 44 35 eis.
429 593 44 35 quem
456 593 77 35 quaeritis.
511 593 44 35 Respon

192 611 52 36 derunt
228 611 31 36 ei
244 611 52 36 ihesum
280 611 73 36 nazarenum.
338 611 47 36 dixit
369 611 42 36 eis.
395 611 37 36 Ego
416 611 42 36 sum.
442 611 47 36 Illud
474 611 42 36 ergo
500 611 57 36 christi
536 611 21 36 la

188 629 62 34 tibulum
234 629 40 34 hoc
256 629 73 34 silentium
313 629 57 34 screte
352 629 96 34 repraesentat.
431 629 45 34 Alia
460 629 40 34 est
482 629 51 34 causa
510 629 40 34 huius

179 648 59 33 secreti
221 648 69 33 silentii.
275 648 64 33 scilicet
322 648 32 33 ut
338 648 43 33 sine
365 648 59 33 tumultu
408 648 43 33 sive
434 648 64 33 strepitu
482 648 64 33 verborum
525 648 37 33 nien-

182 665 43 35 tis
206 665 68 35 deuotio
256 665 37 35 ad
274 665 49 35 deum
305 665 86 35 dirigatur:
373 665 49 35 quia
403 665 43 35 est
428 665 80 35 exanditor
489 665 62 35 cordis
526 665 31 35 non

182 683 62 36 vocis.
225 683 43 36 Non
250 683 49 36 enim
280 683 43 36 est
305 683 80 36 exorandus
367 683 86 36 clamoribus
435 683 43 36 qui
459 683 55 36 renum
496 683 80 36 scrutator

186 701 40 36 est
209 701 34 36 et
226 701 63 36 cordium
272 701 57 36 Hiere.
312 701 52 36 xvii.
347 701 46 36 Quod
375 701 46 36 anna
404 701 52 36 typum
438 701 57 36 gerens
478 701 74 36 ecclesiae
530 701 34 36 insi

179 719 60 36 nuabat
221 719 48 36 quae
250 719 42 36 non
274 719 77 36 petitione
334 719 30 36 b
346 719 60 36 tacita
387 719 77 36 deuotione
447 719 48 36 quod
477 719 60 36 petiit
512 719 42 36 impe-

186 738 65 35 trauit.
233 738 65 35 dicitur
281 738 47 35 enim
310 738 53 35 primo
345 738 47 35 Reg.
375 738 35 35 i.
393 738 47 35 Quia
422 738 41 35 nna
446 738 83 35 loquebatur
511 738 35 35 in
523 738 35 35 cor-

183 755 36 36 deo
203 755 36 36 suo
224 755 57 36 tamquam
265 755 46 36 labia
296 755 52 36 illius
332 755 72 36 mouebantur
389 755 31 36 et
404 755 36 36 vox
425 755 57 36 penitus
466 755 36 36 non
487 755 82 36 audie-batur.

186 774 56 35 verba
223 774 56 35 tamen
261 774 50 35 sunt
292 774 94 35 proferenda:
368 774 38 35 ne
387 774 50 35 quid
418 774 63 35 petere
462 774 44 35 vel
487 774 82 35 intendere

182 792 68 35 debeamus
234 792 80 35 ignoremus.
296 792 57 35 Altera
336 792 46 35 est.
364 792 63 35 ratione
410 792 51 35 tanti
444 792 68 35 misterii
495 792 51 35 verba
530 792 40 35 per

182 810 88 35 quotidianum
253 810 47 35 vsum
282 810 76 35 vilescant
341 810 35 35 et
358 810 35 35 in
376 810 53 35 locis
411 810 41 35 non
435 810 100 35 competentibus
511 810 47 35 passim

185 828 35 34 et
203 828 82 34 indiscrete
268 828 77 34 dicantur.
326 828 35 34 et
344 828 41 34 sic
368 828 47 34 sint
397 828 71 34 dicentes
450 828 35 34 in
468 828 65 34 ruinam.
515 828 47 34 Unde
544 828 35 34 ut

180 845 71 36 dicitur.
233 845 71 36 Contigit
286 845 35 36 ut
304 845 59 36 quadam
345 845 41 36 die
369 845 71 36 pastores
422 845 53 36 super
458 845 65 36 lapidem
505 845 65 36 quemdam

189 864 61 35 poneret
234 864 56 35 panem.
273 864 39 35 qui
295 864 33 35 ad
312 864 50 35 horum
345 864 67 35 verborum
395 864 83 35 prolationem
462 864 72 35 conversus
518 864 39 35 est
534 864 28 35 in-

189 882 61 35 carnem.
234 882 67 35 forsitan
284 882 89 35 transmutatus
356 882 39 35 est
378 882 50 35 panis
411 882 33 35 in
428 882 55 35 corpus
467 882 67 35 christi.
517 882 33 35 in
533 882 39 35 quo

184 900 81 33 diuinitus
246 900 81 33 accerrima
308 900 56 33 facta
345 900 43 33 est
370 900 81 33 vindicta:
432 900 43 33 nam
456 900 74 33 percussi
512 900 50 33 sunt
537 900 31 33 di-

180 918 50 33 uino
211 918 69 33 iudicio
262 918 69 33 celitus
312 918 63 33 misso.
356 918 50 33 vnde
388 918 76 33 statutum
444 918 50 33 fuit
476 918 38 33 vt
495 918 38 33 de
514 918 63 33 cetero

186 937 73 33 diceretur
243 937 40 33 sub
265 937 73 33 silentio.
322 937 45 33 alia
350 937 40 33 est
373 937 51 33 ratio
407 937 34 33 ne
424 937 79 33 vilesceret
486 937 34 33 ex
503 937 73 33 manifesta

186 954 91 35 prolatione:
259 954 54 35 sicut
295 954 54 35 sacra
331 954 79 35 scriptura
392 954 36 35 in
410 954 60 35 quadam
452 954 91 35 obscuritate
519 954 42 35 tradi

178 972 37 34 ta
196 972 43 34 est
221 972 37 34 ne
239 972 92 34 vilesceret.
313 972 67 34 Propter
362 972 43 34 has
386 972 61 34 causas
429 972 67 34 dicitur
478 972 43 34 sub
503 972 74 34 silentio

183 990 31 35 et
198 990 31 35 ob
213 990 36 35 hoc
234 990 56 35 dicitur
275 990 61 35 secreta:
321 990 61 35 scilicet
366 990 41 35 quia
392 990 36 35 sub
412 990 61 35 silentio
458 990 87 35 pronuntiatur.
530 990 36 35 cum

190 1008 44 35 olim
217 1008 44 35 alta
244 1008 44 35 voce
272 1008 71 35 diceretur
327 1008 66 35 quousque
376 1008 55 35 aliter
415 1008 66 35 inolevit
464 1008 77 35 consuetudo
519 1008 33 35 pro-

182 1026 48 35 pter
212 1026 60 35 causas
255 1026 42 35 iam
279 1026 60 35 dictas
333 1026 48 35 Nota
363 1026 48 35 quod
394 1026 48 35 haec
424 1026 48 35 pars
454 1026 60 35 missae
497 1026 54 35 vsque
533 1026 36 35 ad

183 1044 67 35 orationem
235 1044 67 35 dominicam
286 1044 36 35 cum
307 1044 36 35 sua
328 1044 78 35 praefatione
390 1044 62 35 scilicet
437 1044 73 35 praeceptis
494 1044 78 35 salutaribus

178 1063 42 33 etc
202 1063 65 33 dicitur
249 1063 54 33 canon
285 1063 65 33 missae:
333 1063 48 33 quia
363 1063 89 33 regulariter
434 1063 36 33 in
452 1063 42 33 hac
476 1063 54 33 parte
511 1063 65 33 memoria

178 1081 74 33 dominicae
235 1081 74 33 passionis
292 1081 79 33 recolitur.
354 1081 74 33 videlicet
411 1081 51 33 eorum
445 1081 45 33 quae
473 1081 51 33 gesta
507 1081 45 33 sunt
536 1081 40 33 per

182 1099 83 33 ebdomadam
246 1099 51 33 ante
277 1099 83 33 paschalem
341 1099 32 33 a
354 1099 64 33 decima
399 1099 51 33 luna
431 1099 58 33 primi
469 1099 64 33 mensis
514 1099 64 33 quando

184 1117 56 35 ihesus
223 1117 50 35 abiit
257 1117 95 35 hierosolimam:
335 1117 50 35 usque
368 1117 33 35 ad
385 1117 106 35 decimamseptimam
474 1117 56 35 quando
512 1117 67 35 surrexit

179 1135 28 35 a
191 1135 67 35 mortuis.
241 1135 61 35 Propter
285 1135 44 35 quod
313 1135 50 35 inter
346 1135 89 35 praefationem
418 1135 33 35 et
435 1135 61 35 canonem
479 1135 33 35 in
496 1135 72 35 plerisque

180 1152 107 36 sacramentariis
269 1152 53 36 imago
304 1152 77 36 crucifixi
364 1152 89 36 depingitur.
435 1152 36 36 vt
452 1152 41 36 non
476 1152 53 36 solum
506 1152 53 36 intelle

179 1171 44 35 ctus
207 1171 72 35 litterae:
263 1171 39 35 sed
285 1171 50 35 etiam
318 1171 67 35 aspectus
368 1171 67 35 picturae
418 1171 67 35 memoriam
468 1171 72 35 dominicae
518 1171 44 35 passio

179 1188 42 36 nis
203 1188 78 36 inspiret.
263 1188 36 36 et
281 1188 54 36 forte
317 1188 60 36 diuina
359 1188 60 36 factum
402 1188 42 36 est
426 1188 96 36 prouidentia.
504 1188 54 36 licet
534 1188 30 36 hu-

179 1207 48 35 mana
209 1207 78 35 industria
269 1207 96 35 procurauerit
347 1207 36 35 vt
365 1207 36 35 ab
384 1207 36 35 ea
402 1207 66 35 littera
450 1207 54 35 canon
486 1207 84 35 inciperet:

179 1225 50 35 quae
210 1225 44 35 sui
235 1225 56 35 forma
273 1225 63 35 signum
317 1225 63 35 crucis
360 1225 75 35 ostendit
417 1225 38 35 et
436 1225 75 35 exprimit
492 1225 38 35 in
511 1225 63 35 figura

183 1243 48 36 Than
213 1243 60 36 namque
255 1243 78 36 misterium
315 1243 60 36 crucis
357 1243 78 36 insinuat.
417 1243 66 36 dicente
465 1243 60 36 domino
507 1243 60 36 Ezech.

179 1260 43 36 ix.
204 1260 56 36 Signa
241 1260 50 36 thau
272 1260 37 36 in
291 1260 81 36 frontibus
353 1260 68 36 virorum
402 1260 81 36 dolentium
465 1260 37 36 et
483 1260 93 36 gemen-tium.

180 1280 43 33 vel
205 1280 56 33 canon
242 1280 68 33 dicitur
291 1280 49 33 quia
322 1280 37 33 ex
340 1280 68 33 regulis
390 1280 62 33 patrum
433 1280 37 33 id
451 1280 43 33 est
476 1280 37 33 ex
494 1280 43 33 his
519 1280 49 33 quae

183 1296 98 36 regulariter
262 1296 104 36 instituerunt
347 1296 85 36 obseruari
412 1296 46 36 est
438 1296 98 36 compositus.
516 1296 59 36 Canon

179 1315 49 33 enim
210 1315 68 33 graecae
259 1315 62 33 regula
302 1315 68 33 latinae
351 1315 74 33 dicitur.
407 1315 37 33 Et
425 1315 68 33 dicitur
475 1315 49 33 idem
505 1315 55 33 canon
536 1315 31 33 se-

179 1333 53 33 creta
214 1333 35 33 et
232 1333 59 33 actio.
273 1333 53 33 quare
309 1333 53 33 canon
344 1333 65 33 dicitur
391 1333 35 33 et
409 1333 65 33 secreta
456 1333 59 33 dictum
497 1333 47 33 est.
521 1333 41 33 actio

178 1350 59 32 autem
218 1350 78 32 dicitur:
277 1350 52 32 quia
309 1350 52 32 tunc
342 1350 46 32 cum
368 1350 46 32 deo
394 1350 59 32 causa
433 1350 65 32 nostra
479 1350 72 32 agitur.
525 1350 26 32 In

183 1368 44 33 hac
208 1368 44 33 deo
233 1368 57 33 parte
271 1368 50 33 quae
302 1368 57 33 canon
340 1368 75 33 dicitur.
397 1368 44 33 non
422 1368 82 33 solummodo
478 1368 82 33 proferuntur

642 111 33 31 ea
658 111 44 31 quae
685 111 82 31 sequiruntur
751 111 33 31 ad
767 111 98 31 consecrationem
849 111 65 31 corporis
898 111 60 31 christi
942 111 33 31 et
958 111 33 31 ad
969 111 49 31 comemo-

638 128 71 32 rationem
691 128 89 32 consecrati:
762 128 41 32 sed
786 128 36 32 et
804 128 65 32 memoria
851 128 77 32 passionis
910 128 107 32 repraesentatur
993 128 24 32 et

639 145 96 33 conditiones
716 145 71 33 eiusdem
767 145 38 33 et
786 145 45 33 hoc
812 145 64 33 maxime
857 145 45 33 per
882 145 71 33 cruces.
934 145 38 33 In
953 145 45 33 hac
979 145 51 33 ergo

645 163 58 33 parte
683 163 39 33 in
703 163 45 33 qua
728 163 90 33 postulatur
799 163 71 33 munerum
851 163 109 33 sanctificatio
941 163 58 33 fiunt
979 163 52 33 tres

646 181 59 33 cruces:
688 181 32 33 in
704 181 53 33 signum
742 181 69 33 triplicis
795 181 80 33 traditionis
859 181 53 33 domini
897 181 64 33 scilicet
945 181 27 33 a
956 181 43 33 deo.
982 181 27 33 a
993 181 43 33 iuda

648 199 28 33 a
660 199 68 33 iudaeis.
711 199 34 33 de
728 199 51 33 prima
762 199 40 33 Ro.
784 199 51 33 viii.
818 199 40 33 Qui
841 199 62 33 proprio
886 199 51 33 filio
920 199 40 33 suo
943 199 40 33 non
965 199 68 33 pepercit

641 216 44 33 sed
666 216 44 33 pro
691 216 56 33 nobis
728 216 69 33 omnibus
778 216 75 33 tradidit
834 216 62 33 illum.
877 216 37 33 de
896 216 69 33 secunda
946 216 56 33 Math.
983 216 56 33 xxvi.

640 233 80 33 Quaerebat
701 233 104 33 oportunitatem
787 233 67 33 quomodo
836 233 43 33 eum
861 233 80 33 traderet.
922 233 37 33 de
940 233 61 33 tertia
983 233 49 33 Job.

649 251 63 33 xviii.
693 251 51 33 Gens
725 251 44 33 tua
750 251 38 33 et
769 251 89 33 pontifices
839 251 44 33 tui
864 251 38 33 te
883 251 51 33 mihi
915 251 63 33 tradi.
960 251 57 33 Prima
991 251 32 33 tra

640 269 54 33 ditio
676 269 48 33 fuit
706 269 36 33 ex
724 269 60 33 gratia
766 269 96 33 dilectionis.
843 269 48 33 Joh.
873 269 48 33 iii.
903 269 42 33 Sic
927 269 48 33 deus
957 269 66 33 dilexit
999 269 30 33 mun

644 287 40 33 dum
667 287 35 33 vt
685 287 58 33 filium
725 287 46 33 suum
754 287 81 33 unigenitum
818 287 46 33 etc.
847 287 64 33 Secunda
893 287 35 33 ex
910 287 75 33 auaritia.
968 287 46 33 vnde
991 287 29 33 Ma-

638 305 57 33 thei.
676 305 57 33 xxvi.
714 305 51 33 Quid
746 305 64 33 vultis
790 305 51 33 mihi
822 305 57 33 dare.
860 305 38 33 et
880 305 45 33 ego
905 305 45 33 eum
931 305 57 33 vobis
969 305 70 33 tradam.

642 323 65 33 Tertia
687 323 39 33 ex
706 323 78 33 inuidia.
765 323 52 33 Mar.
797 323 39 33 xv
817 323 71 33 Sciebat
868 323 52 33 enim
901 323 52 33 quod
933 323 45 33 per
959 323 78 33 inuidiam

639 340 100 33 tradidissent
720 340 50 33 eum.
751 340 50 33 Deus
782 340 50 33 enim
813 340 75 33 tradidit
869 340 44 33 eum
894 340 37 33 ex
913 340 56 33 dono.
950 340 56 33 donum
988 340 50 33 enim

645 358 41 32 est
669 358 53 32 datum
704 358 41 32 non
728 358 83 32 reddibile.
793 358 53 32 iudas
829 358 41 32 pro
852 358 65 32 munere.
900 358 59 32 iudaei
941 358 36 32 in
953 358 65 32 sacrifici

637 374 39 34 um
657 374 91 34 illibatum.
729 374 39 34 ad
749 374 46 34 hoc
775 374 52 34 ergo
807 374 98 34 designandum
886 374 78 34 sacerdos
945 374 59 34 facit
984 374 52 34 tres

644 394 60 32 cruces
686 394 54 32 super
723 394 67 32 hostiam
771 394 42 32 cum
795 394 54 32 dicit
831 394 48 32 haec
862 394 48 32 dona
892 394 48 32 haec
922 394 60 32 munera
965 394 48 32 haec
989 394 36 32 san-

645 411 39 33 cta
668 411 77 33 sacrificia
728 411 72 33 illibata.
783 411 50 33 quasi
816 411 83 33 commemorans
883 411 50 33 illam
916 411 83 33 traditionem
982 411 44 33 quam

646 429 46 31 deus
675 429 52 31 fecit
710 429 35 31 ex
727 429 52 31 dono:
762 429 52 31 iudas
796 429 40 31 pro
819 429 63 31 munere.
865 429 58 31 iudaei
906 429 35 31 in
923 429 87 31 sacrificium
987 429 40 31 illi-

646 447 58 32 batum:
687 447 63 32 singuli
733 447 52 32 autem
767 447 35 32 ad
784 447 58 32 mortem
825 447 69 32 scilicet
876 447 63 32 crucis.
922 447 46 32 haec
951 447 52 32 trina
980 447 40 32 tradi

645 465 42 32 tio
669 465 47 32 tunc
698 465 71 32 incepti.
752 465 42 32 cum
776 465 59 32 filius
817 465 36 32 ex
835 465 65 32 decreto
883 465 42 32 dei
906 465 59 32 patris
948 465 36 32 ex
966 465 71 32 consilio

644 482 66 34 spiritus
693 482 60 34 sancti.
737 482 38 34 nec
759 482 38 34 non
781 482 33 34 ex
797 482 60 34 proprio
841 482 82 34 beneplacito
907 482 60 34 beniens
951 482 88 34 hierosolimam

649 501 89 32 semetipsum
718 501 76 32 exposuit
775 501 82 32 passioni.
839 501 44 32 Qui
864 501 76 32 exponens
921 501 38 32 ad
940 501 51 32 quid
971 501 63 32 venit.

645 518 58 34 dixit
683 518 52 34 Joh.
716 518 52 34 iii.
748 518 39 34 Si
768 518 84 34 exaltatus
832 518 58 34 fuero
871 518 32 34 a
884 518 65 34 terra:
929 518 58 34 omnia
968 518 65 34 trabam

646 535 36 34 ad
664 535 71 34 meipsum.
717 535 42 34 hoc
741 535 53 34 autem
777 535 65 34 dicebat
824 535 89 34 significans
895 535 42 34 qua
919 535 53 34 morte
955 535 53 34 esset
984 535 42 34 clari

640 553 82 35 ficaturus
703 553 57 35 deum.
741 553 44 35 vel
766 553 51 35 haec
798 553 51 35 tria
830 553 51 35 dona
861 553 63 35 munera
906 553 63 35 sancta
950 553 89 35 sacrificia

649 571 79 34 illibata:
710 571 36 34 ad
728 571 85 34 indiuiduam
795 571 85 34 trinitatem
862 571 55 34 cuius
898 571 55 34 opera
935 571 73 34 indiuisa
990 571 49 34 sunt

651 589 64 35 possunt
697 589 69 35 referri.
749 589 46 35 quae
778 589 46 35 tota
807 589 69 35 tradidit
859 589 52 35 ipsum
894 589 35 35 ad
911 589 64 35 mortem:
957 589 35 35 vt
975 589 46 35 tota
998 589 23 35 re

649 607 62 33 dimeret
694 607 39 33 nos
717 607 28 33 a
728 607 50 33 morte
761 607 39 33 per
784 607 56 33 ipsum.
834 607 45 33 Nota
862 607 45 33 ergo
890 607 45 33 quod
918 607 50 33 donum
951 607 39 33 est
974 607 62 33 dantis:

647 625 52 33 munus
682 625 92 33 accipientis:
757 625 86 33 sacrificium
826 625 86 33 offerentis.
895 625 52 33 pater
930 625 52 33 dedit
964 625 58 33 filius
999 625 23 33 ob

640 643 56 33 tulit.
680 643 68 33 spiritus
731 643 62 33 sanctus
776 643 68 33 accepit:
827 643 62 33 singuli
872 643 51 33 tamen
906 643 68 33 dederunt
956 643 79 33 acceperunt

640 661 85 35 obtulerunt:
708 661 40 35 sed
731 661 51 35 pater
765 661 62 35 dicitur
810 661 62 35 dedisse
855 661 62 35 propter
901 661 96 35 auctoritatem.
980 661 57 35 filius

643 679 72 34 obtulisse
699 679 61 34 propter
744 679 72 34 assumptam
799 679 84 34 humanitatem
866 679 67 34 spiritus
916 679 61 34 sanctus
961 679 72 34 accepisse

645 695 63 38 propter
691 695 91 38 appropriatam
765 695 91 38 benignitatem
839 695 46 38 sive
867 695 102 38 liberalitatem.
953 695 46 38 haec
981 695 51 38 autem

649 715 107 35 gratiosissima
737 715 95 35 liberalitas
813 715 50 35 est.
844 715 50 35 quod
876 715 50 35 deus
907 715 57 35 dedit
945 715 57 35 nobis
983 715 38 35 in
995 715 32 35 do-

642 733 54 35 num:
676 733 47 35 hoc
703 733 75 35 accipit
758 733 34 35 a
771 733 61 35 nobis
812 733 41 35 in
832 733 61 35 munus
873 733 81 35 Sacerdos
934 733 61 35 autem
968 733 54 35 conuer

646 751 44 34 tens
674 751 66 34 sermonem
724 751 33 34 ad
741 751 61 34 patrem.
785 751 61 34 dicens.
829 751 33 34 te
846 751 55 34 igitur
885 751 94 34 clementissime
962 751 50 34 pater
995 751 39 34 etc

639 768 46 35 Sic
666 768 66 35 patris
712 768 105 35 auctoritatem
797 768 79 35 insinuat
856 768 59 35 ipsum
896 768 85 35 solummodo
955 768 72 35 inuocando

648 787 38 35 quem
672 787 67 35 alloquitur
724 787 52 35 tamquam
762 787 67 35 praesentem
815 787 33 35 per
834 787 57 35 gratiam:
876 787 33 35 qui
895 787 52 35 nusquam
933 787 43 35 deest
962 787 33 35 per
976 787 43 35 essenti

646 805 29 35 am
661 805 63 35 potentiam
709 805 29 35 et
724 805 78 35 praesentiam.
787 805 34 35 Per
806 805 48 35 ihesum
840 805 58 35 christum
884 805 48 35 filium
917 805 39 35 tuum
942 805 53 35 dominum
980 805 53 35 nostrum

650 822 32 37 vt
666 822 38 37 per
687 822 43 37 quem
714 822 49 37 sicut
747 822 38 37 per
769 822 76 37 mediatorem
828 822 38 37 dei
850 822 32 37 et
866 822 59 37 hominum
909 822 43 37 Gal.
936 822 43 37 iii.
963 822 32 37 de
979 822 59 37 currunt

646 840 36 35 ad
664 840 42 35 nos
688 840 42 35 dei
712 840 78 35 beneficia
771 840 78 35 confidens
831 840 36 35 in
849 840 54 35 verbo
885 840 66 35 domini.
932 840 72 35 dicentis
986 840 48 35 Joh.

639 859 53 34 xvi.
673 859 40 34 Si
692 859 53 34 quid
726 859 93 34 petieritis
798 859 66 34 patrem
845 859 40 34 in
865 859 66 34 nomine
911 859 46 34 meo
938 859 46 34 hoc
964 859 66 34 faciam

648 875 68 36 vobis.
696 875 89 36 Supplices
764 875 75 36 rogamus
819 875 41 36 ac
840 875 82 36 petimus.
901 875 48 36 duo
928 875 48 36 hic
956 875 82 36 notantur

648 893 34 37 ex
665 893 56 37 quibus
704 893 56 37 petens
743 893 62 37 obtinet
788 893 45 37 quod
816 893 73 37 intendit.
872 893 67 37 scilicet
922 893 73 37 clementia
978 893 56 37 diuina

641 913 43 34 cum
665 913 55 34 dicit
702 913 109 34 clementissime:
793 913 36 34 et
811 913 79 34 humilitas
872 913 36 34 ex
890 913 55 34 parte
927 913 73 34 petentis
981 913 43 34 cum
1000 913 24 34 di

650 930 38 35 cit
671 930 75 35 supplices.
730 930 75 35 pluraliter
790 930 65 35 loquitur
838 930 81 35 significans
903 930 32 35 se
919 930 49 35 vitae
952 930 54 35 omnium
984 930 43 35 oratio

646 948 44 35 nem
671 948 44 35 deo
696 948 87 35 effundere.
764 948 37 35 et
783 948 81 35 accumulat
845 948 56 35 verba
882 948 37 35 de
901 948 87 35 peccatoria
969 948 68 35 dicens:

642 966 65 35 rogamus
690 966 36 35 ac
707 966 71 35 petimus.
761 966 36 35 vt
779 966 42 35 sic
802 966 71 35 geminata
856 966 95 35 postulatione
933 966 59 35 melius
969 966 53 35 obtine-

649 985 38 35 at
668 985 50 35 quod
699 985 82 35 intendit.
762 985 44 35 Uti
787 985 69 35 accepta
838 985 69 35 habeas.
888 985 44 35 hoc
913 985 76 35 respicit
963 985 57 35 diuinum

646 1002 101 36 beneplacitum.
729 1002 36 36 et
747 1002 77 36 benedicas
806 1002 41 36 hoc
830 1002 71 36 effectum
883 1002 95 36 beneplaciti.
960 1002 47 36 haec
989 1002 47 36 dona

652 1020 44 37 haec
679 1020 60 37 munera.
723 1020 44 37 haec
750 1020 55 37 snacta
789 1020 71 37 sacrifica
844 1020 71 37 illibata.
899 1020 49 37 Eadem
932 1020 49 37 autem
965 1020 44 37 sunt
992 1020 44 37 haec

645 1038 43 36 dona
672 1038 59 36 mundera
715 1038 32 36 et
731 1038 75 36 sacrifica.
790 1038 43 36 quae
817 1038 49 36 autem
849 1038 54 36 sacris
887 1038 75 36 offeruntur
947 1038 70 36 altaribus
995 1038 27 36 mu-

646 1057 53 35 nuera
682 1057 71 35 dicuntur
735 1057 36 35 et
753 1057 47 35 dona
783 1057 36 35 et
800 1057 89 35 sacrificia.
872 1057 53 35 vunde
907 1057 53 35 Math.
943 1057 36 35 v.
961 1057 36 35 Si
973 1057 47 35 offere

648 1075 45 35 manus
678 1075 40 35 tuum
703 1075 40 35 ante
728 1075 50 35 altare
764 1075 40 35 etc.
789 1075 30 35 Et
804 1075 40 35 heb.
829 1075 30 35 v.
844 1075 55 35 dicitur
884 1075 30 35 de
899 1075 65 35 pontifice
950 1075 40 35 quod
970 1075 50 35 constitu

647 1091 37 38 tus
668 1091 37 38 est
689 1091 26 38 a
700 1091 37 38 deo
721 1091 32 38 vt
737 1091 58 38 offerat
779 1091 42 38 dona
805 1091 32 38 et
821 1091 74 38 sacrifica.
879 1091 37 38 pro
900 1091 63 38 peccatis
948 1091 48 38 horum
979 1091 48 38 autem
1006 1091 21 38 in

642 1109 68 38 culcatio
693 1109 45 38 piae
722 1109 79 38 deuotionis
784 1109 40 38 est
807 1109 85 38 exercitatio
875 1109 40 38 vel
898 1109 34 38 in
915 1109 74 38 effabilis
966 1109 62 38 commenda-

650 1128 37 37 tio
671 1128 79 37 sacramenti.
734 1128 37 37 non
755 1128 47 37 autem
786 1128 58 37 aliquod
828 1128 68 37 inueritur
880 1128 68 37 vocabulum
933 1128 42 37 quod
959 1128 52 37 tantum
990 1128 37 37 sacra

650 1146 51 37 mentum
686 1146 46 37 digne
716 1146 51 37 valeat
752 1146 71 37 appellare:
808 1146 41 37 nisi
833 1146 41 37 quod
858 1146 51 37 gracae
894 1146 56 37 dicitur
935 1146 86 37 euchari-stia.

649 1164 47 37 quod
678 1164 76 37 exponitur
737 1164 47 37 bona
767 1164 65 37 gratia.
814 1164 70 37 Dicuntur
866 1164 53 37 autem
902 1164 82 37 pluraliter
966 1164 47 37 dona
990 1164 35 37 mune

648 1182 29 38 ra
663 1182 29 38 et
677 1182 73 38 sacrificia.
735 1182 39 38 quia
759 1182 44 38 panis
788 1182 29 38 et
803 1182 44 38 vinum
832 1182 53 38 diuerse
871 1182 39 38 sunt
895 1182 53 38 species
934 1182 87 38 substan-tiarum

646 1199 82 38 priusquam
709 1199 107 38 consecrentur.
797 1199 38 38 et
816 1199 63 38 deinde
860 1199 50 38 sunt
892 1199 69 38 species
942 1199 88 38 specierum.

651 1216 72 40 Dicuntur
705 1216 54 40 autem
741 1216 60 40 sancta
783 1216 36 40 et
801 1216 78 40 illibata:
861 1216 48 40 quia
891 1216 54 40 panis
927 1216 36 40 et
945 1216 54 40 vinum
975 1216 54 40 signifi

649 1234 41 40 cat
672 1234 93 40 sacrosanctum
748 1234 58 40 corpus
789 1234 35 40 et
806 1234 81 40 imaculatum
870 1234 76 40 sanguinem
928 1234 52 40 ihesu
963 1234 70 40 christi.

642 1251 40 41 Non
665 1251 52 41 autem
700 1251 69 41 dicuntur
751 1251 69 41 illibata
803 1251 52 41 quasi
837 1251 57 41 nondum
877 1251 69 41 gustata:
929 1251 40 41 sed
952 1251 57 41 potius
986 1251 40 41 illi-

644 1269 44 39 bata
672 1269 33 39 id
689 1269 39 39 est
711 1269 83 39 immaculata:
778 1269 44 39 quia
806 1269 44 39 sine
833 1269 56 39 macula
872 1269 56 39 cordis
911 1269 33 39 et
928 1269 67 39 corporis
978 1269 61 39 oportet

649 1286 68 40 offerri.
700 1286 68 40 quatenus
751 1286 34 40 et
768 1286 40 40 cor
791 1286 34 40 ab
808 1286 79 40 iniquitate
870 1286 68 40 mundetur
921 1286 34 40 et
938 1286 57 40 corpus
977 1286 34 40 ab
988 1286 40 40 immun

647 1305 50 39 dicia.
682 1305 35 39 vel
702 1305 35 39 sic
722 1305 60 39 secundum
766 1305 50 39 Istud.
801 1305 90 39 distinguuntur.
876 1305 45 39 donum
906 1305 55 39 proprie
945 1305 55 39 dicitur
985 1305 40 39 quod
1010 1305 25 39 a

644 1322 77 41 superiore
703 1322 77 41 inferiori
763 1322 83 41 confertur.
828 1322 53 41 Jaco.
864 1322 36 41 i.
882 1322 47 41 Omne
911 1322 53 41 datum
947 1322 65 41 optimum
994 1322 42 41 etc

645 1341 49 40 Munus
677 1341 44 40 quod
705 1341 33 40 ab
721 1341 71 40 inferiore
776 1341 71 40 superiori
830 1341 93 40 praesentatur.
907 1341 82 40 Sacrificium
972 1341 44 40 quod
994 1341 33 40 crea

643 1359 43 39 tori
670 1359 70 39 offertur:
723 1359 75 39 Insinuatur
783 1359 43 39 ergo
810 1359 38 39 his
831 1359 70 39 vocabulis
885 1359 59 39 tribus.
928 1359 43 39 quod
955 1359 43 39 haec
977 1359 43 39 demon
