2464 4105
428 356 1352 403 dicis suaderetur, ut de animarum salute disponant, in de
425 400 1358 449 sperationis articulum incidunt, unde facilius periculum
430 452 1362 491 mortis incurrunt. Si quis medicus transgressor extiterit,
432 492 1356 544 ab ingressu ecclesiae per episcopum arceatur. Caeterum ci
428 546 1358 579 anima sit multo pretiosior corpore, b sub interminatione
431 582 1347 626 anathematis, prohibemus nequis medicorum pro corpo
431 622 1357 667 rali salute aliquid aegro suadeat, quod in periculum ani-
432 668 1364 719 mae convertatur, ut omnia haec probantur, infra eod. § cum
433 708 1338 756 infirmitas Si presbyter ad infirmum vocatus non debet p
439 748 1359 803 nitentiam denegare, alioquin reus erit animarum, intel-
444 795 1362 842 ligas, quo ad presbyterum: nam infirmus in contritione
428 837 1360 882 salvabitur, ut notat. supra eo. § quibus, & quot dietis, sub § illud
437 886 1352 930 autem, & quia Dominus dicit. Quacunque die conversu
435 925 1352 972 fuerit peccator ad poenitentiam, vita vivet, & non morie
432 968 1356 1019 tur, vera enim confessio in ultimo tempore potest esse. 20
440 1027 1364 1069 quaestio. 6 si presbyter, & capit cognovimus, & capit. presbyter.
434 1053 1349 1105 & iunge quod notat. infra eodem quae impediant, sub § desp.
438 1107 1355 1158 rator, versicul. tertium. Infirmo tamen non est injungenda
437 1154 1373 1203 poenitentia, sed innotescenda quantitas & qualitas, ut sic
440 1196 1349 1235 dicat sacerdos. Si tu esses sanus, talem poenitentiam deb.
448 1231 1364 1279 res agere, & usque ad tale tempus, sed quia infirmus es, nen
432 1276 1355 1317 injungo, dico tamen tibi, quod si decesseris facias talem e
444 1316 1374 1365 leemosynam, sive iniungas haeredibus tuis, quod ipsam
435 1357 1353 1410 faciant pro hac paenitentia, & nos authoritate Domini nc
435 1404 1348 1453 stri Jesu Christi, & Beatorum Apostolorum Petri & Pa-
434 1446 1364 1499 li, & sanctae ecclesiae, & officii nobis commissi, & nostra
440 1500 1364 1551 absolvimus te ab his peccatis, & aliis, de quibus non recor
437 1546 1358 1586 daris, & si sic moriatur, est amicorum orationibus & elec
438 1580 1366 1636 mosynis adjuvandus, oleo ante mortem perungendus, &
446 1619 1368 1670 sacro viatico reficiendus, probantur haec 26. quaestio. 7. ab in-
447 1668 1354 1722 firmis. Si autem convalueris, iterum humiliter confitearis
450 1711 1373 1763 vel nobis vel alii de licentia nostra, & facias paenitentiam,
440 1763 1364 1815 quae tibi fuerit injuncta, ut in dictoc. ab infirmis, & 50. dist. e
451 1799 1370 1843 his 26 q. 7. si quis de corpore, & cap. sequent. Et si tales decedant
446 1852 1362 1894 contriti, vel cum certis signis contritionis, etiam post mor
452 1884 1370 1931 tem absolvuntur ab ecclesia id est absoluti fuisse in contri-
441 1929 1368 1970 tione ostenduntur, sic potest intelligi infra de sent. excom.
446 1980 1359 2027 nobis 2. & ut oblatio pro talibus fiat. 26 quaestio. 6. siquis fue
446 2010 1361 2059 rit mortuus, ut & notat infra eodem sub rubric. de remiss. § qua
441 2058 1364 2114 possit, versicul. sed & vivis. Idem multo fortius fiert debet, I
446 2109 1374 2147 dum omissum fuit, pro presbytero obmutuit: vel amens
444 2147 1368 2195 factus est, antequam presbyter veniret: dum tamen habe-
452 2188 1371 2235 at de signis testimonium, qui forte tendebat manus ad
444 2232 1359 2275 caelum, percutiebat pectus: dicebat, Miserere mei Deus
449 2282 1371 2331 esto mihi propitius, E. Maria ora pro me: vel simile quid,
446 2318 1370 2374 multo fortius si nutum faciebat, cum presbyter advenis
456 2361 1362 2411 set, talibus enim & extrema unctio & eucharistia mini
453 2405 1365 2451 stranda sunt, & quicquid humanitatis potest fieri, exhi
451 2450 1374 2505 bendum, & si evaserint, paenitentiam faciant ad arbitrium
453 2493 1367 2554 sacerdotis, 26 quaestio. 6. qui recedunt, & c. praeced. & tribus cap
446 2536 572 2594 sequent.
460 2580 1358 2667 Qualiter sacerdos se debet habere erga conf-
907 2627 1362 2684 tentem. * Et quidem primi
456 2676 1370 2714 considerare oportet, utrum sit parochianus suus, & tunc
444 2708 1370 2766 ipsum audiat, vel extraneus: & tunc ipsum remittat, nisi
450 2766 1375 2818 in casibus quos no. supra eo. §. cui confitendum sit, respon. 1. Ex
456 2801 1374 2852 quo autem debet, vel potest audire confessionem, doceat
459 2844 1361 2899 eum de forma confessionis, & primo consideret unde est
441 2889 1356 2931 & ubi fuit nutritus, ubi conversatus: & si videt eum sim
443 2933 1365 2981 plicem vel idiotam, doceat eum Pater noster, & Ave Ma
444 2980 1372 3022 ria, & Credo in Deum, si nescit: vel moneat ut addiscat: &
450 3016 1359 3070 doceat etiam ipsum qualiter debet confiteri: dicendo ei
446 3059 1368 3119 Hi tot & tales sunt articuli fidei tuae, vide si in his unquam
452 3108 1373 3154 erraveris, vel dubitaveris malo modo & perseveranter, nam
430 3151 1370 3203 secundum Stephanum, Dubius in fide c infidelis est. supra
436 3192 1374 3243 de haeret. c. 1. Dicat etiam, Haec sunt mandata, legito: vide si
441 3231 1371 3278 servaveris, ut si in eis unquam offenderis, postea descendat
447 3281 1361 3336 ei ad septem mortalia peccata, de quibus no. sup. eo. § quib
444 3321 1377 3369 & inf. eo. § quae interrogationes. sub § de superbia, & seq. Doceat
445 3364 1374 3425 & ipsum formam confitendi, ut nec peccatum, nec circun-
441 3404 1376 3457 stantias celet, infra eodem De is qui & no. supra eo. § qualis, sub
444 3449 1380 3512 §. integra, vers. perdam, & seq. Dicat etiam ei, quod humiliet
444 3506 1368 3552 se, & ponat ad pedes ipsius, & si sit faemina, instruat ipsam
432 3540 1372 3592 quod semper sedeat ex transverso, nec faciem ipsius respi-
438 3580 1377 3633 ciat, quia, sicut dicit Abacuc, facies mulieris ventus urens,
435 3619 1365 3666 & secundum doctrinam quae traditur Osae 2 auferat for
426 3673 1368 3707 nicationes a sua facie & adulteria sua de medio verbo
429 3694 1371 3763 rum suorum. Exinde moneat ipsum ad confitendum: pri-
1421 358 2345 411 mo pio ac dulci ac suavi eloquio inducendo ad compun-
1412 396 2345 451 ctionem & confessionem: & proponat ei beneficia, quae
1413 451 2330 490 contulit sibi Deus creando, & recreando animae aeternita
1412 484 2330 538 tem, vitae breritatem, mundi mutabilitatem, fallaciam de
1417 531 2343 578 ceptionem, Christi pietatem, qui non venit propter iustos,
1411 580 2339 627 sed propter peccatores: sicut patet in Petro & Paulo, & la-
1412 619 2351 666 trone, de quibus invenies satis nota supra eo. quibus & quat
1416 659 2338 718 dietis, sub § quae inducunt, § si vero adhuc, & specialiter passi-
1421 704 2337 755 onem, de qua Hier. in Thre. Ovos omnes, qui trasitis per
1419 748 2336 807 viam, &c. Item, Recordare paupertatis & transgressionis
1415 788 2333 846 meae, absinthii & fellis. Esat. 49. Nunquid oblivisci potefl
1408 835 2336 882 mulier infantem suum, ut non misereatur filio uteri sui-
1412 880 2333 929 & si oblita fuerit illa, ego non obliviscar tui, ecce in mani
1409 930 2346 978 bus meis descripsi te, muri tui coram oculis meis semper
1421 964 2339 1014 Dicat & alia, de quibus no. infra eo. § quae inducunt. Iterum
1412 1009 2342 1059 dicat ei, Si totum quod commisisti, & vere confitearis, si-
1419 1064 2352 1109 ne dubio remittetur tibi culpa: & ego absolvam te a paena.
1419 1097 2346 1146 de paen. dist. 1 verbum Dei dimitut peccatum, & sacerdos est ju-
1418 1141 2340 1194 dex, in quacunque hora, &c. de poen. dist. 7. c fin. sunt enim sa-
1413 1196 2345 1242 cerdotes vicarii Jesu Christi, & habent claves regni caelo-
1416 1235 2345 1289 rum, & absolvunt ante diem judicii, de poen. distinct. 3. inter
1415 1279 2345 1322 haec hircum 2. ad idem. 11 questio. 3. absit. Sed & nimiam vere-
1413 1318 2351 1363 cundiam auferat ei, dicens, quia non confitetur homini,
1414 1359 2335 1420 sed Deo, & ideo si nunc detegit, Deus teget in die judicii. I-
1416 1399 2345 1450 tem, si confitetur nihil celans, absolutionem obtinebit: si
1409 1451 2346 1498 negat veritatem, condemnabitur, ei etiam tantum credes
1415 1492 2348 1537 sine testibus quod totum contrarium est in foro conten-
1413 1535 2342 1590 tioso, in hoc tamen conveniunt, quod in utroque credi-
1406 1580 2345 1641 tur cuilibet contra se. Sed & si dicat sibi, quod si timet ve-
1421 1632 2349 1682 recundiam hominis unius, major verecundia sequetur in-
1416 1668 2345 1725 de: quia velit nolit, quicquid celaverit, oportebit eum con-
1419 1713 2343 1756 fiteri in conspectu totius celestis curiae & amicorum & i-
1412 1764 2339 1811 nimicorum tuorum, de poen. dist. 1. § ex his, versitu. nunt auten.
1413 1795 2330 1859 si recorderis peccatorum tuorum, & iunge quod nota. infra eo-
1418 1852 2341 1899 quae imvediant. sub § pudor. & supra eodem § qualis sub § amara.
1418 1887 2348 1943 versicul. primum. Si nec si proficiat, addat de penis inferni-
1422 1933 2344 1974 Soph. 1. Vox Dei domini amara tribulabitur ibi fortis, dies
1418 1970 2342 2019 illa, dies ira, &c. Esa. 13. Unusquisque ad proximum suum
1415 2013 2348 2073 stupebit, facies combustae vultus eorum, & junge quod
1412 2068 2351 2118 no. supra eod. § qualis, sub § festina. & infra eodem § quae mdu-
1412 2108 2342 2161 cunt hominem. Si vult confiteri, procedat in interrogatio
1415 2148 2352 2194 nibus, sicut no infra eodem § quae interrogationes, ut sic ab ore
1412 2195 2336 2235 suo extrahat quod forsitan ignorat: aut verecundia du
1416 2236 2342 2282 ctus occultat: nam clavus apertionis, est sermo interroga
1422 2278 2349 2341 tionis & correctionis, quia increpando culpam detevit,
1418 2309 2358 2377 quam saepe nescit is qui perpetravit. 43. distinctio. sit rector.
1427 2363 2345 2424 Adsit autem benevolus de vitiis ad virtutes paratus eri-
1412 2412 2345 2467 gere peccatorem, & ad onus secum portandum offerat
1418 2452 2347 2509 se paratum, ut nota. supra eodem § in quo tenetur sacerdos, sul
1429 2495 2348 2555 § 2. tenetur. versicul. sed & tenetur, & per totum. Hanc igi-
1427 2554 2347 2594 tur dulcedinem in affectu pietatis non terreat, quia tan-
1427 2587 2348 2636 tum affligitur iustus, quantum amat, unde Apost. Quis
1421 2634 2350 2682 infirmatur, scilicet peccando, & ego non infirmor, scilicet
1418 2670 2352 2723 compatiendo, 7. quaestio. prima. § sed tunc observandum, ca-
1429 2713 2346 2771 veat tamen, ne ipsum indiscrete absolvendo propter ni
1428 2759 2342 2815 miam forte pietatem, cum haec contritio non exigat: quis
1421 2804 2355 2858 nec tanta est, ut abutatur judiciaria potestate: de poen. dist. 6.
1416 2844 2345 2911 qui vult confiteri. Non tamen intelligas, quod omnia haec su-
1428 2887 2345 2954 periora & inferiora semper ad unguem servanda sint. Sed
1427 2941 2354 2990 discretus sacerdos, secundum quod qualitas personae &
1423 2981 2345 3035 verborum exiget, eliget quod sibi necessarium videbitur,
1415 3016 2348 3074 vel utile: hoc enim scribimus ad instructionem simplici-
1431 3076 1682 3123 um sacerdotum
1420 3148 2357 3235 POst poenitentiam injunctam moneat ipsum, ut honeste
1464 3204 2346 3251 vivat, ius suum unicuique tribuat. ff. de iustit. & jur. leo.
1426 3236 2351 3295 1 quia secundum Gregor. summum bonum in rebus est,
1418 3285 2360 3338 & c. 12 q. 2 devotissima. Item moneat paenitentem, quod vitet
