2523 4106
531 338 1450 398 DEluxuria sic. Commisisti fornicationem: quae est, quan
584 381 1446 433 do solutus secularis cognoscit solutam, non virginem
525 427 1464 475 nec religiosam Commisisti stuprum, quod est, virginem
519 468 1464 519 desl rare. Commisisti adulterium, quod est cognoscere
522 501 1446 547 conjugatam, vel cognosci ab uxorato. Commilisti ince
519 548 1455 603 stum, quod est, quando cognoscitur consanguinea, vel af-
531 589 1458 634 finis carnalis, vel spiritualis, vnde & ad religiosas personas
524 637 1455 691 extenditur. Peccasti contra naturam: quod est, quando a-
518 679 1451 733 liter cognoscitur mulier, quam natura requirat, quemad
513 721 1444 771 modum quilibet naturaliter novit: & cum ipsum natur
523 771 1446 811 exponat omnis alius, quicunque sit ille, est contra naturam
516 819 1449 865 quos modos nec volo scribere, nec consulo quod reveles
518 861 1454 898 vtno sup. eo. § respo. 1. ver. no quod dicit, sed sic caute dicas. Tu
518 897 1448 941 bene scis modum, qui naturalis est: accidit unquam tibi a
522 941 1454 987 liter pollutio: si dicat quod non, nihil ultra quaeras: si dicat,
516 988 1461 1041 quod sic, quaeras, utrum dormiendo vel vigilando: si dicat
525 1038 1449 1075 dormiendo, quaeras utrum cum muliere, vel sine muliere
518 1070 1448 1126 quam concupivisset, vel alia: & an nimis diebus praeceden
522 1117 1448 1163 tibus bibisset, vel comedisset, & quantum est temporis, quoc
521 1160 1445 1203 sibi non acciderat: quia si semel in mense accidat tantum
527 1199 1458 1258 potest praesumi pollutio naturalis, & talis non est timenda,
530 1244 1448 1305 quod dic, veplene no. sup. de adul. § quae sit poena lenocinii, vers.
512 1281 1448 1347 in si. videndum est, & seq. Si vero dicat, quod vigilando acci-
512 1340 1442 1388 dit sibi pollutio: quaeras, utrum sine muliere, si dicat, quoc
516 1374 1451 1426 sic, quaeras quomodo. Sin autem dicat, quod cum mulie-
513 1420 1442 1467 re, quaeras utrum extra vasa, vel intra, & quomodo, & si
515 1464 1448 1515 caute procedas, ne ipsum aliquo modo de modo instruas.
513 1507 1449 1554 sed potius ab ore ipsius extrahas, qui commisit. Sed & non
516 1549 1434 1594 solum de operibus, imo, & de locutionibus, nutibus, & co
518 1594 1434 1654 gitationibus & aliis similibus quaeri debet, dicas ergo, Com
512 1636 1436 1688 cupivisti unquam aliquam mulierem in corde tuo concu
509 1685 1448 1740 piscentiae consentiendo, quod mortale est. Incitasti unquam
506 1734 1437 1771 aliquam ad libidinem per te, vel per alium vel ostentatio
506 1766 1443 1819 nem sui, vel ornamentorum tuorum, sicut faciunt aliquae
519 1812 1445 1859 mulieres, etiam propter hoc specialiter plus quam propter
513 1857 1440 1905 Deum ad ecclesia, & processiones euntes, & per vicos cho-
515 1900 1431 1946 rizantes. Risisti unquam, vel cantasti, vel nutum fecisti a
504 1943 1437 1994 licui mulieri, vel ipsa tibi cum intentione istius peccati
510 1996 1433 2035 committendi. Incitasti unquam te, cum non appeteres
509 2032 1427 2091 comedendo electuaria calida, vel aliquo alio modo, ad li
506 2076 851 2123 dinem exercendam:
534 2157 1436 2208 Ixisti unquam mendacium, vel verbum ociosum pro-
515 2182 1430 2259 L aliqua muliere habenda, hic tamen notandum, quoc
510 2244 1428 2292 secundum Aug. octo sunt genera mendaciorum, de quibus
507 2292 1431 2339 no. sup. de iureju. § quot comites, ver. dicit tamen sequentibus verum
504 2342 1432 2396 ex verbis Aug. ibi positis traditur magistraliter alia distin-
507 2380 1418 2427 ctio brevior & planior, quoniam mendaciorum aliud per
507 2425 1434 2475 niciosum, sive malignitatis, aliud officiosum sive pietatis,
510 2468 1431 2514 aliud iocositatis, 22 q. 2. ne quis. Perniciosum mendacium
513 2511 1428 2555 comprehendit in se prima, quinque genera, per Aug enu
502 2552 1422 2602 merata. 22 q. 2 primum, officiosum vero tria genera ultim:
501 2600 1431 2651 per eundem Aug. ibi enumerata, & additur de jocoso. Sed
504 2644 1425 2690 nonne quodlibet mendacium mortale est: ita videtur Ps
504 2684 1424 2731 Perdes omnes, qui loquuntur mendacium, item, Os quoc
501 2732 1428 2778 mentitur, occidit animam. Aug. nec artificioso medacio,
504 2772 1430 2819 nec simplici verbo oportet quenquam decipere, quia
504 2808 1428 2859 quolibet modo mentitur quis, occidit animam. Ad hoc
501 2860 1413 2900 dicas cum Aug quod omne mendacium est peccatum, 22 q
492 2904 1424 2946 2 mihi, non absurde videtur omne quidem mendacium esse
491 2943 1413 2998 peccatum. Aliquando tamen est mortale, aliquando ve
498 2994 1410 3045 niale, perniciosum. n. peccatum id est, quod nocet proxi
492 3033 1412 3075 mo, de quo sup. nota. ver perniciosum, semper est mortale. 22
495 3076 1416 3128 q 2 primu, e. ne quis. Mendacium vero officiosum id est quod
489 3112 1409 3163 nulli nocet, & prodest alicui, de quo no. sup. eo. versi officio
485 3166 1409 3218 sum, & iocosum, similiter veniale est in homine imperfe
492 3208 1400 3250 cto, secundum omnes. 22 q. 2. ne quis. Si quaeras, quod pec
487 3253 1413 3294 catum sit majus officiosum mendacium, an jocosum, in
480 3292 1407 3347 hoc est dissensio, quidam enim dicunt, quod majus est of
486 3338 1412 3387 ficiosum: quia fallit proximum: licet non noceat, quod non
486 3379 1419 3425 facit jocosum, alii autem dicunt, quod officiosum minus
474 3425 1410 3468 est: quia prodest alicui quod non facit jocosum. Sed nun-
483 3475 1407 3516 quid in perfecto homine omne mend acium peccatum mor-
471 3509 1413 3554 tale est: Dicunt quod officiosum mortale est perfectis, jo-
478 3554 1410 3611 cosum vero veniale. si quaeras ab eis quare jocosum non est
471 3592 1413 3642 mortale eis sicut officiosum: cum primum scilicet jocosum
453 3633 1413 3683 qu. id non est mortale nulli prosit: secundum vero scilicet
449 3677 1397 3747 officiosum prosit, respondent: quia jocosum non sit ex a
1508 324 2424 378 nimo: nec per ipsum homo intendit alium decipere: secus
1505 372 2420 419 in officioso. Alii dicunt, quod mendacium officiosum: sic
1511 413 2423 466 ut & jocosum in homine perfecto veniale est: sed tamen
1511 467 2412 519 gravius est, quam in imperfecto homine: & haec opinio hu-
1511 502 2424 548 manior est, secundum Ray. prima tamen tutior est, ar. 5. dist.
1505 552 2414 603 ad ejus vero concubitum. Quod aunt dictum est de jocoso me
1511 590 2425 635 dacio, intelligas, quando non dicitur ad fallendum: quia no-
1517 640 2427 683 yit ille cui dicitur jocandi causa fuisse dictum, sic innuit
1503 685 2430 736 Aug. 22. q. 2 ne quis. Hoc etiam intelligas, nisi forte dicatur
1508 724 2417 771 ex quadam placentia, seu delectatione, seu frequentia al
1500 764 2427 810 sueta, sicut faciunt mimi & joculatores, & eis similes: nam
1505 810 2426 864 tunc potest dici mortale: & tunc vere habet locum quod
1514 851 2432 899 de omni verbo ocioso, &c. Aug. Nullum peccatum adeo
1503 907 2422 952 veniale, quod non fiat criminale, dum placet. 25. dist. § alios
1496 940 2417 986 Homo autem perfectus dicitur religiosus, qui ex toto re
1500 990 2424 1044 nunciavit mundo pro Christo: Matth. 19. si vis perfectus esse
1502 1028 2423 1075 a vade & vede omnia quae habes, & da pauperibus & c. mul
1496 1075 2438 1129 to fortius Episcopus, qui sicut dignitate praecellit, sic etiam
1497 1115 2430 1163 religione & sanctitate debet aliis praeeminere, infr. de voto,
1502 1161 2436 1215 ex mulcta. resp. 1 ad fi. Alii intelligunt illum esse perfectum, qui si
1497 1203 2433 1259 moreretur, statim ad aeternam patriam convolaret Quod
1499 1247 2438 1299 si quis mentiatur alicui causa placentiae, seu adulationis,
1502 1291 2435 1338 videtur moi tale, ve patet in his quae no. sup. eo. ver. hoc etiam
1500 1339 2428 1389 intelligas, sed contra dicit Aug. ponens tale peccatum in-
1503 1380 2430 1424 ter veniala, ve patet in his quae no. sup. eo. § de quibus peccatis,
1494 1419 2427 1475 sub § tu dicas ver. quae autem dicantur. Solu. Trib. modis dici-
1496 1460 2439 1521 tur quis adulari. Primo, attribuendo alicui bonum, quod
1497 1514 2442 1566 non habet, hoc dicunt quidam mortale: alii veniale, potest
1503 1551 2427 1602 dici mortale in mimis, & similibus sici. t apparet in his qua
1498 1602 2436 1643 not. sup. eo. versicul. hoc etiam, in aliis vero quibus hoc forte
1499 1637 2435 1693 perraro, & ex erentu accidit veniale. Secundo, approban
1500 1682 2408 1730 do malum, quod habet quis & hoc secundum omnes sem
1490 1729 2417 1786 per est mortale, b arg. 82. dist. error, infra de sentent. excommu.
1497 1772 2426 1827 quanto, & ad haec duo membra comprobanda facit quod
1496 1813 2430 1859 legitur. 22. quae. 2. primum. 46. dist. sunt nonnulli, & cap clericut.
1490 1859 2415 1906 Tertio, super exaltando bonum quod habet: & hoc est ve
1484 1912 2418 1957 niale. & sic intelligas dictum. Quid si quis quaerat ad me
1490 1947 2423 1993 hominem latitantem in domo mea, intendens eum occi-
1485 1989 2429 2045 dere, nunquid debeo mentiri, c & dicere quod nescio ubi
1488 2029 2426 2077 sit: videtur dicere Aug. quod in hoc casu mentiri non de-
1487 2077 2426 2138 beo, nam secundum ipsum, nullus etiam ad sempiternam
1487 2123 2414 2162 salutem est, opitulante mendacio, deducendus, idem ne
1494 2171 2402 2225 quis arbitretur perfectum, & spiritualem hominem pre
1478 2211 2406 2259 ista temporali vita, morte cuius sua vel alterius non occidi
1485 2253 2409 2299 tur anima, debere mentiri, sed taceat ut sic neque prodat, ne-
1487 2297 2406 2345 que mentiatur, neque occidat animam suam pro corpore
1492 2340 2405 2388 alterius. 22 q. 2. ne quis. Isidorus. Omne genus mendacii sum-
1485 2382 2402 2428 mopere fuge, nec qualibet fallacia vitam alicuius defendas
1497 2428 2400 2486 ave mendacium in omnibus. 22 quaestio. 2. omne. August
1478 2472 2397 2515 Periculosissime admittitur haec compesatio, ut nos facia
1480 2516 2412 2571 mus aliquod malum, ne alius malum gravius, faciat 13 dist.
1479 2557 2403 2603 quod ait. Et hoc tenent plerique doctores. Alii dicunt in ta-
1478 2603 2406 2650 li casu mentiendum esse. Ray. scripsit, quod sic debeo pro-
1488 2651 2403 2706 cedere. Primo debeo tacere, sicut docet Aug. 22. q. 2. nequis.
1491 2691 2403 2746 & hoc quoniam nullum in taciturnitate mea video peri-
1485 2734 2409 2778 culum imm inere, alioquin si periculum imminet, puta quia
1482 2789 2407 2835 ex hoc convincit quaerens, quod intus sit ille quem quae-
1484 2820 2400 2867 rit, debeo me transferre, si possim, ad aliam materiam, in-
1479 2866 2413 2915 terrogando eun: de aliquo alio facto 43. dist. in mandatis: vel
1479 2915 2408 2966 possum respondere aliquod verbum aequivocum: puta
1472 2964 2414 3002 non est hic. 1 non comedit hic: vel aliud simile, sed huic com-
1469 3004 2421 3043 tradicunt supradictae authoritates, & maxime authoritas
1476 3037 2418 3090 Isidori. Dicas, quod sic possum respondere. Si talem
1484 3084 2408 3134 quaeris, curre quam citius illuc: ita tamen quod osten-
1473 3123 2411 3178 dam ei aliam viam, quam fugiens teneat: vel alium locum,
1478 3181 2411 3230 quam intraverit latens, & dica ei, quod nisi cito currat, for-
1476 3221 2406 3266 te non poterit ipsum consequi, nec etiam invenire, vel sic:
1469 3261 2400 3317 Frater, multi intrant domum istam, & exeunt, quos ego
