2510 4152
210 436 1134 507 su potest revelare talibus, qui non possint obesse, caute ta-
207 491 1135 556 t::en, non specificando personam, arg. in his quae not. infra
209 540 1131 602 eod. § sed quid situ. arg. 22 q. 5 hoc videtur. ubi hoc innuit Aug.
207 574 1135 642 sed si tale sit, quod non possit revelari sine confessionis
216 621 1140 683 proditione, nisi de consensu confitentis fieret, necesse est
216 662 1128 730 ibstinere: ut in dc. tenetur igitur hoc secretum tenere sa-
210 708 1122 772 cerdos, adeo, quod consulimus ei bona fide, quod nec ver
206 743 1138 810 bum, nec signum, nec nutum, nec gestum: inde faciat nec
207 787 1132 862 in genere, nec in specie, & hoc est contra multos, qui inde
207 831 1125 898 ludunt, & rident inter se dicentes. Hodie audivi talem con-
204 872 1126 939 fessionem, & licet non nominent specialiter, tamen dicunt
209 924 1122 987 quidam miles, vel quidam comes, vel quaedam mulier com-
195 971 1133 1033 misit tale peccatum, & cum sint in loco, ubi audierint, &
202 1010 1118 1082 ubi est persona, sic narrant omnia, quod aliqui circumstam
204 1058 1126 1125 tes conjecturant quid velint dicere. sicut vidi aliquoties
204 1091 1126 1163 de facto, sed non refert, utrum res proprio vocabulo ex
200 1140 1117 1204 primatur, vel digito, vel caeteris circumlocutionibus o-
192 1180 1116 1258 stendatur ff. si cert. pet. certum est. supra de consanguin. tua. su-
200 1229 1113 1301 pra de test. licet ex quadam & propter hoc multi sicut exper
189 1276 1121 1333 ti sumus retrahuntur talibus confiteri. caveas ergo, quod
194 1316 1119 1379 ex quo aliquid scis in confessione de caetero non loquaris
182 1354 1118 1420 inde incaute, quia lingua de facili labitur, & in multilo-
192 1404 1116 1466 quio peccatum non deerit, maxime autem hoc caven-
186 1446 1116 1515 dum est, quando circumstantia nimis propinqua est: sicut
185 1492 1109 1562 notatur supra eodem, §. qualis. sub §. discreta. versicul fallit au-
180 1533 1110 1601 tem hoc nisi forte requiratur a te, quod iustitiam facias de
180 1579 1110 1649 peccatore, ubi potes excommunicare illum qui commi-
176 1623 1109 1683 sit, quamvis tibi confessus fuerit, sed sine aliqua determi-
173 1668 1093 1725 natione, supra de offic. ordn. sacerdos. alias autem etiam e
185 1709 1101 1786 piscopo tuo non debes hoc specialiter revelare, quamvis
179 1763 1105 1819 noc tibi sub poena excommunicationis praecipiat. supra de
183 1796 1108 1860 exces. praelat. dilectus. nam in hoc maiores ipso. cum geras
180 1844 1109 1906 vices Dei, argument. supra de offic. delegat. sane. quia unde
174 1883 1104 1946 non teneris ei obedire. 21. distinction. inferior. Aliqui etiam
171 1919 1100 1990 sunt, qui non credunt peccare, quando dicunt, Optime
173 1973 1095 2035 confessus est talis: sed & hic potest esse periculum, quid
174 2012 1101 2086 ad te, Deus scit, & nullus alius: ergo nisi ipsemet qui con
161 2053 1101 2123 fessus est, producat in testem, taceas, & secundum hoc in-
162 2100 1091 2163 tellige supra de sin nemo. & de frig. & malefic c. fin. §. tabi. post.
167 2148 1093 2208 modum per presbyterum, de cujus parochia vir existit:
162 2182 1085 2251 fecistis inquiri: subaudi tu de plano a vicina, nec intelli-
162 2233 1086 2299 gas, quod de confessione sibi facta aliquid debeat revela-
162 2280 1085 2335 re, ut supra not. Sed quid si nescis dare consilium peccato-
158 2316 1092 2387 ri: in hoc casu tantum licitum est tibi a peritiore confili-
162 2364 1090 2427 um caute petere, ergo tutius est, in omnibus abstinere:
156 2412 1087 2475 excepto eo, quod notatur supra eodem. § respons. 1. & hoc est
170 2452 1099 2520 juod dicit Concilium generale, infra eod. omnis. §. ulti. ubi
162 2499 1089 2560 lic habetur. Caveat autem omnino, ne verbo, vel signo,
152 2539 1086 2600 aut aliquovis modo prodat aliquatenus peccatorem, sed
156 2573 1089 2658 si prudentiori consilio indiguerit, illud absque ulla expres-
150 2620 1086 2700 sione, peracute requirat. quoniam qui peccatum in poe-
134 2660 1087 2730 nitentiali judicio sibi detectum praesumpserit revelare, a
147 2715 1086 2779 non solum a sacerdotis officio deponendum decernimus.
161 2756 1089 2826 rerum etiam ad agendam poenitentiam perpetuam in ar-
150 2794 1082 2869 ctum monasterium detrudendum. In quo saltem subau-
159 2836 1086 2907 li, silentium tenebit. supra de statu monach. cum ad monasteri
145 2892 1086 2948 um § in oratorio, sed contra de poen. distinct. 6. sacerdos. ubi di-
143 2934 1071 3011 cit, quod omnibus diebus vitae suae ignominius peregri
137 2972 1077 3043 nando pergit. aliqui dicunt, quod illud correctum est
146 3019 1074 3084 per Concilium generale, vel dic, quod illum faciet omnibus
138 3066 1078 3130 diebus quibus poenitentiam aget. 30. q. 1. si quis sacerdos. qua
143 3109 1068 3170 completa in monasterium detrudetur, secundum Conci-
137 3140 1071 3218 lium generale. Quid si aliquis confitetur se incidisse in
138 3185 1078 3267 haeresim. & alia peccata commisisse, a quibus vult cessare,
129 3237 1069 3307 non tamen ab haeresi. vel vult recedere, sed non vult socios
123 3283 1074 3352 nominare timens proditionem, vel perjurium, quia forte
129 3316 1068 3398 juravit non revelare, vel revelat, sed non vult, quod pres-
111 3355 1069 3434 byter detegat quid faciet sacerdos: dicunt quidam, quod
129 3404 1069 3474 debet adire Episcopum, & dicere ei: custodi vigilias super
134 3459 1063 3522 oves tuas, quia lupus est in grege. Alii dicunt, quod potest
132 3489 1059 3560 hoc revelare tali, qui possit prodesse, & non obesse. argu
122 3540 1059 3607 12. q. 5. hoc videtur. ad fin. tutius est, quod primi dicunt. Quid
120 3576 1064 3651 si quis tibi confiteatur, quod dormivit in ecclesia cum ali-
130 3627 1057 3691 qua muliere, nunquid debes hoc episcopo denudare: non-
132 3676 1059 3732 nisi forte mulier hoc publice confiteatur ubi quidam ad
122 3708 1059 3778 instantiam ejusdem super hoc testificare poteris, quo ad
125 3751 1059 3818 ipsam, dum tamen celes nomen adulteri, sic intelligi po-
120 3802 1059 3867 test supra de adulb. significasti. nec obst. quod ecclesia semine
1193 465 2130 552 polluta reconcilianda est, quia illud potest intelligi, quan-
1200 504 2122 596 do est diffamatum, alias presbyter, qui hoc scit tanquam
1187 545 2126 639 Deus, potest ibi salva conscientia celebrare, argu. infra de
1196 591 2120 676 sent. excom. cum non ab homine. vel dic, quod tutius est, ut hoc
1196 644 2128 722 reveles in genere episcopo, sic dicendo: Talis ecclesia eget
1188 685 2131 771 reconciliatione, non quaeratis a me ultra. argum. in dicta
1182 728 2117 810 decret. significasti. & supra de offic. ordin. si sacerdos. nam in ta-
1186 764 2116 843 libus non consueverunt testes induci. & decr. loquitur in-
1190 811 2116 899 distincte. supra de consecra. eccles. vel alt. si ecclesia. de hoc not.
1191 853 2119 946 upra de consecr. dist. 1. §. & ansit iteranda. versic. & hoc quod prae-
1185 896 1354 955 missum est.
1184 989 2116 1067 SEcundo tenetur sacerdos orare, & eleemosynas impen-
1218 1027 2110 1116 dere, & alia bona facere, pro illo, qui peccata sua sibi com-
1182 1067 2109 1154 fessus est, ut de poen. distinctio. 6. qui vult confiteri. nam secun-
1182 1115 2110 1207 dum Alex. Papam & Martyrem, sacerdotes, populi pec-
1175 1164 2108 1250 cata comedunt, quia suis precibus ea delent, & consumunt,
1179 1210 2109 1291 qui eo citius exaudiuntur a Domino, quanto fuerint me-
1175 1261 2107 1339 liores. 3 q. 1 nulli. 1. q. 1 ipsi sacerdotes. de poen. distin. 3. inter haec
1164 1289 2104 1380 hircum. 16. qu. 1. sunt nonnulli. in fin. Debet etiam sacerdos. in
1164 1340 2097 1427 principio missae ante canonem consecrationis orare, pro-
1163 1388 2100 1468 vivis, qui sibi confessi fuerunt, in primo memento. & post
1163 1428 2106 1498 canonem orare pro mortuis, si sibi confessi fuerunt in se-
1157 1474 2103 1555 cundo memento, dicente beato Augu. Non sunt praeter-
1170 1515 2091 1594 mittendae supplicationes pro spiritibs mortuorum, quas
1169 1551 2090 1634 faciendas pro omnibus in Christiana & catholica societa-
1154 1604 2090 1680 te laudamus, & ideo loco competenti, scil.t in dictis memen-
1160 1643 2092 1724 to, sicut dictum est ecclesia Deum deprecetur, ut de consec.
1151 1693 2095 1763 distinct. 1. visum. Sed & saepe debet ipsum visitare, non ne-
1157 1732 2094 1809 gligere, ut sciat quomodo poenitentiam continuet, & eum
1155 1780 2090 1862 confortet & informet, secundum ea quae not. supra eod. §
1151 1821 2093 1903 qualiter sacerdos. sub §. post poenitentiam. & seq. & §. quae indu-
1155 1868 2088 1950 cunt hominem. & si forte aliquod occurrit dubium, peritio
1152 1908 2081 1987 rem consulat, caute tamen, secundum doctrinam. sup. eod.
1151 1956 2080 2035 respons. 1. caveat etiam, quod hoc praetextu non frequenter
1149 1996 2083 2079 mulieres, nec ipsas in loco secreto suspecto aliquatenus
1152 2035 2085 2122 visitet, nam periculosa esset talis visitatio & suspecta. un-
1147 2079 2084 2163 de Lucius Papa, Clericus solus ad foeminae tabernaculum
1148 2124 2076 2197 non accedet, nec properet, neque sine majoris natu sacer-
1155 2158 2079 2245 otis iussione, nec solus presbyter cum sola foemina fa-
1150 2207 2083 2290 bulas immisceat, nec Archidiaconus sub praetextu humi
1145 2246 2081 2339 litatis, aut officii frequentet inter domicilia matronarum,
1146 2300 2081 2379 aut forte per clericos aut domesticos matronae mandent
1148 2336 2088 2427 aliquid secrete, si agnitum fuerit, & ille deponatur. & illa
1139 2377 2084 2467 a liminibus ecclesiae arceatur. ut 81. distinct. clericus solus. &
1149 2420 2065 2508 lunge quod not. supra de eo qui cogno consanqum. uxor suae §
1133 2476 2078 2555 quot modis. Sed tenetur sacerdos ei, qui sibi confessus est
1140 2521 2072 2595 compati, & sic egeat pro ipso onus poenitentiae supporta-
1133 2564 2068 2643 re, & eum relevare. arg. supra de praesumpt mandata. & 50. di-
1140 2596 2069 2687 stinct. ponderet. ubi dicit, Aiter alterius onera portate, & sic
1133 2651 2073 2729 adimplebis legem Christi. unde & Clementi ait beatus
1131 2686 2062 2774 Petrus. Clemens si tanquam omnibus praeesse volueris,
1132 2731 2062 2810 singulos, prout poteris, juva, & singulos releva. qui & sin-
1128 2781 2063 2851 gulorum onus ac solicitudinem portas. 8. q. 1. Clemens o sa-
1137 2830 2055 2899 cerdos. non negligas hoc, sta succinctus lumbos tuos, invi-
1130 2868 2057 2948 gila super oves tibi commissas, ora & jejuna pro caeteris
1125 2917 2065 2988 frequenter, & cum devotione sacrifica, labora, opus fac-
1125 2952 2055 3026 Evangelistae & Apostoli dicentis, plus omnibus laboravi,
1133 2996 2054 3072 & cum omnia bene feceris, dic tantum te servum inuti-
1128 3040 2066 3123 lem, incumbit tibi onus gravissimum: nec solum tibi, sed
1128 3083 2060 3155 & multis aliis oportet te subvenire: & necesse est, ut la-
1118 3127 2054 3209 borum poenitentis sis particeps, qui & ejusdem debes cor-
1134 3179 2045 3253 rectionis gaudio consolari: de poen. distinct. 6. capit. 1. ad fin
1127 3217 2057 3291 & iunge quod not. supra eod. §. qualiter sacerdos. respons. 1
1127 3269 2046 3330 vers. adsit autem benevolus, & omnem ijactantiam caveas
1119 3301 2059 3386 sicut dicit Ambros. & Gregor. 6. q. 1. immutare. & cap. sunt
1134 3348 2055 3427 lurimi. Caveas etiam, ne ipsum forsan propter horro-
1131 3397 2050 3472 em peccati tibi confessi plus solito vilipendas, cum ipsum
1128 3442 2047 3506 olus ex hoc diligere debeas, nec ab aliquo de caetero debe-
