2554 4151
199 476 1140 530 Si vero periculum immineret in revelatione marito facien-
210 533 1134 579 da, sicut pro majori parte praesumendum est, & filius pu-
202 564 1137 619 tativus sit homo simplex, & spiritualis & timens Deum,
201 619 1145 667 recepto juramento a muliere, quod hoc non proponit
207 663 1143 706 malitiose, & a filio, quod secretum teneat, si hoc tamen vi-
213 702 1128 747 derit expedire, poterit hoc in fecreto filio revelari, & indu
216 751 1140 795 cendus erit, vel intret religionem, vel ad remotas ultra
210 783 1133 836 mare, vel alibi se transferat regiones, & de haereditate ni
204 836 1129 882 hil habeat, vel contingat, & sic quo ad satisfactionem hae
200 876 1131 929 reditatis, mulier similiter est in tuto. Sed nunquid tene
201 915 1134 962 tur filius de consumptis bona fide: Non puto. argum. C. d
201 961 1133 1015 rei vend. certum est, mulier tamen tenetur, sicut no. supra eod
206 1003 1137 1059 ver seq. Quod si filius non est talis, nec vult credere mulie-
212 1052 1145 1102 ri, neque consilio sacerdotis acquiescere, vel ei periculum
218 1090 1133 1140 est revelare, tunc nullum restat remedium, nisi quod mu-
205 1132 1133 1182 lier si proprium habeat, his qui ab intestato venirent, vel a
209 1182 1134 1234 liis scriptis haeredibus quo ad valorem partis istius putav
209 1227 1139 1275 filii aestimationem, per eum consumptorum satisfaciat
218 1260 1127 1311 competenter, vel si tales non extant, faciat inde eleemo
207 1305 1142 1361 synam de Episcopi dioecesani consilio, & consensu, sicut
210 1357 1143 1404 nota. simile inf. eo sub § quid de praedam ementibus. ver. quod si non
201 1392 1143 1457 potest reperiri dominus. Verum si proprium non habet, vel
212 1447 1137 1495 non potest ad plenum satisfacere, doleat de peccato, pro-
207 1478 1133 1542 ponens firmiter in mente, quod quam cito poterit, satisfa-
203 1524 1139 1573 ciet iuxta posse. satisfactio etiam, si facultas satisfaciendi
210 1568 1133 1615 adest, caute fiat per eundem sacerdotem scilicet vel aliam
206 1612 1140 1659 interpositam personam, quae & caute hoc sciat facere, vi-
212 1653 1131 1707 delicet sic dicendo, quaedam persona tenetur vobis intan-
203 1703 1137 1747 tum. Ecce ego vobis reddo, accipiatis quod vestrum est,
213 1744 1141 1799 vel si non potest satisfacere mulier, poterit dicere quaeda
203 1797 1129 1844 persona, tenetur vobis intantum paenitet multum de pec-
207 1829 1137 1886 cato, supplicio pro Deo & salute animae vestrae, quod ei
213 1882 1131 1934 remittatis. sic intellige. infra eo. officii. & arg. 22. q. 5. hoc vide-
216 1920 1138 1971 tur. super quo ride quod not. sup. de usur § qua poena sub §
219 1966 1126 2016 ilia a ju. ver. quid si fenerator partem pecuniae. & seq. & praeced
206 2004 1127 2050 in hoc tamen distingui potest, sicut no. inf. eod. sub § sed qua
213 2045 1137 2099 forma servanda est ver. quid si is, qui tenetur restituere. & seq. Sed
209 2089 1130 2135 & considerare debet sacerdos qualitatem personae, cui hoc
207 2138 1128 2178 dicet. nam si forte super hoc esset fama, vel is cui dicit, hoc
200 2180 1130 2225 aliquam malam suspicionem posset habere de muliere,
206 2222 1134 2278 propter quod forte ad dominum terrae recurreret, & i-
213 2260 1131 2321 psam faceret ponere in tormentis, melius esset tacere, &
206 2300 1131 2365 contritio sufficeret mulieri. arg. 22 q. 2 ne quis Illud etiam
206 2348 1133 2401 caveat omnino sacerdos, ne hoc revelet judici cuicunque
206 2395 578 2459 sup. de exces. prael. dilectus
239 2476 1130 2541 Uid de naufragiis: & quidem talia possunt occupari
228 2523 1133 2571 Rit salva fiant, & domino reddantur, sicut consuevit.
206 2564 1130 2619 notat. supra de accus. cum dilecti. est tamen totum restituen-
213 2612 1127 2659 dum. ff. de incend. rui. nau. I. si quis ex naufragio. non obstan
201 2661 1140 2699 te contraria consuetudine, vel statuto, & idem de rebus
203 2700 1137 2754 peregrinorum in hospitiis mortuorum, quod dic, ut not.
206 2748 1130 2800 supra de rap. sub rubric. de incendia. § contra quem & §. inquan-
206 2790 1121 2842 tum. & § qua poena. & supr. de peregrinantibus. §. & quo privile
206 2836 1139 2888 gio. versiculo. de privilegiis. & sequent. De pedagiis vero dic, ut
209 2884 1128 2931 not. supra de censi. §. ex quibus causis. ver. exactiones autem peda-
206 2916 441 2979 giorum. & seq.
227 3004 1120 3066 Uid de quaestis, & taleis: & quidem si appareat instru
219 3046 1127 3090 nentum inde factum, quando dominus colonis con
208 3089 1125 3136 cessit praedia, sicut aliquoties fieri consuevit, pacta servan-
209 3133 1120 3191 da erunt. supra de pact. Antigonus, nam & quilibet in tradi
203 3175 1128 3227 tione rei suae potest pactum apponere. supra de condi. appo
200 3229 1130 3267 verum. 18. q. 2. Eleutherius. & si de his quae certa sunt aliud re-
195 3263 1122 3314 tinuerit subditus, vel subtraxerit, vel diminuerit, vel cela
194 3308 1134 3355 verit, ex certa scientia, debet tanquam fur & latro ad re-
195 3349 1128 3396 stitutionem faciendam induci. idem intelligas, quod si in-
195 3395 1131 3444 strumentum non extet, tamen antiqua talea, & certa si sci-
198 3437 1129 3495 tur, vel creditur probabiliter, quod ab initio ex iusta causa
195 3481 1126 3533 fuerit imposita, secundum Ray. quod dic, ut not. sup. de censi
194 3532 1130 3585 §. quis census. Si vero non est dictum, quota talea fiat, sed in
197 3569 1128 3619 definite dictum est, quod dominus in tali homine, vel tal
189 3621 1134 3670 casamento possit taleam facere, intelligi debet modera-
197 3654 1124 3711 tam, considerata facultate hominis seu casamenti, arg. sup
200 3706 1140 3754 de censi. cum Apostolus. § sin io. q. 3 § si ff de leg. 3. si filiae ff. de iure
202 3749 1131 3787 dot quaero. C. de nup. si furiosi. & si de hoc habet dominus lae
198 3783 1124 3835 sam conscientiam, inducatur ad restitutionem facien
205 3829 1129 3884 dam. Quid si subditus non exactus, tacite, vel expresso, si-
1188 492 2122 538 ne fraude & dolo, aliquid ultto domino obtulerit: Licite
1187 532 2126 576 recipit dominus, nec tenetur ad restitutionem. arg. 28. dist.
1185 580 2123 621 de culogiis. 1. q. 2. placuit. licet enim exigeretur, honeste tamen
1197 621 2115 676 tecipitur ff. de var, & extraord cog. l.1. §. est quidem res sanctissi-
1191 660 2127 715 ma. super. de simo. dilectus filius A. in fi. & c. & si quaestiones. § si. Si
1196 709 2117 762 vero violenter ultra exigit, dominus ad restitutionem te-
1188 748 2114 797 netur. 4. q. 6 si res. & patet in his quae not. sup. quot met. caus
1194 784 2121 851 § qualiter retractetur. ver. item per constitutiones, & seq. Quid si
1191 840 2118 888 difficilis sit restitutio, quia forte tot exigit dominus, & prae-
1191 873 2120 925 decessores sui, quod si venderet quicquid habet, ad restitu-
1191 918 2131 971 tionem non sufficeret, scripsit Ray. quod potest ei mederi
1191 961 2124 1010 hoc modo, quod remittat hominibus in recompensatio-
1189 1011 2129 1069 nem aliquam servitutem, ad quam tenentur ei in perpo-
1185 1052 2118 1098 tuum, vel det aliquam certam immunitatem, seu liberta-
1191 1097 2130 1138 tem, vel faciat inde aliquod hospitale, vel aliam eleemo-
1184 1135 2119 1194 synam, cum consensu & voluntate damna passorum, vel
1197 1185 2123 1227 uccessorum eorum, super quo ride, quod no. supr. de usu-
1185 1236 2126 1276 ris. §. qua poena. sub §. alia a judice. versi. quid si senerator agtem
1197 1276 2126 1322 pecuntae. & sequent. Quid de militibus qui nihil percipiune
1184 1314 2124 1355 ab hominibus suis, nisi taleas: Hoc vix credibile est, secun-
1198 1354 2120 1402 dum Rayn. quin ad minus percipiant domini iustitias &
1203 1400 2126 1451 avalcatas, & similia, si tamen ita est, dicit Rayn. quod de
1197 1447 2118 1494 voluntate hominum esset aliquid certum statuendum,
1197 1486 2111 1538 quod eis darent in signum dominii, ne alias penes tales
1196 1538 2127 1579 milites inutile & vacuum nomen dominii remaneret. ar-
1194 1572 2114 1619 18. quae. 2 Eleutherius. 1 qu. 3. si quis obiecerit. Quod si dubitetur
1194 1619 2120 1669 quid vel quantum debeat esse illud, recurrendum est ad
1197 1662 2115 1703 consuetudinem vicinorum. argum. supra de offi. arch. ca fin.
1200 1700 2123 1756 supra de censi super eo. c. in ecclesus. cap. di. contra morem. & si
1193 1743 2115 1806 diversae sunt consuetudines, illa eligenda est, quae melius
1191 1791 2121 1841 portari potest, sine gravamine subditorum. argum. supr. de
1190 1835 2115 1890 consue. cum olim. in fi. sup. de censi. ex parte. ff. de leg. 3. nummis ff.
1194 1874 2119 1934 de regul iur. semper. & hoc intelligas tunc verum, nisi forte
1187 1923 2118 1975 domini ex aliqua causa vendidissent, vel donassent, vel re-
1185 1971 2114 2010 misissent id quod in talibus hominibus consueverant per-
1194 2010 2120 2056 cipere, & habere, nam si hoc esset, nnllus dandus esset vpe-
1196 2053 2109 2109 gressus suas remittentibus actiones ff. de redhi. ac. quaenitur
1184 2096 2112 2143 §. si venditor. & no. sup. de renuncta. §. quis renunciare. Item hoc
1191 2145 2120 2187 est intelligendum verum esse, nisi non subditus contra
1194 2179 2120 2242 damnum praescripsisset libertatem, ut patet in his quae no-
1185 2221 2121 2273 sup. de immunitate ecclesiarum. § a quibus muneribus versi. ego pu-
1188 2269 2118 2321 to. & de praescriptionibus rerum immobil. § quae exigantur. sub §.
1193 2316 1331 2363 quartum,
1217 2400 2107 2458 Uid de rapina, vel praeda. ad evidentiam hujus quae
1193 2436 2120 2497 stionis no. Ray. quod quinque requirantur ad hoc, ut
1181 2477 2114 2533 bellum sit iustum scilicet persona, res, causa, animus, & au-
1182 2532 2115 2587 thoritas. Persona, scilicet habilis ad pugnandum, ergo o-
1191 2574 2115 2623 portet quod sit secularis, cui licet sanguinem effundere,
1182 2622 2121 2667 nam clerico non licet. 23. q. 8. clerici. & c. his a quibus, nisi in
1188 2661 2124 2706 necessitate inevitabili, quod dic, ut no. sup. de homici. §. quae
1197 2702 2111 2746 oena. ver. sin autem suit inevitabilis. Res, ut scilicet sit pro re-
1184 2746 2108 2795 bus repetendis, vel defensione patriae. 23 q. 2. c. 5. & q. 3 forti-
1179 2788 2105 2834 tudo. & q. 8. si nulla. Causa, puta si propter necessitatem pu-
1182 2833 2106 2884 gnetur, ut per pugnam pars acquiratur. 23. q. 1 noli. Ani-
1182 2883 2114 2934 mus, ut non fiat propter odium & ultionem, vel propter
1184 2916 2112 2970 cupiditatem, sed ad correctionem, & propter charitatem,
1175 2964 2108 3014 justitiam, & obedientiam. 23. q. 1 quid culpatur. & ca. militare
1188 3007 2103 3062 non est delictum, sed propter praedam militare, peccatum est
1182 3050 2112 3106 Authoritas, ut scilicet fiat ecclesiae authoritate, praecipue
1190 3093 2104 3139 ubi pugnatur, pro fide, vel authoritate principis. 23. q 1 quic
1185 3137 2108 3195 culpatur. & q. 2. c. 1 Sed quia per hoc non plenem instrueris de
1192 3179 2106 3226 iusto bello, recurre ad id quod not. sup. de treu. & pa. §. quid
1187 3219 2102 3267 sit justum bellum. Hoc tamen teneas, quod is qui iuste pu-
1182 3262 2103 3319 gnat, non tenetur ad restitutionem praedae, sed sit capien
1184 3309 2118 3353 tis, ut ibi not. & probatur dist. 1 jus gentium. 23. q. 7. si de rebus.
1187 3351 2115 3395 & hoc intelligas, sive capiatur de rebus injuste pugnantis:
1191 3392 2106 3437 sive valitorum, vel hominum suorum quousque isti pu-
1185 3438 2103 3483 gnanti debito suo injuria, vel offensione illata, vel damno
1182 3490 2102 3537 dato sibi, vel suis, & interesse suo sit juxta propriam & sa-
1191 3531 2103 3571 nam conscientiam plenarie satisfactum: vel donec hostis
1193 3574 2114 3618 paratus sit satisfacere, vel se juri pariturum offerat. illos
1188 3613 2103 3659 autem intelligas suos, qui plus hominem, quam Deum ti-
1181 3655 2107 3699 mentes, sequuntur dominum suum in bello illicito, con-
1191 3705 2105 3754 tra id quod legitur 11 q. 4. lulianus. &c. dominus alios. qui aunt
1191 3749 2099 3787 non praestant consilium, auxilium, vel favorem, non cre-
1190 3787 2106 3829 dimus puniendos, quia poena suos debet tenere authores,
1190 3828 2114 3883 &c. sup. de his quae fiunt a majo. par. capituli quaesivit 66. dis satis
