2525 4156
166 492 1088 538 est superbia, non vana gloria, quae omnem virtutem eva
180 532 1078 578 cuat, non amore pecuniae, quae tanquam venenum est fu
165 579 1089 625 gienda, non amore parentum, ne eos in vita corrodani
165 622 1082 667 tanquam muscae, morientes, & eos post mortem despici
170 669 1084 715 ant, dicentes, Benefecit mihi, melius facere potuit, ut de
165 706 1095 751 aliis, quae silere curialius est, taceamus. Sed die noctuque
164 750 1082 803 non cessent virtutibus instruere, ut probat authoritas Isi
173 793 1085 842 dori. 23. distin his igitur. l. patrum, & Amb. 12. q. 1. cui portio Deu
162 837 1076 883 est. 86. distin non savis. Tales ergo si delinquant, per senten
165 884 1086 940 tiam removeantur, & sine spe restitutionis deponantur
162 932 1083 994 supra de cler. non residentibus in ecclesia, vel praeb. cap. ex gestis, a
171 969 1079 1014 exemplum Luciferi. de poen. distinct. 2. principium. Confite
164 1013 1096 1070 ri autem debent Papae, e sine cuius licentia non possunt
167 1052 1076 1102 testamentum condere, nec etiam mutationem facere, se
168 1093 1085 1146 cundum consuetudinem Romanae ecclesiae, quae servan-
162 1142 1083 1187 da est. supra de sent. & re judicat. in causis. Alii dicunt, quod
156 1187 1098 1234 diaconus confiteatur presbytero: presbyter episcopo:
168 1228 1086 1282 episcopi omnes priore episcoporum: prior Papae. arg. os
162 1276 1085 1319 distin. a subdiacono. Tertii dicunt, quod poenitentiario Pa-
170 1317 1092 1364 pae ar. 93 dist. c. sin. 94. dist. c. 1. Tu dic, quod si absens est causa
161 1344 1091 1418 legationis, potest eligere confessorem, arg. infra eod. ne pro
163 1401 1085 1451 dilatione. si praesens est, disting. inter peccatum publicum
155 1448 1085 1498 ut illud confiteatur Papae, & occultum, ut illud sufficiat
162 1491 1085 1536 domini Papae poenitentiario confiteri, quo ad salvationem
153 1540 1076 1593 animae, non tamen, quo ad dispensationem, quam poeni
165 1580 1085 1624 tentiarius facere non potest, nisi de speciali mandato Pa-
167 1625 1089 1684 pae, sicut euria tenet: sed & tutius puto, quod quilibet a
158 1652 1086 1715 Papa licentiam habeat, ut sibi possit eligere confessorem.
155 1715 1080 1768 cum tales eidem subsint immediate: argu. infra eod. omnis
162 1756 1091 1808 exceptis episcopis, qui omnes in hoc sunt privilegiati, infr.
156 1803 1080 1854 eod c. fin. quo ad occulta peccata, non publica: ut patet it
161 1834 1085 1889 his, quae not. sup. eod. §. utrum poenitentia. sub §. his praelibatis.
142 1924 1082 1978 Ui capellani & curiales, qui sunt de familia domini Pa-
164 1960 1082 2022 pae Poenitentiario suo, non alii. hi vero qui sunt cum
158 2005 1091 2070 singulis cardinalibus possunt de licentia domini sui, qui
165 2053 1071 2107 ipsorum curam habet de consuetudine curiae, etiam ali
162 2101 1079 2146 confiteri. arg. 6. q. 3 placuit. & 6. q. 3. c. 1 infra eod. omnis. Sed &
153 2147 1077 2195 poenitentiario domini Papae possunt omnes sine aliqua li-
152 2188 1074 2235 centia confiteri: ut probant concord. signatae. supr. eod. su
159 2228 648 2283 §. cui Cardinales. vers. tertii dicunt
161 2300 1073 2374 ui * Patriarcha. quidem si peccatum suum publicum
216 2364 1071 2424 est, gravius est puniendum, quam in inferioribus, quis
146 2407 1074 2461 tales tot moribus digni sunt, &c. secundum Greg. 11. qu. 3
151 2448 1065 2498 praecipue. supra de voto magnae. §. 1. & in hoc casu debet a so
150 2485 1070 2547 lo Papa puniri. unde Gregor. quaedam de primate nostre
150 2539 1076 2587 Clementino ad nos perlata sunt, quae nullo modo debent
141 2581 1061 2627 sub silentio praeteriri, nec totum corpus, quod absit mor
153 2620 1059 2684 bus invadat, si languor in capite curatus non fuerit. 2. q. 4
155 2664 1059 2716 §. sicut inquit. & Innocent. III. punit Patriarcham Antio
150 2718 1064 2763 chenum, supra de translat. episcop. c. 1. Lelasius & Foelix Con-
150 2750 1064 2802 stantinopolitanum. 24. q. 1. Achacius. Nicolaus Bituricen
146 2800 1065 2852 primatem pro eo, quod judicabat clericos Narbon. 9. q. 3
150 2851 1065 2891 tapitul. quaestus. & Leo Dioscorum Alexandrinum Patri-
142 2892 1059 2939 archam, pro eo, quod non servabat tempora in ordinibus
141 2933 1055 2979 conferendis. 67. distinction. quod a patribus. & consecratio
141 2979 1053 3021 ne episcoporum. eadem distinct. quod die. celebratione mil
134 3015 1053 3066 sarum, de consecrat. distinct. 1. nosse. & in aliis multis, 24. qu. 1
138 3058 1054 3120 beatissimus. & Innocent. III. de falsitate reprehendit Hie
134 3108 1049 3166 rosolymit. supra de his, quae siunt a praelat. quanto. & c. praece-
131 3146 1052 3203 & Gregor. Ix. Patriarcham Graden. eo quod contra ca
134 3197 1061 3255 nones exegerat juramentum a Castello episcono, supra de
132 3232 1058 3283 majorit. & obedien. dilecti filii. De talibus similibus specta
138 3284 1047 3341 correctio ad solum Papam, in occultis vero potest sibi eli
131 3325 1052 3374 gere confessorem, infra eodem. c. fin. & nisi sit in curia, qui-
131 3372 1047 3418 tunc debet confiteri poenitentiario, secundum quosdam
131 3403 1049 3459 Breviter dicas, quod episcopi, & superiores, etiam nor
134 3459 1058 3497 exempti, & inferiores episcopis, exempti in occultis pec-
128 3502 1041 3558 catis etiam gravibus & publicis levibus, regulariter pos
125 3536 1049 3593 sunt sibi eligere etiam sine superioris licentia providum
132 3582 1050 3635 & idoneum confessorem, infra eod. ne pro dilatione. licet ali-
128 3636 1049 3683 qui ipsam intelligant in exemptis, & remotis tantum: di-
127 3676 1053 3722 centes, quod illa dictio exemptis, determinat illam epi-
116 3713 1046 3771 scopis, & superioribus. Sed male notaverunt mentem il-
122 3753 1052 3804 lorum verborum, & non illius superioris: nam si intel-
122 3795 1051 3859 lexisset de exemptis tantum, non dixisset superioris, sed
116 3844 1050 3898 servi servorum. infra de sent. excomnm. relatum. in fin. vel sedis
1135 502 2063 564 Apostolicae. arg. supr. de sim. cap. antep. infr de sent. excom. non
1136 547 2058 604 dabium & c. nuper. sed dixit superioris, ut quo ad exemptos
1133 580 2051 656 includeret se: quo ad non exemptos, alios superiores, arg
1131 633 2054 697 supra de elect. ne pro defectui. nec obstat, quod dicit in princ
1148 670 2055 731 decre. nepro dilatione, quia illa causa fuit compulsiva, non fi
1140 723 2064 777 nalis, sicut & infr. eo. cum infirmus, §. 1 ff. de postulan. §. sextum,
1131 765 2057 826 versic. origo. Est enim hoc speciale privilegium episcoporum,
1137 799 2053 867 sicut & illud. supr. de privil. quod nonnullis, & in auth. d. n. ex
1137 844 2061 906 tra, de sent. excom. quia periculosum. causa autem finalis in
1146 892 2064 954 periculum animarum, quod plerunque, imo frequenter
1138 940 2058 991 cuilibet episcopo imminet, puta visitat dioe. occurrit ex
1143 980 2057 1034 communicatus, quem forte de facili vitare non potest
1145 1027 2078 1090 quin ei in aliquo participet, ligatur minori tam ipse, quam
1140 1070 2076 1133 capellanus suus, quis enim cesebraret missam, si episco-
1142 1109 2077 1171 pus non posset sibi eligere confessorem sine archiepiscopi
1133 1157 2072 1209 sui licentia: non capellanus, non episcopus, quia non ab-
1133 1196 2071 1251 soluti sine gravi peccato hoc facere non possent. supra de
1134 1244 2066 1307 cler. excom miss. si celebrat. nec absolvi possunt, nisi a proprio
1136 1279 2060 1339 sacerdote. infra de sent. excom. c. nuper. retardabitur ergo ot
1137 1323 2064 1385 ficium episcopi, qui scienter non debet cum hoc peccato
1139 1372 2068 1434 celebrare: igitur hoc ut evitetur, periculum permittitur.
1134 1420 2075 1466 quod possit sibi eligere confessorem: quo facto, unus al-
1136 1454 2066 1515 terum absolvere potest, infr. de sent. excomm. duob. & intelli-
1143 1499 2057 1563 gas, quod talem sibi debet eligere, qui non sit excommu
1140 1550 2081 1611 nicatus, & qui catholicus habeatur: ut patet in his, quae no-
1131 1589 2070 1655 supr. eod. § quis debet confiteri. versic. nunquid ergo tempore ne-
1133 1636 2073 1699 cessitatis. & cum hoc episcopis superioribus non exemptis.
1134 1676 2064 1744 nec non & inferioribus exemptis per speciale privilegium
1134 1717 2066 1785 concedatur, non puto ipsum expirare, etiamsi quis ad cu-
1136 1756 2067 1827 riam Romanam accedat. 25. q. 2. §. 1 &c. seq Alius autem in-
1129 1798 2063 1876 ferior hoc sibi usurpare non debet, sup. de privil. sane. quam
1134 1852 2053 1911 vis hoc possit quilibet a suo judice per speciale privilegium
1137 1887 2057 1946 sive per specialem licentiam sibi concessam sine literis im-
1127 1933 2065 1997 petrare. infra eod. omnis, vel Papa, arg. supra de cleri non residert.
1120 1987 2063 2043 fraternitati. 6. q. 3. cuncta. & c. per principalem, & patet inf. eod.
1125 2032 2050 2083 c. fin. 16 qu. 1. per venit. aliter nullus debet confiteri extranec
1130 2059 2057 2131 sacerdoti, sed proprio tantum. Ut tamen scias tres esse
1123 2110 2064 2179 personas, quibus immediate subjecta est quaelibet anima,
1134 2144 2058 2219 scilicet Papam, dioecesanum, & proprium sacerdotem, ut
1121 2196 2055 2259 not. supra de offic. archipresb. §. quae pertnent. vers. 8. & sequen.
1127 2236 2055 2306 & alteri istorum semper oportet confiteri, non alii extra-
1128 2282 2049 2347 neo: nisi in casibus, quos not. supra eod. §. respon. 1 vers. tu die
1128 2326 2060 2388 quod sacerdos, & seq. In publicis autem & gravibus suo pro-
1122 2376 2058 2435 prio tantum sacerdoti confiteri oportet, ut not. supra eod.
1131 2415 2051 2474 sub § cui Cardinales, in judicio autem contentioso nulli cre-
1124 2458 2046 2518 di debet sine probatione, unde non judicabo aliquem, nis
1125 2494 2057 2557 delegatione sui judicis certus sim. supra de foro comp. signifi-
1118 2549 2054 2610 casti. supra de offic. delegat. cum in jure. ideoque citra sedem
1113 2596 2040 2649 Apostolicam non poterit Patriarcha puniri: & sic loquum
1112 2625 2048 2699 tur concor. inductae, supr. eod. sub §. respon. 1. in poenitentiali
1121 2675 2042 2738 vero credam cuilibet, si dicat se habere licentiam a suo ju-
1114 2719 2051 2778 dice, & ipse ne mentiatur caveat: quia de hoc ipso poeni-
1113 2764 2048 2819 tentiam agere debet, secundum ea, quae not. supra eod. §. re-
1115 2806 2049 2875 spons. 1. vers. tu tamen dic referre. & §. qualis. sub §. discreta versic.
1107 2856 2045 2906 item cavere debet. Sed quam potestatem habet confessor e-
1106 2886 2051 2963 lectus ab episcopo: videtur, quod illam quam habet epi-
1106 2932 2040 3003 scopus in subditum, quo ad absolutiones peccatorum: er-
1113 2981 2042 3038 po nec super irregularitate secum poterit dispesare in ca-
1110 3009 2035 3090 sibus qui ad Papam pertinent, quia in electione, quam facit
1106 3068 2033 3137 non potest sibi amplius concedere potestatis, quam ipse
1113 3109 2042 3172 habeat ff. de reg. iur nemo. nec obst. si dicas talem confessorem
1113 3156 2043 3225 ordinarium pro eo, quod a lege videtur recipere hanc po-
1110 3196 2041 3267 testatem, facta electione per episcopum. inf. eo c fin. quia talis
1106 3251 2021 3298 jurisdictio semper succedere videtur loco illius, quem ha
1104 3285 2028 3359 bet is qui eligit, ergo ejusdem naturae debet esse. argu. ff. s
1101 3335 2037 3387 quis cau. si eum § qui injuriarum. C. de jud. apertissimi. ad fin. Sed
1103 3381 2030 3435 contra, quia episcopus & exemptus eligit sibi confessorem
1106 3413 2031 3475 de licentia Papae, infr. eo fin. ergo confessor electus ridetur
1106 3455 2033 3514 habere eande potestatem, quam Papa habet. nam & si de li-
1113 3507 2034 3562 tentia proprii sacerdotis eligam mihi confessore secundum
1104 3556 2019 3611 consilium. inf. eod. omnis iste electus habet potestatem, & vi
1100 3595 2033 3651 ces gerit proprii sacerdotis: ergo sicut & in quibus casibus
