2512 4172
417 429 1352 474 de accus. §. quis sit effectus, sub §. sed nunquid. ut in sumna seq.
434 475 1350 515 Quadragesimum, quia impugnant exemptos iniuste, ne
429 504 1352 560 servant eorum privilegia. 16. q. 1. frater noster. supra de privi
441 552 1361 618 leg. dilecti. & capit. quanto. Quadragesimum primum, quia
437 596 1349 650 ligant & absolvunt sine causae cognitione, unde diversa
437 644 1356 698 poenas pati debent: 24. q. 3. de illicita. infra de sentent. excom
428 692 1368 740 sacro. sicut enim quosdam oratia favoris sublimant sic
433 715 1359 787 plerunque alios invidiaque humiliant. 15. q. 7 c.1. Quadra
431 781 1348 829 gesimum secundum, quia in conviviis non faciunt leg
437 826 1352 867 sacras lectiones. 44. distin. pro reverentia. nam dum corpu-
438 864 1365 910 diversis ferculis reficitur, nisi lectione retrahatur, lingua
432 903 1361 957 in detractationibus relaxatur: ut dicit Greg. in Moralibus
434 948 1353 1001 lib. 1. & ad idem, 4 4 distinct. convivia. & capit. praeced. Qua
437 997 1364 1036 dragesimum tertium, quia in ecclesia, vel dum in publico
435 1035 1355 1089 prodeunt, indumentis lineis non utuntur, & pallia ha
432 1072 1364 1131 bent diffibulata contra concilium generale. supra de vita
437 1124 1359 1175 & honestate cler. clerici officia, ad fin. Quadragesimum quar
429 1158 1367 1206 tum, quia magis curant conviviis, quam de divinis offi-
441 1204 1353 1254 ciis. Inde procedit peccatum luxuriae: inde fabulae ocio
429 1251 1358 1306 sae: inde multa alia proveniunt. 44. distinct. §. 1. & capit. seq
430 1303 1365 1355 per totum. inde in surgunt ad concentum avium matuti-
441 1335 1367 1385 num, syncopa continua transcurrentes: ut vix celebrent
432 1377 1358 1435 quater in anno. supra de celebratione missarum, dolentes. Inde
435 1420 1367 1475 faciunt cantare sibi missam iuxta lectum in domo: ubi
435 1464 1352 1522 spurcitiae multae sunt: unde dirinam patientiam ad tra
447 1516 1363 1563 cundiam provocant, & sanctius esset missam non audire.
434 1563 1364 1611 quam in domibus ipsam audire, in quibus sine magna
438 1605 1365 1648 causa nullatenus sunt celebrandae, secundum Sanctum
434 1638 1352 1701 Foelicem, de consecration. distinctoi. 1. cap. 1. & cap. sicut non ali-
440 1690 1370 1739 Quadragesimum quintum, quia charitas & instrumenta
434 1727 1355 1778 ecclesiae non custodiunt, imo, & res dilapidant male ad
431 1770 1358 1826 ministrando contra cap. 16 quaest. 1. in canonibus. 28. distinct d
438 1819 1368 1866 Siracusanae. 12 quaestio. 2. & si illi & capit. Vulteranae, unde si se
429 1862 1362 1915 non corrigant, debent deponi. 12. quaest. 2. Apostolicos. Qua-
432 1916 1356 1960 d: agesimum sextum, quia res alienas usurpant. 16 quaestio
434 1956 1348 1996 ne sexta, placuit. nec ipsas reddere volunt a praedecessori
441 1994 1355 2042 bus occupatas, corundem praedecessorum sanctitatem &
437 2043 1358 2091 conscientiam praetendentes: cum tamen nihil intersit, que
437 2079 1356 2129 ad periculum animae invadere alienum, aut scienter deti
444 2123 1362 2183 nere, sicut dicit Concilium generale. supra de restit. spol. sae
443 2163 1355 2223 pecontingit. & ideo quod alienum est, reddi debet, supra d
441 2217 1349 2259 test. filius. quia nihil perire credimus utilitatibus ecclesia
437 2252 1364 2298 sticis, si quae sunt aliena, reddantur. 54. distinct generalis, in
433 2297 1350 2350 fin. Quadragesimum septimum, quia non cognoscunt se
440 2340 1365 2398 ipsos, cujus seminis, cuius vitae, cuiusve generis sint: sed
438 2388 1347 2428 in cathedris suis, & cornibus gloriantes, presbyteros, o
439 2429 1356 2487 clericos fratres suos despiciunt, & contemnunt: sed si se
434 2470 1359 2522 attenderent, non paterentur sacerdotes minores sedere
441 2516 1355 2571 juxta scabellum pedum suorum, id est, cameram suam, irn
434 2564 1349 2620 qua episcopus debet cognoscere se collegam: quamvi
428 2604 1356 2658 in ecclesia & extra cameram superior sedere debeat. 95. di
437 2643 1347 2698 stinction. episcopus in ecclesia. nam secundum Gregor. cun
441 2692 1356 2739 culpa non subest, secundum rationem humilitatis omnes
438 2741 1346 2780 aequales sumus. 12. distin. de Constantinopolit. in fin alias inci
431 2781 1352 2835 pit, Apostolicae, ideo episcopo superbo dicendum est
438 2820 1353 2867 gnothi seauton, id est, cognosce te ipsum. nam sicut dici
438 2853 1340 2915 Greg. Dominus ostendit Petro, ut se cognosceret, ante
432 2912 1353 2956 quam ipsum universae ecclesiae praeponeret: & ideo, ipsum
442 2956 1346 3003 permisit cadere, ut in se addisceret, qualiter esset aliis mi
428 3000 1358 3051 serendum. 50. distinctio. considerandum, & c. fidelior factus est
419 3044 1355 3091 Petrus quid enim intolerabilius, secundum Hiero. quam
423 3081 1352 3131 quod natus in tugurio rusticano, qui Vix habere potera
434 3140 1358 3179 panem de milio, unde saturaret ventrem rugientem, nunc
436 3168 1347 3219 fastidiat mella & similam, id est, panem de flore farina
428 3220 1340 3266 mundissimo & subtilissimo factum, & quod venter ple
432 3260 1244 3306 nus de jejuniis disputet. 12 q. 2. gloria episcopi, versus
471 3331 1115 3395 Perte cognoscas alios magis utile nil est.
521 3388 1172 3443 Sic magis urbanus nullus in orbe manet.
429 3468 1350 3521 Quadragesimum octavum, quia faciunt indiscretas & su-
429 3520 1347 3571 perssuas remissiones: quod dic, ut not. infra eod. sub rub. di
423 3563 1338 3610 remissio §. quis possit. & §. ad quid valent. vers. fateor tamen, &
413 3607 1350 3657 seq. Sunt & multa alia, in quibus excedunt praelati, quae
420 3646 1344 3690 in diversis locis hujus Summae, & specialiter supra de ex
420 3691 1341 3731 cess. praela. §. qualiter excedant, poteris reperire: neminen
413 3730 1350 3783 tamen episcoporum reprehendimus, cum sint patres: sed
414 3756 1341 3819 ut a delictis abstineant, admonemus, & conscientia con-
1409 428 2330 474 veniant unumquenque. 6. q. 1. oves. 8. q 1 qui vos. cap. & qua-
1416 465 1742 523 liter. & cap. seq. ad fin.
1419 540 2358 619 Qui Abbas. * Dicunt quidam distinguendum esse, u- 2
1478 596 2333 643 rum si exemptus sit, & remotus, potest confiteri cui
1418 636 2323 683 vult de occultis, sed si est propinquus, soli Papae, vel ejul
1412 679 2336 736 poenitentiario, & hoc quando non habet super se alium
1409 732 2321 779 majorem: nam si haberet patrem Abbatem, sive exem
1421 772 2328 825 ptus esset, sive non, ei confiteri deberet, arg. supra de consue
1421 813 2331 859 tum dilectus. infra de verb. signif. abbatem. & breviter idem di-
1416 852 2333 898 cunt de abbate exempto, quod dictum est de archiepisco-
1418 900 2337 955 po habente patriarcham vel primatem, & de episcopo, su-
1412 944 2339 1003 pra eod. in suis. sub §. sinon habet alium abbatem super se, nec est
1422 985 2340 1033 exemptus, proprio episcopo debet confiteri: quia ille est
1416 1029 2328 1086 judex suus. 61. dist. obitum. 12. dist. capit fin. nisi forte secun
1424 1074 2334 1133 dum regulam per sedem Apostolicam approbatam pos-
1415 1119 2333 1163 set sibi eligere confessorem, aliter autem. hoc facere not
1416 1164 2333 1210 posset sine licentia. infra eod. omnis. dic ut not. supra eod. sul
1422 1203 2335 1260 §. cui patriarcha. vers. breviter teneas. & seq. Quae autem sim
1423 1251 2333 1299 vitia, quibus abbates promagna parte sunt irretiti, brevi
1410 1293 2333 1338 ter perstringamus. In primis peccant, quia hac spe & in
1413 1339 2333 1385 tentione specialiter ducti, habitum regularem assumunt
1415 1385 2336 1428 ut abbates fiant contrac. 16. q. 7. per laicos. sup. de elect. officii. &
1412 1435 2339 1484 capitul. cum ad nostram. in quo etiam multi religiosi delin-
1412 1476 2331 1528 quunt, paupertatem, & laborem, & esuriem fugientes, ut
1424 1497 2326 1562 divites fiant, quiete degant, splendide reficiantur, & de ta
1412 1556 2340 1623 libus dicit Grego. quod non intendunt seculum fugere,
1406 1599 2342 1662 sed mutare. 53. distinct. c. unico. Secundo, quia quandoque
1420 1643 2343 1690 abbatiam emunt: & tales renuncient, salvari non pos-
1409 1686 2328 1737 sunt: ut not. supra de simon. §. qua poena. sub §. per judicem, &
1409 1732 2339 1792 §. fin. Tertio, quia nullum recipiunt sine quantitate pe-
1425 1781 2343 1819 cuniae, vel alterius temporalis commodi, interveniente
1419 1819 2331 1878 tacite vel expresse : super quo plerunque obtentu abo
1413 1859 2336 1906 lendae consuetudinis se satagunt excusare. supra de simon.
1414 1908 2343 1963 veniens. qui si accusentur, deponendi sunt. supr. de si. dilectus
1409 1948 2339 2003 filius. 4. & cap. licet Heli. & cap. per tuas. alias ad arbitrium ju-
1422 1995 2346 2042 dicis puniuntur. supra de sim. in tantum. & de accus. inquisitio
1416 2051 2349 2092 nis. quod dic ut not. supra de sim § qua poena feriantur. Quar-
1413 2084 2333 2131 to, quia ecclesias, in quibus habent ius patronatus, sibi o
1413 2124 2340 2185 mnino appropriant, nec ponunt ibi vicarios perpetuos &
1420 2172 2348 2227 positos ita gravant, quod non possunt hospitalitatem te-
1415 2212 2349 2259 nere: nec episcopo in episcopalibus respondere. supra de
1416 2256 2342 2301 praebend. de monach. & cap. avaritiae. & de supl. ne prael. capitul 2:
1410 2296 2346 2347 quae omnia sunt ab episcopis, quibus subsunt, nulla ob-
1415 2341 2341 2388 stante consuetudine, corrigenda. supra de praeben. extirpan.
1406 2388 2349 2435 dae. & in cap. supra dictis. Quinto, quia ad ecclesias ad ipsos
1416 2442 2349 2485 pertinentes, sine pecunia neminem repraesentant: & ut
1419 2475 2345 2523 vitium suum utcunque pallient, plerunque ecclesia va-
1416 2518 2343 2570 cante super eam mutuum recipiunt, usque ad aliquam
1416 2564 2348 2616 certam summam pecuniae, & demum ipsam sic obligatam
1407 2608 2349 2658 conferunt, dicentes, quod quaelibet res transit cum onere
1413 2653 2337 2699 suo: ut supra de pig. ex literis. & de deci. pastoral. sed seipsos fe-
1410 2696 2342 2747 ducunt, cum etiam episcopis haec non liceant: imo vacan-
1401 2741 2346 2787 te ecclesia etiam fructus interim percepti sunt futuro sue-
1406 2785 2349 2841 cessori fideliter reservandi, vel aliter in utilitatem ecclesiae
1403 2836 2331 2889 convertendi. supr. de offic. ordin. cum vos. & aliquid inde sub-
1406 2869 2343 2923 trahit, etiamsi episcopus sit, tanquam furti & latrociniam
1403 2923 2334 2962 reus honore suo privari debet, q 2. c fin. tales enim exactio
1409 2964 2340 3003 nes, & cor similes sunt penitus exhibitae, & si quis eas re-
1412 3011 2343 3066 ceperit, tenetur in duplum restituere ipsas, in utilitatem
1401 3052 2331 3103 gravatae ecclesiae convertendas sup. de sim audivimus. quoc
1412 3094 2340 3153 intelligas. si proprium habeat. supr de praebend de mulcta. §.
1404 3135 2348 3186 & si ulira sex. & de app. reprehensibilis. § si autem. alias hoc in
1410 3179 2340 3228 poenam aliam commutetur, arg supr. de maledic. ffatuimus.
1397 3224 2334 3275 post medium. Sexto, quia dant possessiones aliquas. vel cer-
1401 3267 2333 3314 tam pecuniam, vel domum commodant alicui tali pa-
1406 3308 2346 3363 cto, quod decimas certarum possessionum eis solvant,
1397 3356 2337 3402 vel apud eos sepulturam eligant: quae pacta in praejudi
1402 3403 2337 3451 cium ecclesiae parochialis, facta, minime sunt servanda
1398 3437 2347 3499 supra de pact. plerique. etiamsi juramentum interveniat, ut
1403 3488 2340 3529 notatur supra de sepult. §. an licitum. versicul. quid si quis esi-
1401 3532 2346 3590 gat sepulturam in aliquo monasterio & versicul sequent. Septi-
1403 3576 2342 3619 mo, quia negligunt punire monachos sugitivos. 16. qu. 2.
1400 3619 2340 3675 abbates. & eos revocare inquirere, & recipere, salva ordi-
1400 3660 2332 3723 nis disciplina, supra de regul. capit. final. Octavo, quia reci-
1392 3699 2336 3755 piunt monachos alienos, sine literis commendaticiis. 18.
1388 3748 2333 3811 quaest. 2 abbates. in fin. & capit quam sit. Nono, quia indiscre-
1397 3790 2321 3859 te monachos suos ejiciunt supra de rescript. cum dilecta. ir
