2550 4093
215 333 1130 395 & cum eis placitando, & vexando, laboribus & expensis
203 386 1131 439 & aliquoties aliis potentioribus dando, qui ipsos contra
204 422 1136 467 veros dominos protegant, in quo quidem debitum non re-
203 475 1142 523 mittitur, sed augetur. supra de iurejur. eam te. supra de decim.
206 511 1143 568 tua nobis § praetextu vero nequitiae, ad hoc. C. de agri. & censi.
206 564 1143 611 quent admodum, & leg. litibus & l. cum satis, & leg. nemini autem
202 611 1131 655 liceat lb 11. & in authentic. de quaestore. collat. 6. supra de censi. o
210 652 1137 692 minis anima Quarto peccant in festis, quae non colunt, sed
207 687 1133 734 frangunt, & violant, cum in ipsis nullum mercatum, nul
198 729 1140 779 lum opus servile sit faciendum supra de feri. cap 1. & de con-
197 772 1131 833 se distinct. 3. ca. 1. quod dic ut notat supra de feri. §. quid in eis ag
200 824 1136 872 debeat. & § quid non. Quinto in homicidiis & perjuriis, fal-
210 860 1143 907 sis testimoniis, fornicationibus & aliis principalibus &
198 900 1139 948 communibus vitiis, injuriis, & damnis vicinis, per ipsos
202 952 1140 996 datis. supra de injur. si rixati, & capit si lae serit quispiam: & cap.
197 996 1133 1044 si egressus, & capitul. si culpatua, & multis aliis. Unum ta-
200 1043 1133 1082 men notat. quod vita istorum tutior est, quam quiescen
191 1085 1145 1139 tium deliciosorum, divitum & ociosorum. Unde ver-
204 1121 276 1171 sus.
266 1211 812 1259 Divitiis uti, res est adversa saluti.
317 1252 965 1306 bPaucos crede bonos, quos beat aris honos.
258 1308 939 1371 Mollicies vestis, coitus, gula, cura quietis,
296 1356 852 1419 Possunt luxuriae quat uor esse rotae.
192 1449 1136 1491 25. dist. ecclesie Principes, ergo res age, tutus eris, & de hoc nota
199 1483 698 1547 supra eo. sub §cui monachi. ver. 7.
227 1569 1136 1631 UI pueri. * Et quidem proprio sacerdoti, ex quo dis
191 1589 1136 1672 &§ cretionem habent, infra eodem omnis. Peccant autem hi
191 1660 1140 1707 in crimine sacrilegii: & tunc sunt ab episcopo absolvendi,
189 1700 1130 1757 infra de sen. excom c. si. Secundo, in crimine furti & perjurii
181 1756 1139 1798 super. de deli, pue c. 1. Tertio, non recognoscendo a Deo bona
175 1797 1142 1848 fortunae, gratiae, & naturae: nam & vitium ingratitudinis
189 1836 1136 1883 talis incurrit. Inst quibus mod tute fi. Sfinitur aut tutela. Quarto,
190 1877 1140 1923 calumniando. C de epi & cle. omnes § si. Quinto, etiam adul-
191 1926 1141 1971 te rando, vel fornicando, nam haec aetas aliquando antici-
188 1963 1139 2022 pataut supr. de desp. imp. impuberes, & c de ills, & c. a nobis, & nar
182 2010 1133 2066 rat Greg. in dialogo, quod quidam impregnavit matrem
185 2054 1131 2099 suam,a in nono anno. & de Salomone b dicitur, quod in
194 2099 1130 2142 undecimo anno habuit filium. Haec autem specialia non
182 2146 1124 2191 sunt trahenda ad consequentiam, nam prima facie praesu
187 2180 1137 2235 mitur, quod impotens sit, quousque evidenter de contrario
184 2220 1120 2281 constet, & sic intellige sup. de deli pue. c. 1. sup de frig. quod se
193 2262 1134 2323 dem. Item hoc intelligas de doli capace, & intelligitur quan-
184 2313 1131 2363 do est proximus pubertati, c secundum quosdam ff. de act
194 2356 1118 2408 & obl. l. 1. tu dic, quod hoc potius per exteriora bonus vir a
194 2399 1134 2451 stimabit, ar. sup. de praesump. ex studiis, ut tamen scias, quod
198 2439 1142 2491 ent in talib. non sunt, sicut in adultis crimina punienda. 15.
206 2496 1138 2544 q. 1 § ut itaq. Si vero non sunt doli capaces, d tales non te-
209 2532 1134 2578 nentur confiteri, & ideo non est curandum cui confitean-
203 2572 1131 2618 tur: tales enim furiosis comparantur: quia quorum aetas
207 2615 1143 2675 quid videat, ignorat ff. de acqe. poss. l. 1. § furiosus. C. de fal. inon o
200 2659 311 2714 1. ad fin.
212 2731 1130 2795 eU Rustici * in alienis parochiis hyemantes, vel aesti
227 2789 1137 2852 vantes, vel hi qui se transferunt ad alias provincias, non
197 2845 1124 2892 animo remanendi ibi, sed forte ad tempus se obsequio a
207 2876 1132 2923 liquorum magnatum Principum deputantes. Certum est
198 2920 1131 2971 quod tales, si saici sunt, possunt se transferre quo volunt,
203 2972 1124 3011 dum tamen sint liberi, & si ibi se transferret animo perpe
203 3011 1139 3069 tuo remanendi, facti essent parochiani illorum, in quorum
201 3052 1131 3100 dioecesibus vel parochiis morarentur. supr. de paroc. § si. Alias
200 3095 1142 3156 autem dicendum est, quod si tales non intendunt derelin-
200 3141 1140 3195 quere domicilium antiquum antiquo presbytero, vel de
204 3182 1143 3228 licentia ipsius alii, & non aliter confiteri debent: est igitur
193 3227 1139 3283 bonum consilium, quod tales a judice suo spiritualilicen-
197 3269 1127 3323 tiam obtineant, vel salte confiteantur sub spe, quod propri
210 3308 1143 3369 us judex ratificet, secundum ea quae no. sup eo § resp. 1. & idem
206 3364 1127 3417 dicendum est de familia nobilium, nisi & ipsi aliud privile
203 3408 1139 3458 gium a Papa habeant pro se, & familia sua, secundu ea quae
209 3450 1142 3499 no. supra eo sud § cui dux. ver. 3. Quid de familia episcopi vel
198 3495 1133 3544 archipre: byteri, si sit de aliena diaec. Idem Videtur, quod in
207 3532 1146 3579 familia alterius Principis laici. Si vero sit de diaec. propria.
207 3574 1143 3627 tunc ei confiteri debet, vel cui ipse mandaverit, sed & po-
203 3621 1145 3668 test proprio sacerdoti, de cujus parochia est, confiteri, ut
214 3669 1137 3721 patet in his quae no. supra de off. arc hipresb § quae pertinent. ver-
191 3705 1148 3762 sic. 8. Quid de his qui hactenus hanc formam non servave-
1194 345 2130 395 runt: sed simpliciter confessi sunt, cui volebant. Si simpli-
1194 387 2128 438 citer & ignoranter hoc fecerint, non credentes peccare
1202 429 2142 475 non accuso, sed excuso: fecerunt enim juxta verba Apo-
1194 472 2139 523 stoli largo modo dicentis. Alter alterius onera portare: &
1194 513 2136 579 sic adimplebitis legem Christi, & iuxta regulam, qua ge-
1206 564 2128 616 neraliter videtur tradere Jacobus Apostolus dicens: Co-
1197 599 2136 643 fitemini alterutrum peccata vestra, & orate invice ut sal-
1200 645 2130 698 vemini, de poen. dist.1. c fin. quae quamvis aliter intelligatur,
1200 691 2133 738 ut no. supra eo § de quibus versic. quid de veniali, tamen si non
1203 741 2135 787 contempserunt, quia hoc ignorabant, salvi sunt: quia con-
1206 780 2136 827 tritio mundavit eos: & fides universalis ecclesiae, & claves
1206 816 2138 874 Petri. 11 questio 3. illud, & capit. alisit. & capit plerunque. &. cap.
1200 867 2148 920 quomodo, de poentit. distinctio. 3. inter haec hircum, & capit. prima
1200 909 2141 956 solutio. & capit. est mihi Deus, nam & si sacramentum defici-
1194 952 2133 1002 at, fides tamen non deficit sacramenti supra de bap. debitum,
1194 996 2129 1040 & de presbyt. non bapt. capit. 1. & 2. ideo que est hoc mediocri-
1203 1040 2136 1090 ter tolerandum, Sed de caetero ex quo certificati sunt, si
1203 1084 2133 1131 contemnerent, damnarentur, argument. supra de consecrat.
1194 1127 2139 1178 eccles. aqua. 8 distinctio. consuetudo, de consecr. distin. 2. scriptura
1194 1164 1276 1211 dedit
1205 1228 2121 1314 Quando* confitendum est * Et certum
1940 1274 2121 1328 quandocun-
1194 1316 2130 1371 que homo peccaverit. Unde & si saepius cadit homo per
1197 1364 2132 1410 peccatum, saepe resurgendum per poenitentiam, nec tar-
1202 1396 2135 1462 dari debet confessio, ut patet in his quae no. supra eo. § qua-
1194 1439 2133 1499 lis, sub § festina. & sub § frequens. Ad minus tamen semel in
1187 1492 2129 1533 anno confiteri oportet, & in Paschate ad minus: nisi de con-
1190 1531 2124 1579 silio proprii sacerdotis abstineat, debet recipere euchari-
1188 1572 2121 1627 stiae sacramentum: alias vivus ab ingressu ecclesiae arcea-
1203 1627 2124 1674 tur: & mortuus ecclesiastica careat sepultura: quod, ne
1201 1668 2124 1716 quis causetur ignorantiam, debet frequenter in ecclesiis
1194 1713 2128 1763 publicari, inf eo. qumis. resp. 1. de hoc no. supra eo. § an & pecca-
1195 1755 2121 1794 ta dimissa. Item confitendum est tempore pueritiae, ut no.
1187 1791 2124 1843 supra eo.§ proxi. sub § cui pueri. Item & tempore senectutis:
1187 1836 2121 1883 in quo casusi est in aetate decrepita scil. uitra senium jam
1188 1878 2124 1931 processit, puta post &o. annos alleviari debet jejuniis, &
1194 1928 2127 1974 gravari orationibus, de poen. dist. 5. c. 1 & si habeat pecuniam,
1191 1971 2123 2013 redimaucum ipsa peccata sua, de poeni. distinct. 1 medicina. Si
1182 2011 2121 2067 inihibaben excusatus est. supr. de usu. cum tu manifestos. §. illi
1192 2049 2121 2112 hntesbisupra de solu. Odoar. 14. q. 5. si res, si vero sit senex, puta
1191 2094 2121 2147 inver &o & So annos constitutus, fortius puniri debet, quam
1191 2139 2130 2194 docrepitus, tales enim cum peccant, juvenes ad interitum
1197 2184 2118 2229 trahunt: unde Gre. Laqueus juvenum omnes mali senes:s
1188 2221 2122 2283 & maledictus puer centum anno. 2. q. 1. Paulus dixit Quid si
1188 2266 2125 2323 sit ita senex, quod omni discretione careat: Dic sicut de
1186 2310 2115 2379 pupillo & furioso, ut no. supra eod. § proxi. & sub § cui pueri
1187 2351 1589 2411 ver. si vero non sit doli capax
1199 2436 2109 2490 Onfitendum est tempore sanitatis, & eo tempore que
1242 2484 2119 2546 homo potest peccare sunt relinquenda peccata: &
1193 2518 2121 2587 haec poenitentia certa est & indubitabilis. Si autem tunc
1187 2572 2127 2618 vis agere poenitentiam, quando peccare non potes, pecca-
1181 2611 2117 2659 ta dimiserunt te: non tu illa, & haec poenitentia est incer-
1191 2668 2122 2722 ta, non tamen. est deneganda, secundum August. de peenit.
1199 2699 2123 2746 distinct 7. ca. 1. Tempore igitur infirmitatis confiteri opor-
1191 2756 2117 2795 tet, unde dicit Concil. generale. Districte praecipimus me-
1193 2796 2123 2835 dicis corporum, a ut cum eos ad infirmos vocari conti-
1200 2843 2121 2890 gerit, ipsos ante omnia moneant, & inducant, ut medicos
1190 2878 2123 2923 advocent animarum: & ita cum causa cessante, scilicet pec-
1200 2925 2114 2970 cato, propter quod forte misit dominus infirmitatem
1191 2961 2130 3018 cesset effectus. Haec inter alia dedit causam huic edicto,
1198 3012 2121 3066 quod quidam in aegritudinis lecto jacentes, cum eis a me-
