2519 4159
180 492 1115 567 Cui confitendum sit. Sacerdotibus, quibus
696 524 1123 578 data est haec potestas a
171 573 1111 628 Mediatore Dei, & hominum, qui ipsos ecclesiae suae prae-
176 626 1122 674 posuit, & solvendi ac ligandi tradidit potestatem, depoenit.
170 669 1119 715 distinct. 1. multiplex, & in hoc sacerdos iudex est, de poeniten.
177 709 1113 754 distinct. 1. verbum & alias concordantias poteris invenire.
171 756 1117 803 infra eod. sub §. cui Papa. versicul. fin. sed nunquid quilibet sa
176 798 1118 843 cerdos habet hanc potestatem: Scripsit Rayn. quod non.
171 844 1114 882 nam & si quilibet sacerdos hanc potestatem in ordinatio-
177 881 1123 931 ne sua recipiat, tamen ligata est talis potestas nisia Papa.
173 918 1120 966 vel a dioecesano hanc habeat potestatem. Goffred. hoc re
179 962 1122 1020 prehendit, nisi hoc velis intelligere de potestate generali,
179 1006 1120 1057 quam sacerdotes, & maxime parochiales in sua ordina-
175 1060 1111 1109 tione, Vel institutione recipiunt, & est simile, quod dicitur
178 1100 1121 1146 alias, scilicet ordinationes Episcoporum sunt authoritate
178 1137 1118 1187 Apostolica celebrandae. 64. distin. ordinationes. Planum est,
179 1192 1129 1238 quod Ray. non intellexit hoc de generali licentia, quam
175 1227 1125 1274 quis recipit in ordinatione: quia illam dicit ligatam: ergo
176 1268 1121 1315 secundum ipsum requiritur specialis. Tu dic, quod sacer
179 1311 1128 1362 dos parochialis ex quo sibi cura animarum commissa est
177 1356 1117 1399 ab aliquo episcopo sine alia licentia speciali potestatem
176 1398 1118 1451 habet audiendi confessiones parochianorum suorum,
182 1444 1122 1490 excommunicandi & absolvendi, exceptis prohibitis, quia
184 1484 1120 1531 in his consistit cura. supra de elect. dudum. 2. § pen. & de offic.
181 1530 1126 1575 archipresb. ca. 1. & 2 & de off. ord. ca. 3. & parochiae sunt distin
176 1573 1124 1619 ctae, ita quod quilibet terminis suis debet esse contentus:
186 1616 1123 1665 & ut quilibet de plebe sibi commissa curam habeat, & sic
181 1660 1127 1714 custodiat, ut ante tribunal aeterni iudicis de omnibus sibi
188 1704 1122 1753 commissis reddat idoneam rationem. 13. quaestio. 1. Ideo
180 1749 1122 1797 que sacerdos parochialis canones poenitentiales scire de
189 1790 1125 1843 bet. 38 distinctio. nulli. & cap. quae ipsi de quibus notatur infra
184 1835 1126 1883 eod. §. quae poenitentia. & ideo cum talibus a iure semel con
180 1889 1124 1936 cessa sint. non indigent alia licentia speciali. ff. de condi, in-
182 1923 1124 1973 stitut quae sub condit. §. fin. sic ergo quilibet parochianus de
192 1970 1134 2010 bet illi sacerdoti, qui curam ejus habet, confiteri, & non a
188 2008 1135 2058 sii, quia non posset eum absolvere. 2. quaestio. 3. inprimis. 6.
192 2051 1134 2109 quaest 3 scitote. supra de iudic. at si clerici. C. si a non competenti
188 2095 1126 2154 judice I. sin. & expressius, infra de sentent excommnun nuper. §.
193 2148 1133 2194 in secundo, & insi Et nunquid extra territorium parochiae
191 2180 1128 2227 a sibi commissae: Non videtur, argum. ff. de iurisdict. omn.
186 2224 1136 2284 iud l. fin. sed illud Iocum habet in his, quae sunt contentio-
187 2276 1125 2324 sae iurisdictionis: porro cum poenitentia sit de iurisdictio
185 2324 1134 2368 ne voluntaria, quilibet curatus saceroos poterit ubique pa
192 2361 1131 2403 rochianum proprium expedire, ff. de offic. procons. l. 2. & id-
192 2397 1135 2454 eo de loco nihil exprimit concilium generale, infra eodem
188 2454 1137 2491 omnis, sed bane innuis, quod sacerdos extraneus absolve-
190 2483 1140 2531 re non potest, & hoc rerum, nisi extraneus audiat confes-
199 2530 1137 2579 sionem de proprii sacerdotis licentia, infra eo. omnis, de poen.
195 2580 1130 2629 distinctio 6 placuit. Fallit hoc in casibus, in quibus potest a
196 2617 1138 2667 liquis audire confessionem alterius parochiani. Primo,
205 2668 1139 2716 quando proprius sacerdos indiscretus ost, de poen. distin. 6
204 2714 1137 2762 placuit. nam secundum Aug. qui Vult confiteri, debet quae
201 2746 1137 2803 rere sacerdotem, qui sciat lolrere & ligare. de poeni. distin 6.
204 2793 1138 2850 qui vult. Sed hoc non debet fieri sine licentia. infra eod. omn
203 2843 1142 2891 nis, & not. supra eod. §. qualis, sub §. discreta versicul signum pri
203 2886 1137 2930 mum, & versicu. quid si non vult dare licentiam, nec tamen, se
200 2925 1148 2972 eundum Goffred. expedit semper dare licentiam, immo
205 2964 1147 3011 deneganda est, si sacerdos se sufficientem reputet. nam
205 3017 1140 3066 praesumere potest, quod ideo petat parochianus licentiam,
205 3060 1142 3108 ut confusionem erubescontiae evitet, quae est magna pars
201 3095 1145 3146 satisfactionis: ut notat. supra eo § qualis sub § amata. versic.
208 3140 1145 3194 primum. Consulo, quod de se non nimis confidat, neque
213 3191 1135 3234 praesumat. & si forte parochianus aliquam latentem cau
212 3229 1142 3284 sam, vel odii contra ipsum habet, sicut plerunque accidit,
210 3276 1146 3314 vel quia est particeps criminis, vel aliam habeat licentiam.
208 3316 1141 3362 nullatenus deneget, sed concedat. Sed si forte contemni
208 3363 1147 3415 verisimiliter se praesumat, tunc poterit denegare, quamdiu
211 3403 1148 3451 ab ecclesia tolleratur, supra de coh cle. & mulie. vestra. Caveat
207 3452 1155 3499 tamen de conscientia. supra de cohab. cler. & mulier. c. 1. supra
211 3489 1146 3547 de tempo. ordin. quoniam. Secundo fallit, quando alienus pa-
208 3525 1147 3585 rochianus transtulit domicilium suum. Ray. & Goff. sed
209 3571 1144 3635 certe iam non est alienus, sed proprius, supra de paroch. c. fi.
216 3617 1147 3662 Tertio, cum quis vagabundus existit, ff. de iud. haeres absens.
215 3661 1146 3706 Quarto, cum quis quaerit domicilium quo se conferat. pro
210 3707 1148 3761 prium relinquens iter faciendo, vel navigando. nam & is
213 3747 1148 3802 sine domicilio est, ff. ad mnuni. Labeo, in princip. & l. ejus. §. Cel-
204 3793 1145 3850 sus. Quinto, ratione delicti intra propriam parochiam, ab
217 3845 1143 3899 extraneo parochiano commissi, supra de rap. ca. 1.6. qu. 3. pla-
1165 492 2113 539 cuit. Sexto, ratione studii. quod dic, ut not supra de paroch.
1162 529 2105 583 § quis intelligatur. versi quid de scholaribus. Septimo, tempore
1160 579 2107 630 necessitatis, 26. q. 6 si presbyter de poen. dist. 3 quicunque presbyter.
1165 613 2111 667 quia sicut ait Augu. tanta est vis confessionis, quod si im-
1163 660 2112 707 mineat necessitatis articulus: ut quia infirmatur ad mor
1164 701 2108 755 tem is, qui vult confiteri, vel oportet eum intrare bellum,
1169 744 2105 795 & deest sacerdos, non solum proprius, sed & quilibet in
1171 789 2124 843 tali articulo potest etiam laico, b veletiam mulieri, si non
1165 831 2112 879 adsit alius, confiteri. de poen. dist i quem poenitet & distin 3. qui
1168 876 2102 930 vult. & de consecr. dist. 4 sanctum est, & de hoc no. infra de sent.
1164 921 2109 963 excommun. § quis possit excommunicare, sub §. secunda regula.
1170 964 2120 1018 versi primus. hoc idem Beda comprobat, ut patet in his, quae
1175 1012 2118 1051 not. supra eod. § de quibus versic. nunquid ergo tale peccatum, non
1168 1052 2123 1099 tamen haeretico, vel excommunicato debet quis confiteri:
1171 1100 2119 1138 ut not supra eo. §. quis dibet confiteri, versi nunquid ergo tempore
1163 1137 2121 1178 necessitatis. quod autem dictum est de laico, vel muliere, in
1171 1180 2121 1227 telligas quo ad ostendendam fidem sacramenti. unde si sic
1173 1224 2114 1275 moriatur, salvatur. supra de bap. debitum. sacramentum ta
1174 1260 2122 1314 men deficit, ut ibi. quia nullus potest vere ab solvere, ut
1167 1315 2121 1356 scilicet, verum sit sacramentum poenitentiae, nisi sacerdos
1174 1356 2116 1420 sit. argum, supra de sum. Trin. ca.1 §. una. ideoque si talis eva
1173 1406 2128 1452 dat, debet iterum sacerdoti proprio confiteri. argum. inf de
1172 1451 2113 1499 senten. excommun. de caetero, & cap. ea noscitur. & si moriatur.
1176 1497 2122 1542 potest & debet ei ecclesiae beneficio subveniri. infra de sent.
1177 1540 2121 1585 excommun. a nobis secundo. Octavo, si ponat spem suam in
1173 1577 2123 1620 sacerdotem proprium, ut ratum habeat, argument. 9. q. 2:
1173 1615 2122 1667 Lugdun. In quocunque autem casu si aliquis alienum pa-
1174 1660 2118 1705 rochianum, sine licentia proprii sacerdotis audierit, in
1178 1700 2124 1758 iungat ei, ut quam cito poterit, se coram sacerdote pro-
1173 1741 2113 1803 prio representet, & quod actum est, significet, argum, inf.
1175 1804 2115 1844 de sentent. excommun. de caetero, & cap. ea noscitur, & cap. de his,
1175 1831 2120 1878 in fin. Si vero sacerdos nullam curam habeat sibi commis
1174 1876 2126 1930 sam, tunc dist. utrum necessitas not. supra versi ul. proxi.
1181 1916 2125 1968 Vel nulla necessitas immineat, & tunc non potest audire,
1178 1961 2121 2007 secundum Ray. unde religiosi, vel reclusi, non habent po
1179 2004 2122 2051 testatem absolvendi, vel ligandi: nec baptizandi: neque prae
1175 2051 2130 2093 dicandi, vel alia quae ad curam animarum pertinent, exer-
1177 2092 2119 2138 cendi, nisi fuerint electi a populo, vel ab episcopo, cum
1180 2138 2127 2195 consensu abbatis, vel superioris sui instituti. 16. q.1 alia &
1174 2191 2127 2226 cap. pervenit, & §. ecce, & §. hoc idem not. Goffredus frustra.
1180 2234 2128 2280 ergo reprobarit Rayn. supra eod. versicu sed nunquid quilibet.
1183 2266 2131 2314 Tu tamen dic, referre, utrum is, qui confitetur. habeat li
1177 2308 2119 2355 centiam iudicis sui, quod tali specialiter possit confiteri.
1181 2350 2133 2403 & tunc sacerdos ipsum secure audiat, ut notat supra eodem
1179 2403 2127 2451 versicul. 1. vel habeat licentiam in genere, quod cuicunque
1182 2449 2129 2495 voluerit, possit confiteri, vel simpliciter. vel alii possit com-
1182 2489 2127 2531 fiteri indefinite, & in his duobus casibus si subditus recur
1179 2539 2125 2587 rit ad discretiorem, sive religiosum, sive alium, vel ex cau
1182 2566 2126 2618 sa ad non ita peritum, dum tamen peritum & honestum
1183 2618 2125 2667 secure confitetur, alius secure audit. argum. infra ne pro
1186 2654 2129 2703 dilatione. Si vero causam non habet, nisi quia vult abscon-
1179 2697 2129 2747 dere peccatum suum a proprio sacerdote, vel quia ipsum
1184 2742 2129 2795 contemnit, seipsum seducit, & de hoc ipse debet poeni-
1183 2796 2131 2847 tentiam agere: unde quandocunque tu sacerdos audis a-
1185 2828 2128 2883 lienum parochianum, debes causam primo considerare: &
1187 2873 2130 2921 ab eo inquirere, ut sic audias vel remittas. argum. depoenit.
1188 2928 2128 2970 dist 6 placuit. inf. eo omnis, supra de parochus, ut Dominicis, mul
1190 2964 2119 3015 to magis delinquit, si superior inhibuit expresse, quod re-
1186 3002 2131 3058 ligioso alicui, vel recluso, vel tali nominato specialiter non
1186 3058 2133 3103 confiteretur, cum & in dubio obediendum esset. 23 quest.
1192 3099 2133 3139 i quid culpatur. Non obstat, quod dictum est per Goffre. &
1191 3132 2127 3187 Rayn. qui non consentiunt, quod religiosi confessiones
1193 3187 2129 3232 audiant, c ut notat supra eod. versi nulla necessitas quia iura,
1191 3220 2137 3274 quae inducunt intelligenda sunt de religiosis, qui volunt
1189 3261 2130 3315 usurpare parochias, sine licentia superioris sui, & sine au-
1191 3317 2133 3363 thoritate episcopi, ut ipsa bene innuunt, vel quando volunt
1190 3361 2138 3407 audire aliquem sine licentia iudicis peccatoris: vel quan
1193 3392 2137 3451 do hoc faciunt sine licentia abbatis, alia nulla necessitate in-
