2245 3296
213 286 1003 345 tamen deus non fruitur homine. quia diligen¬
225 344 991 396 do seipsum deum diligit hominem. hoc est fru¬
225 391 1000 431 endo seipsd deo vtitur homine quia propter me
225 426 985 471 ram bonitatem suam diligit hominem. nam bo
222 469 992 514 norum nostrorum non eget. quoniam ergo de
232 508 986 559 us diligit hominem ad finem debitum scilicet in se
225 552 709 617 ipsum deum. ergo vtitur homine.
235 617 1003 714 ¶ An vtitur deo qui propter mer¬
235 702 1004 745 cedem amat deum. Respondet Bonauen. distinc. i.
231 742 992 791 ¶Quod aut illa merces est salus eterna que est impe
244 788 1001 826 deus Gen. decimoquinto. Ego ero merces tua
240 828 1001 874 magna. et sic non vtitur deo. quia non refert ad aliud Aut
229 873 1001 917 merces est alia a deo puta benficia dici. Et propter
238 913 1004 958 huiusmodi amare deum vt propter causam mouentem principa¬
232 950 1004 1004 liter sine qua non. sic est vti et malum. Secus si vt
228 997 922 1050 ppter rationem inducentem minus principaliter
424 1089 998 1187 Eneratio dei go
417 1165 1004 1222 nerare siue gignitio Primo In communi.
420 1210 995 1253 Utrum deo vere conueniat generationis
237 1251 1001 1295 vel gignitionis ratio: Respondetur secundum Rich. de. medo
234 1294 995 1351 vil. super primo di. ix. q. i. ar. i. Qox generationis ratio
237 1333 1016 1381 in deo est eterna productio alicuius secundum substanti
240 1376 1003 1425 am per modum nature de substantia generantis
249 1419 1017 1472 In hoc autem quod dicitur secundum substantiam: excluditur accidentis
246 1466 1003 1512 generatio quae est mutatio Quod dicitur per modum nature
241 1503 1010 1552 excluditur productio per modum voluntatis vt spiritus san¬
247 1546 1016 1592 cti. Item per hoc quod dicitur de substantia generantis: excludi
235 1593 1007 1632 tur generatio. quae fit ex substantia aliena vt cum ex aere
249 1629 1015 1681 generatur ignis vel ex aqua aer et huiusmodi. Excluditur
253 1679 1017 1724 etiam generatio equoca in qua genitum non perfecte
243 1715 1015 1762 assimilatur genitori. vt cum a sole generatur mus vb
249 1761 1013 1807 vermis et huiusmodi etc. Denique cum dicitur eterna: exclum
253 1798 1017 1849 ditur generatio temporalis que est cum transmutatione
259 1835 1020 1894 Et per hoc claret secundum Tho. quod in diuinis tam pater
258 1883 1016 1939 quam filius ab eterno sunt. Cum enim relatiua se po
247 1922 1012 1969 sita ponant et perempta se perimant sequitur est quod si filius
256 1966 1016 2028 non fuisset ab eterno genitus. nec pater fuisset ab
259 2013 1015 2069 eterno pater ¶ Ad quesitum ergo dicendum quod ex quo
262 2049 1022 2100 praedicta ratio generationis vere reperiatur in deo. con¬
259 2092 1034 2140 cluditur ergo quod in deo vere est generatio filii a pa
253 2134 492 2196 tre Hec Rich.
297 2172 1024 2257 ¶ Sed quo generatio tranffertur
255 2243 1028 2286 ad diuina cum dicat mutationem et imperfectionem
268 2280 1031 2325 vtpote productionem ad esse: Respondetur secundum doc. subti.
259 2326 1018 2373 Et Guil. super primo di. iiii. concor. Scotorlis. di. ix. prgo
262 2366 1030 2419 mi. Quod gignitio secundum rationem eius formalem non est
262 2408 1031 2460 aliud quam productio similis in natura et per mo¬
268 2448 1037 2508 dum nature. Dixi inquit per modum nature quia quam¬
259 2492 1034 2549 uis spiritus sanctus sit eiusdem nature cuius est pa¬
265 2536 1031 2583 ter et filius. non tamen gignitur quia non per modum nature
264 2579 1031 2624 sed per modum voluntatis libere producitur. Unde
261 2625 1034 2666 Aug. dicit quod spiritus sanctus procedit non quomodo natus
268 2663 1031 2708 sed quomodo datus Itaque generatio seu gignitio secundum
258 2705 1037 2774 Scotum in creaturis vt sepius habet duas condi¬
1068 304 1826 357 tiones. Una est quod habet annexam mutationem
1072 346 1847 404 uxta dictum philosophi i. de generatione et corruptione. vbi
1068 391 1837 433 dicit quod generatio vnius est corruptio alterius
1062 433 1835 480 Alia conditio. quod est productio ad esse. et iste due etiam
1072 474 1837 521 in creaturis distinguuntur. Nam lux a sole gign¬
1066 516 1850 566 tur. non tamen mutatur proprie quia ista gignitio esti
1069 556 1850 600 subita quod est contra rationem motus. Dicitur tamen
1069 598 1844 642 improprie lux a sole gigni cum non sit eius natu
1072 640 1844 688 re substantialis cuius est sol. sed est qualitas cor
1068 686 1844 732 poris lucidi scilicet solaris corporis. Qando igitur genera
1068 730 1854 783 tio tranffertur ad diuina debet tranfferri sub condi¬
1068 768 1843 817 tione productionis que non dicit imperfectionem ali¬
1071 812 1844 861 quam nec mutationem. quia deus est immutabilis
1077 854 1850 900 et sic patet quod generatio in diuinis est productio in
1078 892 1855 942 effabilis per modum nature perfectionis omnimode et
1078 941 1854 986 eminentissime cuius simile non potest in creaturis
1074 983 1844 1038 repariri etc. quia sicut Diony. dicit essentie rerum crea¬
1066 1024 1692 1082 tarum exceduntur incomperabiliter a diuinis.
1108 1057 1853 1138 ¶ Notandum est etiam secundum eum
1081 1117 1853 1171 nem Guil. e. di. iiii. cum Fran. mayro. Quod tres sunt
1072 1168 1844 1213 ternarii ab inuicem abstrahentes ascendendo circa
1078 1206 1846 1258 istam originem ¶ Primus ternarius est dictio.
1069 1252 1850 1302 natiuitas. germinatio. Oen enim quod dicitur: nascitur. sed non
1077 1294 1856 1337 econtra. Dictio enim solum est productio per modum in
1078 1340 1841 1385 tellectus. Natiuitas vero etiam in brutis reparta
1075 1378 1840 1440 est sicut et maternitas prout in lege scribitur. Non co
1090 1417 1852 1470 ques hedum in lacte matris sue. Iterum. omne quod
1077 1462 1853 1511 nascitur germinatur sed non econtra Natiuitas enim solum
1075 1502 1852 1549 est in animalibus sed germinatio etiam in plantis
1092 1542 1856 1595 ¶ Secundus ternarius ascendendo adhuc est: ger¬
1077 1592 1856 1632 minatio. gignitio. productio. Omne enim quod germi¬
1075 1631 1859 1677 natur generatur. sed non econtra. quia germinatio est
1077 1674 1846 1720 in viuentibus et vegetabilibus solum. Sed generatio
1086 1714 1843 1762 est etiam in non viuentibus. Unde dicimus quod ignis
1090 1760 1853 1810 generat ignem. Omne iterum quod generatur produci¬
1090 1802 1849 1843 tur. non ecotra. Seneratio emim est solum in productis
1093 1840 1852 1888 er modum nature. sed productio etiam in productis li.
1089 1882 1858 1936 bere vel per modum voluntatis. vnde spiritus sanctus
1082 1926 1862 1974 producitur et non gignitur. ¶ Tertius ternarius
1089 1970 1862 2020 adhuc ascendendo est. productio. originatio. pul¬
1095 2012 1865 2059 ulatio. Omne enim quod producitur originatur non econ
1096 2054 1856 2100 ra. quia quod producitur realiter distinguitur a producen
1092 2098 1858 2150 te. Sed quod originatur non semper ab originanti
1083 2136 1855 2187 bus realiter distinguitur. Tertia enim quiditas ad
1092 2178 1865 2227 dita a suis partibus componibilibus originatur non
1093 2224 1858 2271 tamen realiter distinguiturcputa homo ab ani¬
1089 2264 1856 2312 mali et rationali simul) Omne iterum quod origi¬
1089 2303 1853 2355 natur pullulat non econtra. vnde attributa diuina
1088 2347 1865 2397 teste Diony. a diuina essentia pullulant non ta¬
1093 2393 1865 2436 men originantur et sic patet quod infimum huius
1086 2432 1862 2479 originis est dictio. Supremum autem est pullu¬
1099 2474 1367 2529 atio. Hec Guil.
1108 2541 1208 2616 ¶ Te
1152 2558 1862 2633 ditrum in diuinis sit necesse
1104 2608 1868 2671 bonere generationem. Respondetur secundum Bona¬
1093 2673 1865 2714 uen. super primo di. ix. q. i. per conclusionem quod Sic et plu
1099 2705 1871 2775 ribus rationibus ¶ pria ro ex scriptura quia scribitur Isa. vi
