2273 3293
403 289 1172 364 sentia autem dicit naturam diuinam simpliciter. ¶ Unde nota
402 351 1187 397 secundum e. Bonauen. e. di. q. i. quod in diuinis quadam sunt
424 395 1178 442 nomina mere essentialia dicta essentialiter vt deitas
423 437 1183 484 bonitas maiestas. Quedam autem sunt essentialia di¬
415 478 1172 534 cta personaliter. vt genitus generans spirans etc. Sed qua
411 517 1177 569 dam sunt personalia dicta essentialiter. vt missus: icat
418 569 1180 616 natus datus. quae dicunt respectum ad personam. Ideo
414 608 1184 669 sunt personalia. Dicunt etiam effectum in creatura: ideo
418 644 833 703 sunt essentialiter dicta etc.
450 695 1174 783 ¶ An potest pater generare plu
423 763 1073 834 res filios. Uide vbi Deum esse. §. xx. et. xxi.
453 833 1171 926 ¶ Utrum potentia generadi dica
421 908 1175 956 tur vere esse in filio etiam et no tantum in patre: Nota ad
420 951 1180 1012 hoc secundum Guil. in i. dist. vii. quod potentia generandi tri¬
408 992 1183 1054 pliciter dicitur ¶ Primo prout ly generandi est gerundium
416 1032 1186 1087 istius verbi actiui genero ras. Et sic non dicitur esse in fi
412 1083 1180 1132 lio secundum Scotum quia cum dicitur potentia generandi est in
406 1128 1184 1171 isto: significat suppositum quod potest in actum gignitio¬
409 1162 1190 1219 nis egredi. Et sic cum diceretur quod potentia generandi
415 1200 1183 1249 est in filio significaretur quod suppositum vel persona fi¬
406 1250 1187 1296 lii potest egredi in actum gnationis. quod est falsum. patet
423 1284 1184 1337 quia filius non potest gratiare. Unde ista: filius habet potentiam
420 1325 1187 1383 generandi non ita conceditur proprie. Similiter nec ista. fili¬
430 1366 1175 1431 us habet sceitam generandi. sed ista Filius scit generatie
411 1409 1184 1467 nem. bene conceditur ¶ Secundo potest capi vt ly generandi
423 1452 1194 1513 est gerundium verbi passiui scilicet generor. Et sic conceditur
413 1497 1190 1553 secundum magistrum quod filius habet potentiam generandi quia habet
417 1537 1185 1590 huiusmodi potentia quae generetur. ¶ Tertio potest capi vt ly
419 1573 1180 1638 generadi sit genitiuus casus huius participii scilicet Sed
406 1624 1187 1672 nerandus da. dum. Et sic dicit quasi impersonaliter actum
423 1661 1189 1720 ex potentia tali aut ad gignitionem actiuam aut ad
420 1713 1171 1765 passiuam. Et quia hec disiuctiua est vera scilicet quod filium
415 1747 1183 1805 aut gignit aut gignitur. Ideo sic capto ly generan
417 1799 1180 1842 di conceditur quod in filio est potentia generandi. Uerut
405 1825 1180 1892 proprie loquendo et simpliciter. potentia generandi est pre
430 1871 1187 1938 pria patri: et non tam proprie est in filio. vt patet vbi Pro
423 1910 870 1986 prie. §. vi. de Appropriatis.
411 1964 1193 2027 ¶ An generandi potentia cadat
408 2012 1178 2070 sub omnipotentia dei. Uide vbi Equalitas. §. xviii.
429 2084 1178 2178 ¶ Utrum potentia generandi sit
423 2162 1180 2213 eadem et equair in filio sicut in patre: Ad hoc Mgis
412 2203 1179 2251 in primo dist. vii. Respondet quod sic allegan. Aug. contra
418 2245 1186 2295 Maximum dicit. sic. Absit vt ideo sit potentior pater fi
415 2286 1181 2344 lio sicut putas: quia creatorem genuit. Filius autem
420 2329 1184 2387 non genuit. neque enim ideo filius non genuit quia non
421 2371 1177 2428 potuit sed quia non oportuit etc. Et infra exponen
427 2422 1187 2466 magister dicit id est non ex impotentia filii fuit hoc quod non genuit
409 2453 1187 2509 sed quia ei non conuenit: quia pater proprietate gnationis pat
418 2500 1184 2552 est qua oportet eum non esse filium. Et filius proprietate natiui
414 2538 1190 2590 tatis filius est qua oportet eum non esse patrem. Unde
417 2587 1177 2637 magister concludit quod vna et eadem sit potentia qua pa
423 2631 1184 2677 potest generare et quo filius potest generari cum in pa
424 2676 1175 2715 tre et filio non sit nisi vna sapientia et vna natura et pa
421 2704 1192 2771 tentia. Hec ibi. Intelligendum autem est secundum Scotis.
1253 287 2024 358 et Fran. Maro. ac doc. quod in patre est actiue: In
1252 347 2018 400 filio passiue. Unde Guill. ibidem ponit talem condusio
1254 388 2021 438 nem quod vnica eademque potentia quae in patre est vt generet
1263 437 2027 491 In filio est vt generetur. Probatio quia vnumquodque
1260 476 2027 530 vt sibi congruit sic est in vno et in alio Sicut cogni¬
1249 518 2020 570 tio alicuius rei est eadem in oculo et imaginationem
1254 558 2018 613 et intellectu: alio et alio modo prout singulis congruit
1258 602 2026 648 Cum ergo potentia generandi conueniat patri actiue
1259 637 2030 691 scilicet vt generet: et filio vt generetur sic ponenda est in
1261 679 2021 733 eis etc. Exemplum secundum Rich. e. di. vii. q. iii. Sicui
1254 725 2017 771 cum ex aere generatur ignis dicimus quod in aere ille
1263 763 2021 816 est aliqua potentia qua ignem potuit generare. Et
1253 808 2033 856 cum illa materia aeris in quo est potentia talis ma¬
1263 848 2030 902 neat in esse ignis generati. Dicimus quod in illo igne
1260 894 2029 954 genito est potentia aliquo modo eadem qua potuit gene
1261 931 2021 987 rari etc. Sic in proposito exquo filius est genitus
1267 974 2027 1031 de substantia patris: et eadem substantia manet in filio
1261 1021 2030 1082 videtur aliquo modo quod potentia qua filius potuit gene
1257 1062 2038 1115 rari non differt a potentia quae pater potuit generare in
1260 1100 2030 1156 aliquo absoluto: quia nominat diuina essentiam sub ratione
1257 1141 2033 1205 quae communicabilis est per greatiationem. Hec Rich. sed hoc exen¬
1270 1192 2038 1244 plum deficit in hoc quia essentia non est materialis
1257 1232 1720 1296 pars vel causa in diuinis etc
1274 1263 2017 1351 ¶ Quid est proprie fundamenta
1263 1325 2027 1381 liter ista potentia generadi: Respondet Guill. e. dist.
1264 1373 2027 1420 vii. Quamuis Tho. dicat quod est essentia diuina. moe
1270 1418 2033 1473 lius tamen cum doc. Subti. Dico inquit quod potentia gene
1263 1456 2032 1516 randi in patre est memoria fecunda vicem itellect. cum
1266 1507 2036 1546 essentia diuina. Hec Guill. concor. Fran. Maro.
1270 1544 2030 1589 in confla. primi e. di. vii. q. iii. ¶ Si obiicitur Memo
1272 1581 2033 1640 ria fecunda est in patre et non in filio. ergo nec potentia
1269 1622 2036 1679 generandi est in filio. Respondet Guill. concor. Fran.
1270 1675 2036 1724 ibidem quod memoria fecunda dicitur solum esse in pre qui habet
1266 1706 2023 1766 prolem mentis scilicet verbum. In filio autem est memoris
1257 1756 2036 1806 eadem absolute non vt cum ista fecunditate. Nam secundum
1265 1792 2029 1842 Aug. xv. de trin. Quelibet trium personarum habet memo
1261 1834 2036 1892 riam intelligentiam et voluntatem. Sed memoria vt
1269 1875 2017 1942 est in patre est fecunda vt generet verbum ¶ In fili
1272 1914 2033 1974 etiam est menoria eadem sed non nisi vt gignai. Unde
1263 1959 2037 2018 potentia generandi quae est essentia cum intellectum est in
1269 2010 2021 2055 patre vt generet. Et est in filio vt generetur seu vt
1260 2038 2027 2090 sit filius cum sit causa essendi filio. Quia dicente
1264 2087 2033 2143 Aug. sicut pater deitate est deus et paternitate est
1263 2136 2030 2186 pater. Ita filius eadem deitate est deus et filiatione
1261 2174 2033 2224 est filius. Concluditur est quod quia menoria est subiectum
1261 2214 2021 2274 huius potentialitatis. vbi aut est subiectum: ibi est et eius
1257 2253 1945 2319 propria passio. ergo in filio est potentia generandi.
1276 2307 2020 2382 ¶ Quare pater non communicat filio
1275 2366 2026 2418 actiua praotentiam generandi cui tamen communicat potentiam
1268 2415 2017 2462 spirandi: Respondetur secundum Bonauem. e. dist. vii. q. ii quod
1257 2456 2030 2504 hoc est propter duo. Unum quia hoc est impossibile. Aliud
1257 2495 2029 2546 quia non conuenit. Ratio quaere non est possibile quia actiua
1260 2541 2032 2587 potentia generandi vel fecunditas inest patri ex pri¬
1263 2578 2033 2630 mitate id est inquantum est primum principium. Impossibile
1261 2626 2036 2671 est autem quod primum principium communicet alii primitatem: quia
1261 2659 2027 2706 hec est oppositio in adiecto vicem quod persona sit produ
1263 2701 2042 2768 cta et cum hoc sit prima. ergo etc ¶ Item ratio quare non
