2255 3306
250 285 1028 352 conuenit: quia necesse est distingui personas inter se
258 343 1013 395 per originis habitudinem ergo per generare et per genera
256 388 1028 436 ri. Sed quia non conuenit nec potest esse vt persone diuine
243 425 1013 480 non distinguantur scilicet pater a filio vt patuit. §. xlii. ergo
249 469 1013 522 habetur propositum. Potentiam vero spiratiuam pater beae
244 518 1022 567 ne potest communicare filio: quia cum filius dei non spiretur nec
256 553 1018 607 est spirabilis: ideo potuit habere primitatem spi¬
255 596 1020 648 rationis simul cum patre Ratio Rich. de meud. villa.
251 641 1010 687 Quia potentia spirandi est voluntas diuina vt non
252 675 1010 730 habita per spirationem. Et ergo cum filius non spiretur habs
254 724 1013 775 eam a patre et non per spiratione. Sed potentia generati
252 763 1015 818 ua est natura diuina vt non habita ab alio. Sed
252 805 1009 861 quia filius habet eam a patre. ergo potentia generatiua re
254 848 1021 913 pugnat filio: tantum potentia spiratiua non repugnat
246 893 767 954 sibi. Hec ex Rich. dist. e. vii. q. ii
273 915 1003 1016 Sed obiicitur quod frustra videtur
243 989 1014 1058 ponere potentiam generadi in filio cum non possit in
249 1035 1006 1092 actum generationis exire. Respondetur secundum Guill. supra
253 1081 1009 1136 quod non ponitur frustra. Nam est ad tria. Primo ad
245 1122 1010 1173 esse simpliciter. Et sic est in tribus personis potentia abso
246 1161 1013 1216 lute. Secundo ad generari passiue: et sic est in filio.
243 1209 1013 1258 ¶Tertio ad generare actiue. et sic est in solo patre
247 1248 1009 1307 Item secundum Fran. Maro. non ponitur frustra quia ipsa
248 1290 1012 1345 potentia simpliciter quae est in filio habet actum generandi
242 1330 1012 1393 licet non in filio sed in patre. Sicut exempli gratia. Eadem
238 1372 1009 1437 anima que est in homine habet actum imaginandi prout est
245 1419 1019 1469 in capite: sed vt est in pede non habet illum actum. nec pro¬
243 1462 1019 1519 pterea dicitur frustra. sic in proposito. Essentia diuina
255 1501 1019 1552 in quacumque personarum sit habet ex se semper generan¬
244 1543 1009 1599 di potentia actiuam et est communiuncta cum gratioatione acti¬
237 1583 895 1652 ua cum sit ipsa memoria vel mens fecunda.
249 1624 1007 1701 ¶ Quid si dicatur cum redupli¬
240 1690 1003 1744 catione vel determinatione signi vicem quod memori:
244 1730 1009 1786 vel essentia diuina vt in filio non habet potentiam ge¬
243 1777 1009 1831 nerandi: Fran. Maro. ibidem dicit quod non est incon¬
246 1814 1006 1872 ueniens dicere vicem quod vt sic id est vt in filio non est communium¬
252 1861 1003 1908 cta generationi: ergo est sine potentia generandi vt in
252 1898 1009 1959 filio. Secus vt in patre in quo est coniuncta generationi.
258 1945 1006 2021 ¶ Sed quo intelligitur quod essen¬
249 1998 1015 2058 tia vt in filio priuatur eo quod in patre habet Respondet
243 2042 1007 2103 idem Fran. quod sicut eadem potentia visiua est in
252 2090 1006 2138 duobus oculis: que vno clauso oculo videre potons
240 2133 1013 2189 in alio aperto simpliciter. Et tantum ista est vera quod poten¬
238 2177 1013 2228 tia visiua habet videre quia verificatur de oclo aperto Et et
243 2213 1010 2272 vere dicitur quod potentia visiua est in oclo clauso: tamen vt in
253 2259 1010 2309 oclo clauso non habet videre vel actum videndi. sic in propo
249 2297 1009 2353 to non est contradictio dicendo. Essentia habet pos
251 2345 1016 2395 tentiam generandi simpliciter et tamen eadem
249 2389 1012 2454 essentia vt in filio non habet potentiam generan¬
243 2429 472 2471 di actiuam etc.
312 2472 1009 2543 ¶ An posset etiam dici quod poten
249 2528 1022 2581 tia generandi passiua est in patre: Respondetur
247 2572 1016 2622 secundum e. Franciscum quod sic. Sed quia pater non habet per¬
243 2614 1012 2660 sonam a quo generetur. Ideo illa potentia vt in
247 2659 1022 2711 patre non potest generari sicut econuerso de fi¬
246 2699 418 2767 lio patuit.
1100 297 1887 372 ¶ An etiam in spiritu sancto sit po¬
1098 361 1865 409 tentia generandi: Respondetur secundum Guil. supra. et doctur:
1095 403 1861 451 quod sic. eisdem rationibus quibus patuit de filio. quia eadem
1099 443 1867 493 essentia est in spiritu sancto: ergo et potentia vt spiretur
1098 485 1858 535 quae in filio vt generetur. Nam ad hoc quod potentia gene
1099 526 1862 578 randi sit in aliqua persona sufficit quod vel det esse
1099 568 1859 613 simpliciter sicut in spiritu sancto. vel det generare sicui
1096 612 1865 662 in patre. vel generari sicut in filio. licet non habeat
1099 655 1862 709 potentiam generandi secundum effectum in filio: nec in spiritu
1099 693 1868 746 sancto. Et sic intelligendum est hoc dictum. vicem quod si
1096 745 1864 787 cut deus per infinitam suam potentiam facit et habet
1089 779 1874 836 quod pater generat: Ita per eandem potentiam infinitam
1084 822 1775 888 facit quod filius generetur et quod spiritus sanctus spiretur.
1146 874 1859 980 ¶ Enus dei nos quo
1236 954 1859 1014 sumus et in eo viuimus etc. vbi Idea
1085 988 1196 1049 §. xxv.
1329 1050 1846 1133 Aibitus. de hoc
1324 1129 1874 1175 queritur. Utrum habitus sit princi
1313 1171 1861 1221 pium actiuum respectu actus: Responde
1092 1216 1861 1256 tur secundum Scotorelis. in primo dist. xvii. q. ii quod varie
1084 1255 1871 1308 sunt opiniones. Una dicit quod habitus adquisiti. si
1086 1296 1871 1348 cut scie artis vel virtutis adquisite non sunt cause
1095 1336 1864 1381 substantie actus sed tantum expeditionis et intensionis
1095 1379 1850 1433 in actu tali. Unde. iii. de anima Commentator dicit quod
1095 1420 1861 1468 scilicet habitus est quo habens vtitur cum voluerit et operatur
1086 1465 1858 1511 faciliter delectabiliter et expedite. Sed habitus infu
1086 1503 1864 1559 sos sicut est habitus charitatis dicit hec opinio
1086 1552 1873 1601 esse totales causas tam substantie actus quam etiam
1092 1595 1864 1642 expeditionis etc. ¶ Sed alia est opinio rationabilior
1096 1619 1855 1681 quod habitus est causa partialis respectu actus perfecti ita
1083 1673 1861 1719 quod potentia scilicet voluntas. et habitus scilicet charitatis sunt
1086 1716 1861 1769 due cause partiales integrantes vnum totalem actum perfe¬
1093 1760 1869 1808 cte charitatis vel virtutis infuse. Nam et habitus
1092 1802 1855 1854 generatur in adquisitis virtutibus ex actibus frequenter
1083 1846 1861 1890 iteratis. Unde si habitus esset causa totalis substan¬
1092 1883 1855 1927 tie actus et expeditionis in actu. etiam loquendo de
1089 1925 1859 1978 infusis sequeretur quod habens semel charitatem numquam
1089 1971 1862 2016 posset peccare mortaliter. quod est manifeste falsum
1101 2008 1862 2060 Probatur consequena: quia sic praedinaretur semper charitas in actio
1083 2050 1861 2104 ne meritoria. ergo habens eam non posset moueri ad contrar ium
1096 2093 1858 2141 eo quod habens formam praedinantem sue actioni non potest mo¬
1083 2135 1856 2187 ueri contra inclinationem illius forme sicut patet de cor¬
1090 2180 1866 2240 pore mixto in quo dominatur terra quod non potest ex se moue¬
1083 2218 1694 2280 ri sursum. sic in proposito. Hec Scotorel
1111 2255 1865 2332 ¶ An ipsius habitus nostri intel¬
1090 2313 1865 2367 lectus vel potentie intellectiue obiectum sit quiditas
1083 2365 1864 2412 rei materialis: Ad hoc Tho. dicit quod potentiarum triplex est
1078 2401 1853 2460 modus. Aliqui enim sunt potentie penitus alligate ma
1087 2449 1861 2498 terie tam quo ad esse quam quo ad operari sicut patet de potentia se
1084 2492 1863 2542 sitiua. Alie sunt solute a materia et quo ad esse et quo
1092 2532 1861 2577 ad operari sicut sunt angelici spiritus. Denique alie sunt
1092 2572 1861 2620 solute qua ad esse et sunt in materia quo ad operari sicut est in
1077 2616 1858 2661 tellectus humanus. Et concludit quod primum obiectum intelle¬
1086 2662 1849 2708 ctus nostri est quiditas rei materialis. ita quod sicut intellectus
1084 2699 1865 2763 diuinus cum sit summus habet sibi proportionatum obiectum scilicet
