2245 3306
289 288 1057 354 tanquam effectus in cognitionem cause quasi secundum partem
288 346 1060 399 inferiorem secundum esse. scilicet non secundum intelligentiam. Non autem
292 387 1058 433 tanquam imago dei de ppinquo repriestentat et cognoscere
286 430 1060 480 facit trinitatem etc. ¶ Sed an imago sit inseparabils
288 470 787 538 ab anima. Uide vbi Anima. §. xi.
336 509 1049 590 Quius respectu in diuinis est
298 574 1043 632 imago in mente attendenda: Respondetur secundum Scoto
292 622 1046 665 relis. ibidem scilicet di. iii. lib. primi. Exquo sic est trinitas
292 664 1060 708 personarum est quasi vt totu: et in intellectu nostro con¬
301 705 1058 753 sistit quoddam totum numerale potentiarum trium
297 745 1045 789 scilicet Memorie: intellectus et voluntatis. Et perso
288 786 1052 832 ne diuine intelliguntur quasi partes totius trinitatis nume
289 831 1048 887 rales sicut et potentie anime sunt partes totius anime quodam
291 871 1052 917 modo. Sic ergo imago dei non attenditur in nobis re¬
285 913 1052 959 spectu vnius persone divine tantum. Nec respectu esse
283 955 1048 1003 tie in qua sunt vnum. Sed respectu totius vnita¬
279 998 1045 1042 tis et trinitatis personarum. Hec ex Scotorelis. Et ad
276 1042 1047 1095 idem latius patuit supra. vbi Anima. Sed quoniam
279 1085 1047 1138 ipsa anima humana est non solum ad imaginem
285 1125 1051 1180 nedentiam ad similitudinem dei facta Gen. primo.
327 1163 1043 1242 ¶ Quomodo ergo imago differenter
277 1215 1040 1279 assignetur in anima. Et quo anima humana dicitur
288 1271 1019 1344 ad similitudinem dei. De his tractabimus. li. ii.
260 1342 1041 1426 ¶ Utrum solus filius sit vere et pro¬
279 1416 1036 1471 prie imago perfecta dei patris: Ad hoc scriptura sa
280 1468 1040 1516 cra expresse dicit Heb i. quod filius sit splendor glo
271 1506 1046 1558 rie et figura substantie eius scilicet patris. Ubi figu¬
280 1550 1039 1598 ra accipitur pro imagine secundum Lyram et docotres communi
279 1590 1043 1640 ter. Unde et magister primo libro. dist. xxvii. Et etiam. xxxi.
273 1631 1038 1686 filio appropriat esse imaginem dei patris. Sed
280 1674 1044 1729 quomodo hec intelligantur: hic plures articuli occurrunt
271 1716 1034 1760 subsequenter declarandi. ¶ Pro euidentia etc.
281 1749 1037 1808 Primo quare filius dicitur spiendor glorie patri
274 1800 1028 1847 et figura etc. cum non sint similia. Respondetur brevite
280 1832 1046 1888 secundum Lyram in Postil. ibidem quod filius dicitur splen¬
277 1881 1031 1927 dor patris pro tanto quia procedit a patre vt splendor:
276 1925 1031 1969 a sole. Item quia sicut splendor est coeuus soli et esset coeternus
277 1967 1043 2015 si soleet eternus: sic filius est patri coeternus. Et
279 2009 1028 2060 sic est aliqua similitudo licet non plena. vt patuit vbi Sec
273 2051 1037 2102 neratio. §. vi. Item filius dicitur non solum splendor sed etiam
274 2093 1046 2136 splendor glorie: quia gloria inquit est clara noticia cum
277 2135 1040 2181 laude. Unde gloria dicitur quasi claria. c. mutata in g.
274 2175 1034 2225 Et quia filius procedit a patre sicut noticia de noti¬
279 2217 1036 2271 tia: quia filius est sapientia genita et verbum patris
272 2264 1033 2316 et ideo dicitur splendor glorie. Denique dicitur fi¬
264 2308 1036 2356 gura. Accipitur autem hic figura inquit pro imagine quia
267 2342 1033 2396 filius est imago patris ¶ Item addendo dicitur
277 2383 1031 2432 figura substantie patris quia est imago natura
270 2429 1033 2481 lis et simillima vtpote sine aliqua dissimilitudie
271 2471 1037 2535 in identitate essentie vel nature Hec ex Lyra supra. si
267 2512 832 2582 mulque Tho. et Bonauen. dist. xxxi.
276 2556 1038 2638 ¶ Secundus articulus an esse ima¬
268 2619 1046 2683 ginem conueniat etiam spiritu sacto vel soli filio: Ad hoc argui
274 2673 1033 2724 tur quia Damasce. dicit quod spiritus sanctus est imago filii.
271 2712 1049 2771 videtur ergo quod non debeat appropari soli filio in diui¬
1129 292 1907 370 nis esse imaginem. Respondetur secundum Bona. e. dist. xxxi. per. ii.
1126 353 1894 404 q. iii. Et Guil. ibidem recolligendo quod ex quo in diuis
1134 399 1909 449 omnia quae ponuntur sunt in summo et perfectissimo modo eminem
1123 436 1904 492 tie secundum Diony. Ergo sequitur quod in diuins imago non
1126 475 1909 533 solum dicit expressionem persone simpliciter prout vna persona
1131 517 1898 577 imitatur aliam quocunque modo sed dicit talem expressionem et
1128 561 1900 621 imitationem etiam in summo et perfectissimo modo Cum
1122 607 1896 659 autem solus filius imitetur patrem in summo et primo modo
1122 648 1910 705 infinito scilicet in hoc quod sicut pater producere habet personam
1135 687 1895 745 Ita et filius producere habet personam spiran¬
1132 738 1904 791 do videlicet spiritum sanctum. Sed spiritus sanctus non habet pro
1126 775 1904 836 ducere aliquam personam ergo soli filio conuenit proprie et per
1132 813 1895 870 fectissime esse imagine. Sed spiritu sancto non tam pro
1137 863 1907 912 prie Illud ergo damasceni dictum vel etiam Augustini
1131 906 1907 957 consimile dictum scilicet quod spiritus sanctus est imago filii: Ac¬
1123 947 1910 1001 cipiendum est et intelligendum exponendo sane. quia
1122 990 1903 1036 Greci vt fuit damascenus nimis imprope vtuntur
1122 1029 1904 1077 nomine imagis. non ita latini Intelligi ergo dicitet illud sic quod
1126 1069 1902 1121 spiritus sanctus est imago filii causaliter quia reformat
1122 1111 1900 1160 nos ad imaginem christi filii dei Hec Bon ¶ Item
1132 1158 1895 1213 erfectio summa imaginis secundum eundem Guil. tria requi¬
1129 1201 1900 1243 rit quorum si aliquod deficit non erit summa. Primu
1116 1238 1904 1292 est quod quasi representet imaginatum etiam in exteriori¬
1129 1280 1891 1332 bus. Iomnque licet verbum nostrum iternum representet memo
1126 1327 1904 1382 riam a qua producitur quia tamen hoc totum est interius ergo ver¬
1129 1365 1901 1420 pum nostrum non dicitur imago. Secundo quod imago sit eiusden¬
1123 1411 1893 1459 nature cum suo imaginato Et ideo mens nostra non
1122 1452 1891 1504 est proprie imago dei. Sed magis dicitur ad imaginem
1112 1497 1886 1550 dei et sic sonat etiam scriptura Sen. i. Tertio quod
1117 1532 1894 1580 imago procedat per modum nature. et sic excluditur spi¬
1117 1578 1895 1631 ritus sanctus qui procedit per modum voluntatis. Unde exquo
1117 1615 1885 1665 ista tria habet solus filius dei qui est eiusdem nature cum pa¬
1116 1659 1891 1715 tre et procedit per modum nature. Et quia vt dictum est. prae¬
1117 1693 1894 1756 moconuenit cum patre in spiratione actiua quae est quasi
1122 1745 1900 1791 aduenticia quia aduenit post esse completum patris et fi
1110 1782 1893 1842 lii et sic repraesentat patrem quasi in exteriori etiam ergo etc
1144 1851 1898 1927 ¶ Tertio An aliquo creatura pos¬
1113 1912 1882 1962 sit vere dici imago dei: Ad hoc Respondetur quod si accipia
1123 1959 1891 2000 tur imago proprie: soli filio conuenit vt iam dictum est
1122 1999 1891 2045 n proximo. Unde Aug. lib. de imagine ait quod homo vel
1113 2042 1891 2090 angelus verius est ad imaginem dei quam sit imago dici.
1128 2079 1894 2139 Ideoque et scriptura notantur dicit Sen. i. Faciamus
1114 2122 1892 2173 hominem ad imaginem etc. ¶ Nota ergo differentiam
1110 2171 1880 2216 triplicis assignationis circa hoc ex copendio veri¬
1114 2213 1892 2260 tatis Aureolis Aut alii putant Thome Prima quod
1113 2250 1883 2296 imago quedam est equalitatis perfectissime. et sic solus
1114 2293 1900 2338 filius dei est imago patris. Quedam est imago imi¬
1105 2342 1880 2390 tationis et sic homo factus est ad imaginem de scilicet vt ipsum co
1116 2378 1879 2429 grascat et amare studeat imitando in virtutibus. Que
1113 2424 1888 2476 dam autem est imago repraesentationis. Et sic modos dicitur specu
1116 2464 1886 2509 lum et imago bonitatis dici velut vmbra representans etc.
1119 2506 1892 2549 Unde i. Corum. xiii. Uidemus noces per speclum in enigmate
1114 2548 1886 2591 licet vmbratico etc. ¶ Secunda differentia ibidem pro elucidatione
1113 2588 1889 2640 et quod quidam est imagodo non ad imaginem sicut filius dei.
1111 2631 1880 2684 Quedam autem est imago ad imaginem vt est homo vel an
1110 2672 1870 2727 gelus Item quedam est non imago sed ad imaginem
1098 2719 1889 2787 vt modos qui non est imago quia non est capax dei per
