2273 3287
406 280 1184 356 videlicet quod deus de ocio ad actum non sic transit
405 348 1187 407 vt adquirat aliquem actum quem prius non habebat
411 397 1171 447 quia omnia que habet nunc habuit ab eterno. Sed
409 430 1168 489 tamen dicitur nunc creans vel agens qui prius non age
403 477 1168 524 bat hoc. non propter mutationem facta in ipso deo. Se
404 516 1169 570 ppter mutationem effectus qui nunc est et prius non
406 566 1172 615 fuit. Et ex hoc denominatur deus. non per denomnina
400 600 1168 656 tionem formalem in deo existentem quia vt predictum es
411 642 1177 701 extrena huiusmodi contradictionis scilicet esse agens. vel
404 684 1177 734 non agens. non sunt in deo formaliter: alias deus mu¬
403 732 1165 786 taretur in se vt de agente fieret non agens Sed iuxti
409 772 1184 819 mentem etiam Scotic vt inquit idem Fran. omnia ta¬
409 810 1181 864 lia saluantur per denominationem extrinsecam in deo. quia
416 855 1181 911 ex huiusmodi actione denominatur deus extrinseca de¬
406 895 1172 947 nominatione. Unde cum dico. deus agit vel creat. non
402 937 1180 989 signatur nec intelligitur quod sit aliquid in deo formaliter
403 976 1181 1026 ex tempore vel de nouo adueniens. Sed quod so¬
400 1021 1184 1081 lummodo in creatura est formaliter talis actio vel
402 1071 1183 1123 creatio passiua qua deus denominatur agens vel cre
405 1107 1184 1157 ans denominatione extrinseca et non formali Pro¬
408 1155 1178 1204 pterea Aug. de trini. dicit quod necesse est ponere in
411 1190 1181 1240 deo denominationem respectu creature denomi¬
412 1235 1172 1282 nantis. Idem ergo primo de trinitate dicit quod deus
409 1268 1175 1331 fac mutabilia sine mutatione sui ¶ De ista deno
400 1311 1016 1380 minatione extrinseca etiam vbi agere. §. ix.
468 1383 1166 1449 ¶ Sed cum dico quod deus est creato:
418 1425 1172 1487 videtur quod formaliter dicitur quia predicatione denomina
400 1478 1174 1525 tiua que est per modum informantis vt claret per
409 1518 1184 1564 denominatiue predicationis descriptionem positam
406 1563 1181 1609 supra vbi Identica predicatio ergo etc. Respondetur secundum
408 1596 1184 1654 Fran. maro. vbi. supra. Concedo inquit quod deus est for¬
406 1641 1177 1685 maliter illud quod denominatur aliqua denominatione in
401 1678 1165 1746 predicatione denominatiua Uando autem dicis quod deu
408 1722 1177 1783 est creator formaliter. Si sic intelligas quod creatio
414 1773 1181 1813 est formaliter in deo tunc nego. quia creatio non est for
409 1804 1175 1857 maliter in deo Nam creatio est de genere actionis
405 1845 1174 1903 Actio autem est praedicamntum accidentis sed in deum nul
406 1888 1184 1939 lum cadit accidens. xii. metaph. ergo creatio cum sit ac¬
417 1931 1187 1988 cidens et ex tempore adueniens non est in deo. Si
405 1976 1184 2029 autem dicendo. deus est creator. formaliter. Intel¬
414 2017 1180 2079 ligas quod deus formaliter est creator. non creatione
414 2067 1183 2114 que sit in deo formaliter. sed creatione que est for¬
417 2107 1186 2151 maliter in creatura cum denominatione extrinse¬
406 2146 1183 2209 ca formaliter dicta de deo. sit concedo. inquit. sed sic non
405 2185 741 2251 habes propositum etc.
480 2230 1180 2307 Item Gubitatur ercto. Abi
418 2281 1172 2340 est creatio actiua dum deus creat: Nam creatio
417 2330 1171 2385 passiua constat esse in creatura que creatur. Sed
412 2375 1184 2426 de actiua creatione dubium est in quo habet esse
415 2419 1171 2471 cum non sit in deo vt dictum est Et arguitur sic It
414 2465 1175 2511 quocunque est agere ipsum agit. si ergo creare quod
415 2502 1180 2555 est agere dei non esset in deo. sed esset formaliter in
408 2553 1183 2597 creatura sequeretur quod creatura actione diuina
417 2590 1183 2634 ageret vel ipsa crearet ¶ Ad hec respondendo. Nota
417 2626 1181 2683 primo secundum Guil. in primo dist. xxx. conclusione. iii
418 2675 1193 2724 quod opinio est venerabilis Uarronis dicentis quod cre¬
417 2720 1196 2775 atio actiua qua deus creator dicitur est in creatu
1251 285 2012 358 ra non in deo. Et probat per illud. iii. Phycorum.
1251 349 2012 396 Actio est in passo. Sed hoc non bene est dictum
1254 391 2011 434 Satis enim extraneum est dicere quod creatio actio
1245 430 2020 478 sit in creatura: quia cum forma denominat id in
1251 476 2015 524 quo est: sequeretur ergoquod creatura esset creatrix et
1247 515 2011 563 crearet vt in proximo arguebatur. Et quod dicit de. iii
1251 555 2026 609 Phycorum hoc intelligitur terminatiue id est actio agentis
1251 595 2014 644 terminatur in patiens ¶ Nota secundo ibidem et
1241 642 2017 695 Guill. quod relatio qua refertur creatura ad deum
1248 682 2014 729 est in creatura non in deo. Et quia in deo ponere
1249 728 2026 775 fundamentum relationis non est inconueniens vtpu
1254 768 2015 816 ta potentiam creandi esse in deo. Ideo non est etiam
1253 806 2021 861 inconueniens quod in illo fundamento id est in potentia
1259 852 2017 899 creandi fundetur relatio ista scilicet creatio. Hec omnia
1247 890 2021 948 praedicta ex Guill. ¶ Nota tertio secundum Fran. maro.
1249 941 2026 991 supra. Quod quamuis creatio sit actio in creatura et non
1245 979 2027 1028 in deo formaliter sicut praedictum est. Uerumtamen ipsa crea¬
1254 1023 2018 1068 tura non dicitur creatrix: quia ly creatrix dicit actio¬
1249 1054 2017 1110 nem. Et creatio actiua sub nomine actionis non est
1253 1095 2010 1156 apta denomninare nisi extrinsece creaturam sicut ops
1260 1141 2026 1194 dicitur humanum. Hec Franciscus. Unde ad quefi¬
1255 1185 2021 1238 tum patet etiam etx Scotorelis. dist. xxxvii. primi. Quod
1245 1227 2006 1284 si deus crearet nouum mundum ibi de nouo esset de
1254 1272 2020 1322 nec propter hoc esset mutatio in deo: quia non habe¬
1258 1319 2024 1375 ret deus aliquam relationem ad ipsum quamuis creatu¬
1249 1356 1783 1424 ra haberet ad deum relationem etc.
1256 1402 2011 1491 ¶ Unde est quod deus non mutat
1252 1468 2018 1518 aliquo modo. dum exit de ocio in actum: Respondetur secundum Bo
1249 1518 2017 1565 nauen. in primo dist. viii. arti. ii. q. i. quod hoc est pos
1249 1552 2020 1600 tissime ex hoc: quia deus agit seipso. Unde nota
1253 1591 2023 1648 pro declaratione quod quando agens non agit seipso vel non
1251 1637 2018 1687 est sua actio: sic agit quod per talem actionem sibi ad
1254 1680 2021 1728 uenit aliquid nouum quod prius in eo non erat quia inter
1260 1719 2020 1774 ipsum agens et effectum cadit medium saltem accidentale
1260 1764 2020 1815 quod disponit ipsum. Ideo tale non agens dum iam fit
1245 1803 2026 1854 agens alteratur et mutatur vt patet in creaturis quia sunt
1245 1845 2027 1893 mobiles actione. Sed agens quod est sua acto agit seipso.
1253 1890 2014 1936 Tale est deus qui sola voluntate immutabili ab aeterno
1251 1931 2016 1986 quicquid vult agit sine omni motu et mutatione sui. Psalmus
1251 1970 2027 2025 Dixit et facta sunt mandauit id est voluit et creata sunt.
1251 2022 2014 2071 Ideoque ibi non cadit aliquod medium disponens ipsum
1252 2061 2012 2112 quia inter deum et effectum creatum nec cadit aliqua sub
1248 2104 2027 2154 stantia media creans nec cadit noua dispositio
1252 2147 2018 2193 in deum vel motus ad talem effectum producendum.
1248 2192 2029 2238 Et sic nil nouum deo accidit. ergo ex parte dei nulla fit
1254 2230 2024 2277 mutatio. sed solum fit mutatio in effectu vel crea¬
1249 2270 2011 2322 tura. Sicut aliquale exemplum habemus quod dum tolli
1248 2314 2012 2362 obstaculum vel aperitur fenestra domus. Tunc domus
1248 2351 2024 2400 mutatur quia fit lumiosa quae ante fuit tembrosa: et tamen sol¬
1251 2397 2018 2444 qui illumiat eam sine omni sui mutatione fit de non illu¬
1254 2438 2020 2488 minante illuinans illam domum. sic in proposito. Hec ex
1247 2480 1502 2543 Bonauentura
1263 2506 2050 2597 ¶ An deus mutetur ex nouo respe
1251 2588 2030 2634 ctu creature puta exquo deus refertur ad creatu¬
1251 2625 2024 2673 ram que ante non fuit et nunc est. An fiat mutatio
1243 2668 2020 2722 aliqua in deo videlicet in hoc quod transit de nouo
1246 2711 2030 2773 ad talem respectum qui ante non erat: Respondetur secundum Fran.
