<?xml version="1.0" encoding="UTF-8" standalone="yes"?>
<PcGts xmlns="http://schema.primaresearch.org/PAGE/gts/pagecontent/2013-07-15" xmlns:xsi="http://www.w3.org/2001/XMLSchema-instance" xsi:schemaLocation="http://schema.primaresearch.org/PAGE/gts/pagecontent/2013-07-15 http://schema.primaresearch.org/PAGE/gts/pagecontent/2013-07-15/pagecontent.xsd">
    <Metadata>
        <Creator>prov=University of Rostock/Institute of Mathematics/CITlab|PLANET AI GmbH/Gundram Leifert/gundram.leifert@planet-ai.de:name=cod-PELthe-m2(htr_id=29842)::::v=2.6.7
prov=University of Rostock/Institute of Mathematics/CITlab|PLANET AI GmbH/Tobias Gruening/tobias.gruening@planet-ai.de:name=de.uros.citlab.module.baseline2polygon.B2PSeamMultiOriented:v=2.6.7
prov=University of Rostock/Institute of Mathematics/CITlab|PLANET AI GmbH/Tobias Gruening/tobias.gruening@planet-ai.de:name=/net_tf/LA73_249_0mod360.pb:de.uros.citlab.segmentation.CITlab_LA_ML:v=2.6.6
Transkribus</Creator>
        <Created>2021-01-15T15:26:40.028+01:00</Created>
        <LastChange>2021-02-01T19:35:21.470+01:00</LastChange>
        <TranskribusMetadata docId="572610" pageId="23611294" pageNr="124" tsid="51887705" status="IN_PROGRESS" userId="25065" imgUrl="https://files.transkribus.eu/Get?id=SUJPZGWMIJMFDLEQCQOKOZLL&amp;fileType=view" xmlUrl="https://files.transkribus.eu/Get?id=WBQZPMZKKSBJJCYAIRQGZPPH" imageId="18126148"/>
    </Metadata>
    <Page imageFilename="123.jpg" imageWidth="2270" imageHeight="3288">
        <ReadingOrder>
            <OrderedGroup id="ro_1612223671133" caption="Regions reading order">
                <RegionRefIndexed index="0" regionRef="TextRegion_1611331208002_2370"/>
                <RegionRefIndexed index="1" regionRef="TextRegion_1611331206370_2365"/>
            </OrderedGroup>
        </ReadingOrder>
        <TextRegion orientation="0.0" id="TextRegion_1611331208002_2370" custom="readingOrder {index:0;}">
            <Coords points="396,186 1202,186 1202,2752 396,2752"/>
            <TextLine id="line_1611331192088_2357" custom="readingOrder {index:0;}">
                <Coords points="391,360 1202,352 1202,286 612,311 519,274 391,284"/>
                <Baseline points="396,335 400,336 444,338 489,339 533,341 577,341 621,342 666,342 710,342 754,342 798,342 843,342 887,341 931,341 975,341 1020,341 1064,341 1108,341 1152,342 1197,342"/>
                <TextEquiv>
                    <Unicode>¶ In deus moueat seipsum Si</Unicode>
                </TextEquiv>
            </TextLine>
            <TextLine id="r1l5" custom="readingOrder {index:1;}">
                <Coords points="430,400 1196,393 1196,362 1121,348 430,361"/>
                <Baseline points="435,386 472,386 510,387 548,387 586,387 624,387 661,387 699,387 737,386 775,386 813,386 850,386 888,386 926,386 964,386 1002,386 1039,387 1077,387 1115,387 1153,388 1191,389"/>
                <TextEquiv>
                    <Unicode>emim mouet se. ergo mutatur: Quia motus dicit mu</Unicode>
                </TextEquiv>
            </TextLine>
            <TextLine id="r1l7" custom="readingOrder {index:2;}">
                <Coords points="420,440 1170,441 1192,436 1192,396 420,399"/>
                <Baseline points="425,428 463,428 501,428 539,428 577,428 615,428 653,428 691,428 729,428 767,428 806,428 844,428 882,428 920,428 958,428 996,428 1034,429 1072,429 1110,430 1148,431 1187,432"/>
                <TextEquiv>
                    <Unicode>tationem vtpote successionem et variationem. Si autem</Unicode>
                </TextEquiv>
            </TextLine>
            <TextLine id="r1l9" custom="readingOrder {index:3;}">
                <Coords points="427,478 1177,488 1194,439 427,439"/>
                <Baseline points="432,470 469,470 507,471 545,471 583,471 621,471 658,471 696,471 734,470 772,470 810,470 847,470 885,470 923,470 961,470 999,471 1036,471 1074,472 1112,473 1150,474 1188,476"/>
                <TextEquiv>
                    <Unicode>dicis quod deus non potest se mouere. hoc est imper</Unicode>
                </TextEquiv>
            </TextLine>
            <TextLine id="r1l11" custom="readingOrder {index:4;}">
                <Coords points="418,521 1181,520 1157,477 419,479"/>
                <Baseline points="423,509 460,510 498,511 535,512 573,512 611,512 648,512 686,512 724,512 761,512 799,512 837,512 874,512 912,512 950,512 987,512 1025,512 1063,513 1100,513 1138,513 1176,515"/>
                <TextEquiv>
                    <Unicode>fectionis sicut si angelus vel anima non posset se</Unicode>
                </TextEquiv>
            </TextLine>
            <TextLine id="r1l13" custom="readingOrder {index:5;}">
                <Coords points="414,561 1126,569 1183,561 1183,521 414,528"/>
                <Baseline points="419,555 458,554 498,554 538,554 578,554 618,554 658,554 698,554 738,554 778,554 818,554 858,554 898,555 938,555 978,555 1018,555 1058,555 1098,555 1138,555 1178,555"/>
                <TextEquiv>
                    <Unicode>ipsam mouere esset imperfectionis: sed in deo nil</Unicode>
                </TextEquiv>
            </TextLine>
            <TextLine id="r1l15" custom="readingOrder {index:6;}">
                <Coords points="426,610 1174,609 1189,563 426,572"/>
                <Baseline points="431,596 468,596 506,596 543,596 581,596 619,596 656,596 694,596 732,596 769,596 807,596 845,596 882,597 920,597 958,597 995,597 1033,598 1071,599 1108,599 1146,599 1184,600"/>
                <TextEquiv>
                    <Unicode>imperfectionis est. Respondetur ex Bonauem. super pri¬</Unicode>
                </TextEquiv>
            </TextLine>
            <TextLine id="r1l17" custom="readingOrder {index:7;}">
                <Coords points="417,642 1183,650 1183,612 1153,603 417,611"/>
                <Baseline points="422,636 459,638 497,638 535,638 573,638 611,638 648,638 686,638 724,639 762,639 800,639 837,639 875,639 913,639 951,639 989,639 1026,639 1064,641 1102,641 1140,641 1178,642"/>
                <TextEquiv>
                    <Unicode>mo dist. xxxvii. arti. iii. q. ii quod sicut Augustinus ad Ho¬</Unicode>
                </TextEquiv>
            </TextLine>
            <TextLine id="r1l19" custom="readingOrder {index:8;}">
                <Coords points="423,687 1092,699 1187,688 1187,650 423,652"/>
                <Baseline points="428,678 465,677 503,677 541,677 578,677 616,678 654,678 691,678 729,678 767,679 805,680 842,680 880,680 918,680 955,681 993,681 1031,681 1068,681 1106,681 1144,680 1182,680"/>
                <TextEquiv>
                    <Unicode>rosium dicit. Deus mouet seipsum sine tempore et loco et</Unicode>
                </TextEquiv>
            </TextLine>
            <TextLine id="r1l21" custom="readingOrder {index:9;}">
                <Coords points="420,727 1181,736 1175,686 420,688"/>
                <Baseline points="425,720 462,722 500,722 537,722 575,722 612,723 650,723 687,723 725,723 762,723 800,723 838,723 875,723 913,723 950,723 988,723 1025,723 1063,723 1100,723 1138,722 1176,722"/>
                <TextEquiv>
                    <Unicode>sine motu. Idem etiam super Gen. ad litteram dicit</Unicode>
                </TextEquiv>
            </TextLine>
            <TextLine id="r1l22" custom="readingOrder {index:10;}">
                <Coords points="429,778 1120,783 1186,773 1187,736 429,731"/>
                <Baseline points="434,762 471,762 508,762 546,762 583,762 620,762 658,764 695,764 732,764 770,764 807,764 844,764 882,764 919,764 956,764 994,764 1031,765 1068,765 1106,765 1143,765 1181,765"/>
                <TextEquiv>
                    <Unicode>quod deus est in omni tempore et in omni loco. Non</Unicode>
                </TextEquiv>
            </TextLine>
            <TextLine id="r1l24" custom="readingOrder {index:11;}">
                <Coords points="426,810 1124,822 1186,813 1186,774 426,778"/>
                <Baseline points="431,806 468,806 506,806 543,806 581,806 618,806 656,806 693,806 731,806 768,806 806,806 843,807 881,807 918,807 956,807 993,807 1031,807 1068,807 1106,807 1143,806 1181,806"/>
                <TextEquiv>
                    <Unicode>tamen mouetur per loca et tempora Propterea notat</Unicode>
                </TextEquiv>
            </TextLine>
            <TextLine id="r1l26" custom="readingOrder {index:12;}">
                <Coords points="414,854 1181,862 1181,816 1153,812 414,814"/>
                <Baseline points="419,845 456,845 494,846 532,846 570,846 608,846 646,846 683,848 721,848 759,848 797,848 835,848 873,848 911,848 948,848 986,848 1024,848 1062,849 1100,849 1138,849 1176,849"/>
                <TextEquiv>
                    <Unicode>vbi supra. Bonauen. quod in rebus creatis que mo¬</Unicode>
                </TextEquiv>
            </TextLine>
            <TextLine id="r1l28" custom="readingOrder {index:13;}">
                <Coords points="414,910 1186,897 1186,862 1036,851 995,870 414,852"/>
                <Baseline points="419,888 457,888 495,888 533,889 571,890 609,890 647,890 685,890 723,890 761,890 800,890 838,890 876,891 914,891 952,891 990,891 1028,891 1066,891 1104,891 1142,890 1181,890"/>
                <TextEquiv>
                    <Unicode>uent se sunt duo. Unum quod est actus. Et hoc non</Unicode>
                </TextEquiv>
            </TextLine>
            <TextLine id="r1l30" custom="readingOrder {index:14;}">
                <Coords points="414,932 1180,939 1161,893 414,904"/>
                <Baseline points="419,932 456,932 494,932 532,932 570,932 608,932 645,932 683,932 721,932 759,932 797,932 834,932 872,932 910,932 948,932 986,932 1023,932 1061,932 1099,932 1137,933 1175,933"/>
                <TextEquiv>
                    <Unicode>est imperfectionis imo est perfectionis sicut cum anima</Unicode>
                </TextEquiv>
            </TextLine>
            <TextLine id="r1l32" custom="readingOrder {index:15;}">
                <Coords points="423,1002 465,976 1190,989 1190,943 423,947"/>
                <Baseline points="428,975 465,974 503,974 541,974 579,972 617,972 655,972 692,972 730,973 768,974 806,974 844,974 882,974 920,974 957,975 995,975 1033,975 1071,975 1109,975 1147,975 1185,975"/>
                <TextEquiv>
                    <Unicode>potest mouere se. Aliud est variatio et hoc est imper</Unicode>
                </TextEquiv>
            </TextLine>
            <TextLine id="r1l34" custom="readingOrder {index:16;}">
                <Coords points="419,1021 1162,1033 1178,988 586,977 420,1000"/>
                <Baseline points="425,1014 462,1014 499,1014 537,1014 574,1014 611,1014 649,1014 686,1014 723,1014 761,1014 798,1014 835,1014 873,1016 910,1016 947,1016 985,1016 1022,1016 1059,1016 1097,1016 1134,1017 1172,1017"/>
                <TextEquiv>
                    <Unicode>nectionis Unde secundum regulam Dionysi. de di. nomnibus</Unicode>
                </TextEquiv>
            </TextLine>
            <TextLine id="r1l36" custom="readingOrder {index:17;}">
                <Coords points="420,1066 1174,1070 1174,1026 1094,1020 420,1021"/>
                <Baseline points="425,1058 462,1056 499,1056 536,1056 573,1056 611,1056 648,1056 685,1056 722,1056 759,1056 797,1058 834,1058 871,1058 908,1058 945,1058 983,1058 1020,1058 1057,1058 1094,1058 1131,1058 1169,1058"/>
                <TextEquiv>
                    <Unicode>Demus deo quod est perfectionis. relinquendo quod</Unicode>
                </TextEquiv>
            </TextLine>
            <TextLine id="r1l38" custom="readingOrder {index:18;}">
                <Coords points="414,1114 1165,1111 1184,1068 414,1076"/>
                <Baseline points="419,1098 457,1098 495,1098 533,1098 571,1098 609,1098 647,1098 685,1098 723,1098 761,1098 799,1098 837,1100 875,1100 913,1100 951,1100 989,1100 1027,1100 1065,1100 1103,1100 1141,1100 1179,1100"/>
                <TextEquiv>
                    <Unicode>est imperfectionis. Et sic deus mouet se sine mu¬</Unicode>
                </TextEquiv>
            </TextLine>
            <TextLine id="r1l40" custom="readingOrder {index:19;}">
                <Coords points="409,1148 1035,1163 1187,1147 1187,1107 409,1117"/>
                <Baseline points="414,1139 452,1139 490,1140 529,1140 567,1140 606,1140 644,1142 682,1142 721,1142 759,1142 798,1142 836,1142 874,1142 913,1142 951,1142 990,1142 1028,1142 1066,1142 1105,1142 1143,1142 1182,1142"/>
                <TextEquiv>
                    <Unicode>tatione) Intelligendum est ergo quod Aug. dicit deum</Unicode>
                </TextEquiv>
            </TextLine>
            <TextLine id="r1l42" custom="readingOrder {index:20;}">
                <Coords points="427,1189 1181,1197 1165,1144 427,1149"/>
                <Baseline points="432,1181 469,1181 506,1182 543,1182 580,1182 618,1182 655,1182 692,1182 729,1182 766,1182 804,1182 841,1182 878,1182 915,1184 952,1184 990,1184 1027,1184 1064,1184 1101,1184 1138,1184 1176,1184"/>
                <TextEquiv>
                    <Unicode>mouere se sine motu quia semper est in actu perfe¬</Unicode>
                </TextEquiv>
            </TextLine>
            <TextLine id="r1l44" custom="readingOrder {index:21;}">
                <Coords points="412,1227 1181,1236 1181,1198 1033,1184 412,1202"/>
                <Baseline points="417,1223 456,1223 496,1224 536,1224 576,1224 616,1224 656,1224 696,1224 736,1224 776,1226 816,1226 856,1226 896,1226 936,1226 976,1226 1016,1227 1056,1227 1096,1227 1136,1227 1176,1226"/>
                <TextEquiv>
                    <Unicode>cto sed sine mutatione vel variatione sui per loca</Unicode>
                </TextEquiv>
            </TextLine>
            <TextLine id="r1l46" custom="readingOrder {index:22;}">
                <Coords points="412,1265 680,1283 778,1269 858,1296 934,1274 934,1236 864,1227 842,1243 763,1229 413,1234"/>
                <Baseline points="417,1268 442,1268 468,1268 493,1268 519,1268 545,1268 570,1268 596,1268 621,1268 647,1268 673,1268 698,1268 724,1269 749,1269 775,1269 801,1269 826,1269 852,1269 877,1269 903,1269 929,1269"/>
                <TextEquiv>
                    <Unicode>et tempora. Ad hec Tocus. §. vi.</Unicode>
                </TextEquiv>
            </TextLine>
            <TextLine id="r1l50" custom="readingOrder {index:23;}">
                <Coords points="579,1388 726,1391 764,1373 917,1393 943,1377 979,1400 1007,1383 1189,1388 1189,1320 1121,1308 580,1311"/>
                <Baseline points="584,1368 614,1370 644,1371 674,1373 704,1374 734,1374 764,1374 794,1376 824,1376 854,1376 884,1376 914,1376 944,1376 974,1374 1004,1374 1034,1374 1064,1374 1094,1374 1124,1374 1154,1374 1184,1374"/>
                <TextEquiv>
                    <Unicode>INcircuscriptibium</Unicode>
                </TextEquiv>
            </TextLine>
            <TextLine id="r1l52" custom="readingOrder {index:24;}">
                <Coords points="582,1438 783,1424 903,1448 958,1430 1174,1429 1174,1388 582,1388"/>
                <Baseline points="587,1422 616,1422 645,1422 674,1424 703,1424 732,1424 761,1424 790,1424 819,1424 848,1424 878,1424 907,1424 936,1424 965,1424 994,1424 1023,1424 1052,1424 1081,1424 1110,1424 1139,1424 1169,1425"/>
                <TextEquiv>
                    <Unicode>tas. De hoc vide sub littera. L. vbi de To</Unicode>
                </TextEquiv>
            </TextLine>
            <TextLine id="r1l54" custom="readingOrder {index:25;}">
                <Coords points="571,1467 681,1465 738,1482 789,1470 815,1480 831,1471 849,1480 865,1476 866,1436 813,1438 778,1423 737,1440 671,1429 636,1440 620,1431 601,1440 571,1435"/>
                <Baseline points="576,1460 601,1462 627,1463 653,1464 679,1466 705,1466 731,1466 757,1466 783,1466 809,1466 835,1466 861,1466"/>
                <TextEquiv>
                    <Unicode>co vel Tocalitate.</Unicode>
                </TextEquiv>
            </TextLine>
            <TextLine id="r1l58" custom="readingOrder {index:26;}">
                <Coords points="637,1566 1181,1560 1182,1489 1078,1502 1027,1484 637,1482"/>
                <Baseline points="642,1548 668,1547 695,1547 722,1547 748,1548 775,1548 802,1548 828,1548 855,1548 882,1548 909,1549 935,1550 962,1550 989,1550 1015,1550 1042,1550 1069,1550 1095,1550 1122,1549 1149,1548 1176,1548"/>
                <TextEquiv>
                    <Unicode>Hcoprehesibiu</Unicode>
                </TextEquiv>
            </TextLine>
            <TextLine id="r1l61" custom="readingOrder {index:27;}">
                <Coords points="624,1605 1179,1604 1164,1556 844,1559 819,1575 759,1556 624,1564"/>
                <Baseline points="629,1596 656,1596 683,1595 710,1595 737,1595 765,1595 792,1595 819,1595 846,1593 873,1593 901,1593 928,1593 955,1593 982,1593 1009,1593 1037,1593 1064,1593 1091,1593 1118,1595 1145,1595 1173,1595"/>
                <TextEquiv>
                    <Unicode>tas diuina. Queritur de hoc. Utrum</Unicode>
                </TextEquiv>
            </TextLine>
            <TextLine id="r1l64" custom="readingOrder {index:28;}">
                <Coords points="625,1638 706,1652 1178,1640 1178,1604 1140,1601 625,1605"/>
                <Baseline points="630,1638 657,1637 684,1637 711,1637 738,1635 765,1635 792,1635 820,1635 847,1634 874,1634 901,1634 928,1634 955,1634 982,1634 1010,1634 1037,1635 1064,1635 1091,1635 1118,1635 1145,1635 1173,1637"/>
                <TextEquiv>
                    <Unicode>deus sit incomprehensibilis ab omni</Unicode>
                </TextEquiv>
            </TextLine>
            <TextLine id="line_1611331192095_2359" custom="readingOrder {index:29;}">
                <Coords points="391,1674 644,1699 1183,1687 1172,1640 719,1653 605,1622 560,1654 427,1654 391,1632"/>
                <Baseline points="396,1684 430,1683 471,1682 513,1680 554,1680 596,1679 637,1679 679,1677 720,1677 762,1677 804,1677 845,1677 887,1677 928,1677 970,1677 1011,1677 1053,1677 1094,1677 1136,1677 1178,1677"/>
                <TextEquiv>
                    <Unicode>creatura: Ad quod ponitur responsiua conclusio quod sic.</Unicode>
                </TextEquiv>
            </TextLine>
            <TextLine id="r1l68" custom="readingOrder {index:30;}">
                <Coords points="421,1737 1168,1733 1175,1683 421,1685"/>
                <Baseline points="426,1722 463,1722 500,1722 537,1721 574,1721 612,1721 649,1721 686,1721 723,1719 760,1719 798,1719 835,1719 872,1719 909,1718 946,1718 984,1718 1021,1718 1058,1718 1095,1718 1132,1719 1170,1719"/>
                <TextEquiv>
                    <Unicode>Probatur primo autoritatibus. Nam apostolus expresse</Unicode>
                </TextEquiv>
            </TextLine>
            <TextLine id="r1l70" custom="readingOrder {index:31;}">
                <Coords points="414,1769 1181,1766 1181,1732 1111,1724 414,1732"/>
                <Baseline points="419,1763 456,1763 494,1763 532,1763 570,1763 608,1763 646,1763 683,1762 721,1761 759,1761 797,1761 835,1761 873,1760 911,1760 948,1760 986,1760 1024,1760 1062,1760 1100,1761 1138,1761 1176,1761"/>
                <TextEquiv>
                    <Unicode>dicit quod deus habitat lucem inaccessibile id est incompre</Unicode>
                </TextEquiv>
            </TextLine>
            <TextLine id="r1l72" custom="readingOrder {index:32;}">
                <Coords points="412,1814 1181,1814 1180,1768 411,1768"/>
                <Baseline points="417,1806 456,1806 496,1806 536,1805 576,1805 616,1805 656,1805 696,1805 736,1803 776,1803 816,1803 856,1803 896,1803 936,1802 976,1802 1016,1802 1056,1802 1096,1802 1136,1803 1176,1803"/>
                <TextEquiv>
                    <Unicode>hensibile. Et Rho. xi. exclamat di. O altitudo di</Unicode>
                </TextEquiv>
            </TextLine>
            <TextLine id="r1l74" custom="readingOrder {index:33;}">
                <Coords points="415,1855 1166,1855 1174,1810 415,1820"/>
                <Baseline points="420,1847 457,1847 494,1847 532,1847 569,1847 607,1847 644,1847 682,1847 719,1847 757,1847 794,1847 831,1845 869,1845 906,1845 944,1845 981,1845 1019,1845 1056,1845 1094,1844 1131,1844 1169,1844"/>
                <TextEquiv>
                    <Unicode>uitiarum sapientie et scientie dei quamincomprehensibi¬</Unicode>
                </TextEquiv>
            </TextLine>
            <TextLine id="r1l76" custom="readingOrder {index:34;}">
                <Coords points="402,1903 1184,1890 1183,1847 402,1856"/>
                <Baseline points="407,1889 445,1889 484,1889 522,1889 561,1887 600,1887 638,1887 677,1887 715,1887 754,1887 793,1887 831,1887 870,1887 908,1886 947,1886 986,1886 1024,1886 1063,1886 1101,1886 1140,1886 1179,1886"/>
                <TextEquiv>
                    <Unicode>lia sunt iudicia eius. Item Boecius. lib de trini</Unicode>
                </TextEquiv>
            </TextLine>
            <TextLine id="r1l78" custom="readingOrder {index:35;}">
                <Coords points="415,1937 1138,1943 1184,1932 1184,1890 415,1900"/>
                <Baseline points="420,1931 459,1931 499,1930 539,1929 579,1929 619,1929 659,1929 699,1929 739,1929 779,1928 819,1928 859,1928 899,1928 939,1928 979,1928 1019,1928 1059,1928 1099,1929 1139,1929 1179,1929"/>
                <TextEquiv>
                    <Unicode>tate dicit. Quod trinitas sibi soli nota est. intelligitur</Unicode>
                </TextEquiv>
            </TextLine>
            <TextLine id="r1l80" custom="readingOrder {index:36;}">
                <Coords points="409,1982 1168,1983 1168,1935 409,1939"/>
                <Baseline points="414,1974 451,1974 488,1973 526,1973 563,1971 601,1971 638,1971 676,1971 713,1971 751,1970 788,1970 825,1970 863,1970 900,1970 938,1970 975,1971 1013,1971 1050,1971 1088,1971 1125,1971 1163,1970"/>
                <TextEquiv>
                    <Unicode>scilicet comprehensiue. Addit quod et homini christo. Sed hoc non</Unicode>
                </TextEquiv>
            </TextLine>
            <TextLine id="r1l82" custom="readingOrder {index:37;}">
                <Coords points="412,2023 1157,2023 1175,1982 412,1984"/>
                <Baseline points="417,2013 454,2013 492,2013 529,2013 567,2013 605,2013 642,2013 680,2013 718,2013 755,2013 793,2013 831,2013 868,2013 906,2013 944,2012 981,2012 1019,2012 1057,2012 1094,2013 1132,2013 1170,2013"/>
                <TextEquiv>
                    <Unicode>est intelligendum comprehesiue. licet super omnia creata</Unicode>
                </TextEquiv>
            </TextLine>
            <TextLine id="r1l84" custom="readingOrder {index:38;}">
                <Coords points="421,2060 1016,2076 1181,2057 1181,2020 421,2025"/>
                <Baseline points="426,2055 463,2055 501,2055 538,2055 576,2055 613,2055 651,2055 688,2055 726,2055 763,2055 801,2055 838,2055 876,2055 913,2055 951,2055 988,2055 1026,2055 1063,2054 1101,2054 1138,2054 1176,2054"/>
                <TextEquiv>
                    <Unicode>videat. Ad idem Bern. Nil deo inquit praestantius</Unicode>
                </TextEquiv>
            </TextLine>
            <TextLine id="r1l86" custom="readingOrder {index:39;}">
                <Coords points="409,2108 1147,2109 1171,2105 1171,2060 409,2069"/>
                <Baseline points="414,2097 451,2097 489,2097 526,2096 564,2096 602,2096 639,2096 677,2096 714,2096 752,2096 790,2096 827,2096 865,2096 902,2096 940,2097 978,2097 1015,2097 1053,2097 1090,2097 1128,2096 1166,2096"/>
                <TextEquiv>
                    <Unicode>est et nil incomprehensibilius. Quid nempe cuique rei praestam</Unicode>
                </TextEquiv>
            </TextLine>
            <TextLine id="r1l88" custom="readingOrder {index:40;}">
                <Coords points="403,2146 1156,2152 1175,2108 403,2111"/>
                <Baseline points="408,2139 446,2139 484,2139 522,2139 560,2139 598,2139 636,2139 674,2139 712,2139 750,2139 789,2138 827,2138 865,2138 903,2138 941,2138 979,2138 1017,2139 1055,2139 1093,2139 1131,2139 1170,2139"/>
                <TextEquiv>
                    <Unicode>tius quam esse suum: sane esse omnium dixeri deum. Non quia</Unicode>
                </TextEquiv>
            </TextLine>
            <TextLine id="r1l90" custom="readingOrder {index:41;}">
                <Coords points="408,2196 1174,2189 1174,2147 1120,2143 860,2141 825,2162 408,2145"/>
                <Baseline points="413,2181 450,2181 488,2181 526,2181 564,2180 602,2180 639,2180 677,2180 715,2180 753,2181 791,2181 828,2181 866,2181 904,2181 942,2181 980,2181 1017,2181 1055,2181 1093,2181 1131,2181 1169,2181"/>
                <TextEquiv>
                    <Unicode>illa sunt quod sunt ille scilicet deus. Sed quia ex ipso et per ipsum</Unicode>
                </TextEquiv>
            </TextLine>
            <TextLine id="r1l92" custom="readingOrder {index:42;}">
                <Coords points="412,2231 1089,2239 1166,2229 1166,2191 412,2194"/>
                <Baseline points="417,2222 454,2222 491,2223 528,2223 565,2223 603,2223 640,2223 677,2223 714,2222 751,2222 789,2222 826,2222 863,2222 900,2222 937,2222 975,2222 1012,2223 1049,2223 1086,2223 1123,2223 1161,2225"/>
                <TextEquiv>
                    <Unicode>et in ipso sunt omnia. Est enim intelligentia nostra ad illam</Unicode>
                </TextEquiv>
            </TextLine>
            <TextLine id="r1l94" custom="readingOrder {index:43;}">
                <Coords points="412,2277 1172,2273 1172,2239 1148,2234 412,2234"/>
                <Baseline points="417,2264 454,2264 492,2265 529,2265 567,2265 604,2265 642,2265 679,2265 717,2264 754,2264 792,2264 829,2264 867,2264 904,2264 942,2265 979,2265 1017,2265 1054,2265 1092,2265 1129,2266 1167,2267"/>
                <TextEquiv>
                    <Unicode>lucem inaccessibile multo minus quam visus noctue</Unicode>
                </TextEquiv>
            </TextLine>
            <TextLine id="r1l96" custom="readingOrder {index:44;}">
                <Coords points="399,2322 1162,2318 1172,2273 399,2279"/>
                <Baseline points="404,2307 442,2307 480,2307 518,2307 556,2307 594,2307 632,2307 670,2306 708,2306 746,2307 785,2307 823,2307 861,2307 899,2307 937,2307 975,2307 1013,2307 1051,2307 1089,2309 1127,2309 1166,2309"/>
                <TextEquiv>
                    <Unicode>ad solem. Ut etiam patet. ii. Meta. Proinde etiam Au</Unicode>
                </TextEquiv>
            </TextLine>
            <TextLine id="r1l98" custom="readingOrder {index:45;}">
                <Coords points="405,2363 1103,2364 1159,2355 1159,2316 405,2321"/>
                <Baseline points="410,2349 447,2349 484,2349 521,2349 558,2349 596,2349 633,2349 670,2348 707,2348 744,2348 782,2348 819,2348 856,2348 893,2348 930,2348 968,2348 1005,2348 1042,2349 1079,2349 1116,2349 1154,2349"/>
                <TextEquiv>
                    <Unicode>gusti. li.ro de videndo deo. quod aliud est videre deum</Unicode>
                </TextEquiv>
            </TextLine>
            <TextLine id="r1l100" custom="readingOrder {index:46;}">
                <Coords points="405,2402 1168,2403 1157,2354 406,2362"/>
                <Baseline points="410,2388 447,2390 485,2390 522,2390 560,2390 598,2391 635,2391 673,2391 711,2391 748,2391 786,2390 824,2390 861,2390 899,2390 937,2391 974,2391 1012,2391 1050,2391 1087,2392 1125,2393 1163,2394"/>
                <TextEquiv>
                    <Unicode>aliud comprehendere quod est totum videndo capere vt nil</Unicode>
                </TextEquiv>
            </TextLine>
            <TextLine id="r1l102" custom="readingOrder {index:47;}">
                <Coords points="400,2436 1172,2445 1150,2399 401,2400"/>
                <Baseline points="405,2429 443,2429 481,2430 519,2430 557,2430 595,2432 633,2432 671,2432 709,2432 747,2432 786,2432 824,2433 862,2433 900,2433 938,2433 976,2433 1014,2433 1052,2433 1090,2432 1128,2432 1167,2432"/>
                <TextEquiv>
                    <Unicode>eius lateat videnti. Idemque dicit quod licet sufficit in patria</Unicode>
                </TextEquiv>
            </TextLine>
            <TextLine id="r1l104" custom="readingOrder {index:48;}">
                <Coords points="406,2477 1160,2482 1137,2439 406,2435"/>
                <Baseline points="411,2471 448,2471 485,2472 522,2472 559,2472 597,2474 634,2474 671,2474 708,2474 745,2474 783,2474 820,2474 857,2474 894,2474 931,2474 969,2474 1006,2474 1043,2474 1080,2474 1117,2474 1155,2474"/>
                <TextEquiv>
                    <Unicode>videbimus maiestatis diuine essentiam sicuti est. et eo</Unicode>
                </TextEquiv>
            </TextLine>
            <TextLine id="r1l106" custom="readingOrder {index:49;}">
                <Coords points="415,2524 1160,2530 1160,2489 1127,2481 415,2473"/>
                <Baseline points="420,2513 456,2513 493,2514 530,2514 567,2514 603,2514 640,2516 677,2516 714,2516 750,2516 787,2516 824,2517 861,2517 897,2517 934,2517 971,2517 1008,2517 1044,2517 1081,2517 1118,2516 1155,2516"/>
                <TextEquiv>
                    <Unicode>espicacius videbit vnusquisque quo hic vixerit purius</Unicode>
                </TextEquiv>
            </TextLine>
            <TextLine id="r1l108" custom="readingOrder {index:50;}">
                <Coords points="412,2569 1178,2563 1178,2532 1094,2520 412,2523"/>
                <Baseline points="417,2558 454,2556 492,2556 530,2556 568,2556 606,2556 643,2556 681,2556 719,2556 757,2556 795,2558 832,2558 870,2558 908,2558 946,2558 984,2559 1021,2559 1059,2559 1097,2559 1135,2561 1173,2561"/>
                <TextEquiv>
                    <Unicode>Tamen nec in via nec patria totaliter deum comprehendere</Unicode>
                </TextEquiv>
            </TextLine>
            <TextLine id="r1l110" custom="readingOrder {index:51;}">
                <Coords points="409,2609 1084,2617 1181,2608 1181,2559 409,2568"/>
                <Baseline points="414,2598 452,2598 490,2598 528,2598 566,2598 604,2598 642,2598 680,2598 718,2598 756,2598 795,2600 833,2600 871,2600 909,2600 947,2601 985,2601 1023,2601 1061,2602 1099,2603 1137,2603 1176,2603"/>
                <TextEquiv>
                    <Unicode>poterimus. Et de his satis patuit. supra. vbi Cogscere</Unicode>
                </TextEquiv>
            </TextLine>
            <TextLine id="r1l112" custom="readingOrder {index:52;}">
                <Coords points="406,2649 1172,2653 1161,2607 406,2613"/>
                <Baseline points="411,2639 448,2639 486,2639 524,2639 562,2639 600,2639 637,2639 675,2639 713,2639 751,2639 789,2640 826,2640 864,2640 902,2642 940,2642 978,2642 1015,2642 1053,2643 1091,2643 1129,2643 1167,2645"/>
                <TextEquiv>
                    <Unicode>comprehensiue. ¶ Secundo probatur rationibus. Nam. viii. philosophen.</Unicode>
                </TextEquiv>
            </TextLine>
            <TextLine id="r1l114" custom="readingOrder {index:53;}">
                <Coords points="398,2691 1131,2700 1169,2692 1170,2651 399,2656"/>
                <Baseline points="404,2682 442,2682 480,2681 518,2681 556,2681 594,2681 632,2681 670,2681 708,2682 746,2682 784,2682 822,2682 860,2684 898,2684 936,2684 974,2684 1012,2685 1050,2685 1088,2685 1126,2685 1164,2685"/>
                <TextEquiv>
                    <Unicode>Et primo Celi habetur et constat quod finiti ad infi</Unicode>
                </TextEquiv>
            </TextLine>
            <TextLine id="r1l116" custom="readingOrder {index:54;}">
                <Coords points="402,2728 1162,2743 1153,2690 982,2710 913,2688 402,2686"/>
                <Baseline points="407,2724 444,2724 482,2724 519,2724 557,2726 594,2726 632,2726 669,2726 707,2726 744,2726 782,2726 819,2727 857,2727 894,2727 932,2727 969,2729 1007,2729 1044,2729 1082,2729 1119,2730 1157,2730"/>
                <TextEquiv>
                    <Unicode>nitum proportio nulla. Sed omnis crcatura est</Unicode>
                </TextEquiv>
            </TextLine>
            <TextEquiv>
                <Unicode>¶ In deus moueat seipsum Si
emim mouet se. ergo mutatur: Quia motus dicit mu
tationem vtpote successionem et variationem. Si autem
dicis quod deus non potest se mouere. hoc est imper
fectionis sicut si angelus vel anima non posset se
ipsam mouere esset imperfectionis: sed in deo nil
imperfectionis est. Respondetur ex Bonauem. super pri¬
mo dist. xxxvii. arti. iii. q. ii quod sicut Augustinus ad Ho¬
rosium dicit. Deus mouet seipsum sine tempore et loco et
sine motu. Idem etiam super Gen. ad litteram dicit
quod deus est in omni tempore et in omni loco. Non
tamen mouetur per loca et tempora Propterea notat
vbi supra. Bonauen. quod in rebus creatis que mo¬
uent se sunt duo. Unum quod est actus. Et hoc non
est imperfectionis imo est perfectionis sicut cum anima
potest mouere se. Aliud est variatio et hoc est imper
nectionis Unde secundum regulam Dionysi. de di. nomnibus
Demus deo quod est perfectionis. relinquendo quod
est imperfectionis. Et sic deus mouet se sine mu¬
tatione) Intelligendum est ergo quod Aug. dicit deum
mouere se sine motu quia semper est in actu perfe¬
cto sed sine mutatione vel variatione sui per loca
et tempora. Ad hec Tocus. §. vi.
INcircuscriptibium
tas. De hoc vide sub littera. L. vbi de To
co vel Tocalitate.
Hcoprehesibiu
tas diuina. Queritur de hoc. Utrum
deus sit incomprehensibilis ab omni
creatura: Ad quod ponitur responsiua conclusio quod sic.
Probatur primo autoritatibus. Nam apostolus expresse
dicit quod deus habitat lucem inaccessibile id est incompre
hensibile. Et Rho. xi. exclamat di. O altitudo di
uitiarum sapientie et scientie dei quamincomprehensibi¬
lia sunt iudicia eius. Item Boecius. lib de trini
tate dicit. Quod trinitas sibi soli nota est. intelligitur
scilicet comprehensiue. Addit quod et homini christo. Sed hoc non
est intelligendum comprehesiue. licet super omnia creata
videat. Ad idem Bern. Nil deo inquit praestantius
est et nil incomprehensibilius. Quid nempe cuique rei praestam
tius quam esse suum: sane esse omnium dixeri deum. Non quia
illa sunt quod sunt ille scilicet deus. Sed quia ex ipso et per ipsum
et in ipso sunt omnia. Est enim intelligentia nostra ad illam
lucem inaccessibile multo minus quam visus noctue
ad solem. Ut etiam patet. ii. Meta. Proinde etiam Au
gusti. li.ro de videndo deo. quod aliud est videre deum
aliud comprehendere quod est totum videndo capere vt nil
eius lateat videnti. Idemque dicit quod licet sufficit in patria
videbimus maiestatis diuine essentiam sicuti est. et eo
espicacius videbit vnusquisque quo hic vixerit purius
Tamen nec in via nec patria totaliter deum comprehendere
poterimus. Et de his satis patuit. supra. vbi Cogscere
comprehensiue. ¶ Secundo probatur rationibus. Nam. viii. philosophen.
Et primo Celi habetur et constat quod finiti ad infi
nitum proportio nulla. Sed omnis crcatura est</Unicode>
            </TextEquiv>
        </TextRegion>
        <TextRegion orientation="0.0" id="TextRegion_1611331206370_2365" custom="readingOrder {index:1;}">
            <Coords points="1227,186 2031,186 2031,2752 1227,2752"/>
            <TextLine id="r1l2" custom="readingOrder {index:0;}">
                <Coords points="1255,335 1973,349 2036,341 2036,280 1920,303 1803,279 1774,304 1255,289"/>
                <Baseline points="1260,327 1298,329 1337,329 1375,330 1414,330 1452,330 1491,330 1529,330 1568,330 1606,330 1645,330 1684,330 1722,330 1761,330 1799,330 1838,330 1876,332 1915,332 1953,332 1992,333 2031,333"/>
                <TextEquiv>
                    <Unicode>finita Deus autem est infinitus. ergo improportionabiliter</Unicode>
                </TextEquiv>
            </TextLine>
            <TextLine id="r1l4" custom="readingOrder {index:1;}">
                <Coords points="1258,375 2024,386 2011,339 1258,341"/>
                <Baseline points="1263,371 1300,371 1338,372 1376,372 1414,372 1452,372 1489,372 1527,374 1565,374 1603,374 1641,374 1678,374 1716,374 1754,375 1792,375 1830,375 1867,375 1905,375 1943,375 1981,374 2019,374"/>
                <TextEquiv>
                    <Unicode>deficit omnis creatura tam in presenti quam in patria</Unicode>
                </TextEquiv>
            </TextLine>
            <TextLine id="r1l6" custom="readingOrder {index:2;}">
                <Coords points="1267,418 2032,426 2032,384 1995,380 1268,382"/>
                <Baseline points="1272,413 1309,413 1347,414 1385,414 1423,414 1460,414 1498,414 1536,416 1574,416 1611,416 1649,416 1687,416 1725,416 1762,416 1800,416 1838,416 1876,416 1913,416 1951,416 1989,416 2027,417"/>
                <TextEquiv>
                    <Unicode>a dei captu pleno quod est comprehendere. Item secundum</Unicode>
                </TextEquiv>
            </TextLine>
            <TextLine id="r1l8" custom="readingOrder {index:3;}">
                <Coords points="1257,463 1926,457 1976,477 2033,460 2034,434 1258,427"/>
                <Baseline points="1263,455 1301,456 1339,456 1377,456 1416,456 1454,456 1492,456 1530,456 1569,456 1607,456 1645,456 1683,456 1722,456 1760,456 1798,458 1836,458 1875,458 1913,458 1951,458 1989,458 2028,458"/>
                <TextEquiv>
                    <Unicode>Grammaticos etiam et theologos. vt patet etiam in libro</Unicode>
                </TextEquiv>
            </TextLine>
            <TextLine id="r1l10" custom="readingOrder {index:4;}">
                <Coords points="1258,511 1985,513 2029,506 2029,467 1258,473"/>
                <Baseline points="1263,495 1301,497 1339,498 1377,498 1415,500 1453,500 1491,500 1529,500 1567,500 1605,500 1643,500 1681,499 1719,498 1757,498 1795,498 1833,498 1871,498 1909,500 1947,500 1985,500 2024,501"/>
                <TextEquiv>
                    <Unicode>Catholicon Comprehendere dicitur a com quod est similis et prem</Unicode>
                </TextEquiv>
            </TextLine>
            <TextLine id="r1l12" custom="readingOrder {index:5;}">
                <Coords points="1264,548 2030,557 2030,507 1971,501 1264,513"/>
                <Baseline points="1269,539 1306,540 1344,540 1382,540 1420,540 1458,540 1495,540 1533,540 1571,540 1609,540 1647,540 1684,540 1722,540 1760,540 1798,540 1836,540 1873,542 1911,542 1949,543 1987,544 2025,545"/>
                <TextEquiv>
                    <Unicode>dere quod est capere quasi totum simul capere. Si ergo</Unicode>
                </TextEquiv>
            </TextLine>
            <TextLine id="r1l14" custom="readingOrder {index:6;}">
                <Coords points="1261,591 2024,600 2024,558 1990,545 1261,549"/>
                <Baseline points="1266,581 1303,581 1341,582 1378,582 1416,582 1454,582 1491,582 1529,582 1567,582 1604,582 1642,582 1680,582 1717,581 1755,581 1793,582 1830,582 1868,582 1906,582 1943,582 1981,584 2019,584"/>
                <TextEquiv>
                    <Unicode>deus totus similis posset comprehendi a creatura. sequi¬</Unicode>
                </TextEquiv>
            </TextLine>
            <TextLine id="r1l16" custom="readingOrder {index:7;}">
                <Coords points="1254,630 2027,632 2027,601 1986,590 1254,584"/>
                <Baseline points="1259,623 1297,623 1335,623 1373,623 1411,624 1449,624 1487,624 1526,624 1564,624 1602,624 1640,624 1678,624 1716,626 1754,626 1793,626 1831,626 1869,626 1907,626 1945,626 1983,626 2022,626"/>
                <TextEquiv>
                    <Unicode>tur quod posset limitari et sic non esset infinitus nec</Unicode>
                </TextEquiv>
            </TextLine>
            <TextLine id="r1l18" custom="readingOrder {index:8;}">
                <Coords points="1254,679 1510,683 1562,662 1665,699 1714,675 1786,699 1981,696 2027,680 2027,632 1254,634"/>
                <Baseline points="1259,666 1297,665 1335,665 1373,665 1411,666 1449,666 1487,666 1526,666 1564,666 1602,668 1640,668 1678,668 1716,668 1754,668 1793,669 1831,669 1869,669 1907,669 1945,669 1983,668 2022,668"/>
                <TextEquiv>
                    <Unicode>summum bonum. per consequens posset deus non esse deus</Unicode>
                </TextEquiv>
            </TextLine>
            <TextLine id="r1l20" custom="readingOrder {index:9;}">
                <Coords points="1251,737 1311,707 1454,739 1639,744 1640,679 1619,673 1252,679"/>
                <Baseline points="1257,707 1282,707 1307,708 1332,708 1357,708 1383,708 1408,710 1433,710 1458,710 1483,710 1509,710 1534,711 1559,711 1584,711 1609,711 1635,711"/>
                <TextEquiv>
                    <Unicode>quod est impossibile ergo etc</Unicode>
                </TextEquiv>
            </TextLine>
            <TextLine id="r1l23" custom="readingOrder {index:10;}">
                <Coords points="1281,795 2024,802 2024,730 1812,747 1658,723 1632,745 1494,748 1349,724 1281,761"/>
                <Baseline points="1286,780 1322,780 1359,780 1395,780 1432,780 1469,780 1505,780 1542,782 1579,782 1615,782 1652,782 1689,783 1725,783 1762,783 1799,783 1835,783 1872,782 1909,782 1945,782 1982,780 2019,779"/>
                <TextEquiv>
                    <Unicode>¶ Sed an deus suo intellectu com¬</Unicode>
                </TextEquiv>
            </TextLine>
            <TextLine id="r1l25" custom="readingOrder {index:11;}">
                <Coords points="1266,833 1938,842 2027,836 2028,801 1267,790"/>
                <Baseline points="1272,821 1309,822 1347,822 1384,824 1422,824 1459,824 1497,824 1534,825 1572,825 1609,825 1647,825 1684,825 1722,825 1759,825 1797,825 1834,827 1872,827 1909,827 1947,828 1984,828 2022,830"/>
                <TextEquiv>
                    <Unicode>prehendat seipsum: Ad hoc respondetur praesertim secundum san</Unicode>
                </TextEquiv>
            </TextLine>
            <TextLine id="r1l27" custom="readingOrder {index:12;}">
                <Coords points="1266,871 2024,888 2007,832 1266,833"/>
                <Baseline points="1271,864 1308,864 1345,866 1383,866 1420,866 1458,867 1495,867 1532,867 1570,867 1607,869 1645,869 1682,869 1719,869 1757,869 1794,869 1832,869 1869,870 1906,870 1944,870 1981,870 2019,872"/>
                <TextEquiv>
                    <Unicode>ctum Tho. in scripto super primo di. lxiii. q. i. arti. i.</Unicode>
                </TextEquiv>
            </TextLine>
            <TextLine id="r1l29" custom="readingOrder {index:13;}">
                <Coords points="1264,913 2030,919 2030,884 1989,874 1264,872"/>
                <Baseline points="1269,906 1306,906 1344,906 1382,908 1420,908 1458,908 1495,908 1533,908 1571,908 1609,909 1647,909 1684,909 1722,909 1760,909 1798,909 1836,910 1873,911 1911,911 1949,911 1987,911 2025,912"/>
                <TextEquiv>
                    <Unicode>Ad quartum argumentum quod de ratione comprehensio¬</Unicode>
                </TextEquiv>
            </TextLine>
            <TextLine id="r1l31" custom="readingOrder {index:14;}">
                <Coords points="1261,953 2032,959 2017,914 1261,912"/>
                <Baseline points="1266,947 1304,948 1342,948 1380,948 1418,948 1456,950 1494,950 1532,950 1570,950 1608,951 1646,951 1684,951 1722,951 1760,952 1798,953 1836,953 1874,953 1912,953 1950,953 1988,954 2027,954"/>
                <TextEquiv>
                    <Unicode>nis duo sunt vnum est quod fines rei apprehendantur vebl</Unicode>
                </TextEquiv>
            </TextLine>
            <TextLine id="r1l33" custom="readingOrder {index:15;}">
                <Coords points="1254,1001 1927,1011 2023,997 2024,960 1254,956"/>
                <Baseline points="1259,990 1298,990 1338,990 1378,990 1418,990 1458,992 1498,992 1538,992 1578,992 1618,993 1658,993 1698,993 1738,993 1778,993 1818,993 1858,995 1898,995 1938,995 1978,995 2018,995"/>
                <TextEquiv>
                    <Unicode>contingantur aut contineantur. et sic infinitum puta deus</Unicode>
                </TextEquiv>
            </TextLine>
            <TextLine id="r1l35" custom="readingOrder {index:16;}">
                <Coords points="1264,1037 1953,1056 2017,1043 2018,1000 1264,1003"/>
                <Baseline points="1269,1031 1306,1032 1343,1032 1380,1034 1417,1034 1454,1034 1491,1035 1529,1035 1566,1035 1603,1035 1640,1035 1677,1035 1714,1035 1751,1035 1789,1035 1826,1037 1863,1037 1900,1037 1937,1037 1974,1038 2012,1038"/>
                <TextEquiv>
                    <Unicode>nullo modo comprehenditur neque a finito neque ab</Unicode>
                </TextEquiv>
            </TextLine>
            <TextLine id="r1l37" custom="readingOrder {index:17;}">
                <Coords points="1255,1087 2024,1088 2024,1045 1255,1034"/>
                <Baseline points="1260,1073 1299,1073 1339,1074 1379,1074 1419,1074 1459,1074 1499,1076 1539,1076 1579,1076 1619,1076 1659,1076 1699,1077 1739,1077 1779,1077 1819,1077 1859,1079 1899,1079 1939,1079 1979,1079 2019,1079"/>
                <TextEquiv>
                    <Unicode>infinito. Unde nec ipse deus comprehendit se hoc modo</Unicode>
                </TextEquiv>
            </TextLine>
            <TextLine id="r1l39" custom="readingOrder {index:18;}">
                <Coords points="1267,1129 2023,1128 2014,1087 1267,1082"/>
                <Baseline points="1272,1115 1309,1115 1346,1116 1383,1116 1421,1116 1458,1118 1495,1118 1533,1118 1570,1118 1607,1118 1645,1118 1682,1118 1719,1118 1756,1119 1794,1119 1831,1119 1868,1119 1906,1119 1943,1121 1980,1121 2018,1122"/>
                <TextEquiv>
                    <Unicode>quia fines non habet cum sit infinitus Aliud de ratione</Unicode>
                </TextEquiv>
            </TextLine>
            <TextLine id="r1l41" custom="readingOrder {index:19;}">
                <Coords points="1264,1163 2029,1171 2011,1124 1264,1128"/>
                <Baseline points="1269,1157 1306,1157 1344,1158 1382,1158 1420,1158 1457,1158 1495,1160 1533,1160 1571,1160 1608,1160 1646,1160 1684,1160 1722,1160 1759,1161 1797,1161 1835,1161 1873,1161 1910,1162 1948,1163 1986,1163 2024,1164"/>
                <TextEquiv>
                    <Unicode>comprehensionis est quod nihil comprehensi sit extra con¬</Unicode>
                </TextEquiv>
            </TextLine>
            <TextLine id="r1l43" custom="readingOrder {index:20;}">
                <Coords points="1258,1211 2024,1213 2024,1171 1980,1166 1258,1171"/>
                <Baseline points="1263,1199 1300,1200 1338,1200 1376,1200 1414,1200 1452,1200 1489,1202 1527,1202 1565,1202 1603,1202 1641,1202 1678,1202 1716,1202 1754,1202 1792,1203 1830,1203 1867,1203 1905,1203 1943,1203 1981,1205 2019,1205"/>
                <TextEquiv>
                    <Unicode>prehensorem et sic infinitum seipsum comprehendit. Unde</Unicode>
                </TextEquiv>
            </TextLine>
            <TextLine id="r1l45" custom="readingOrder {index:21;}">
                <Coords points="1261,1246 2036,1249 2028,1210 1261,1204"/>
                <Baseline points="1266,1241 1304,1241 1342,1242 1380,1242 1419,1242 1457,1242 1495,1242 1533,1244 1572,1244 1610,1244 1648,1244 1686,1244 1725,1244 1763,1244 1801,1245 1839,1245 1878,1245 1916,1245 1954,1247 1992,1247 2031,1247"/>
                <TextEquiv>
                    <Unicode>sic intellectus diuinus comprehendit essentiam suam</Unicode>
                </TextEquiv>
            </TextLine>
            <TextLine id="r1l47" custom="readingOrder {index:22;}">
                <Coords points="1249,1292 2036,1306 2036,1253 2008,1249 1249,1252"/>
                <Baseline points="1254,1283 1292,1284 1331,1284 1370,1284 1409,1286 1448,1286 1487,1286 1525,1287 1564,1287 1603,1287 1642,1289 1681,1289 1720,1289 1759,1289 1797,1289 1836,1290 1875,1290 1914,1290 1953,1290 1992,1290 2031,1290"/>
                <TextEquiv>
                    <Unicode>et potentiam cum nihil extra ipsum est quam adequat</Unicode>
                </TextEquiv>
            </TextLine>
            <TextLine id="r1l48" custom="readingOrder {index:23;}">
                <Coords points="1261,1339 1282,1336 1299,1348 1340,1326 1386,1345 1478,1341 1477,1288 1450,1300 1405,1289 1377,1295 1359,1290 1344,1298 1337,1291 1331,1298 1309,1289 1261,1292"/>
                <Baseline points="1266,1332 1291,1329 1317,1327 1343,1326 1369,1326 1394,1326 1420,1326 1446,1328 1472,1328"/>
                <TextEquiv>
                    <Unicode>Hec ex Tho.</Unicode>
                </TextEquiv>
            </TextLine>
            <TextLine id="r1l51" custom="readingOrder {index:24;}">
                <Coords points="1252,1402 1535,1387 1918,1411 1960,1391 1989,1409 2021,1397 2022,1330 1253,1339"/>
                <Baseline points="1257,1382 1296,1383 1336,1385 1376,1385 1416,1386 1456,1386 1496,1386 1536,1388 1576,1388 1616,1388 1656,1388 1696,1388 1736,1388 1776,1388 1816,1388 1856,1389 1896,1389 1936,1389 1976,1389 2016,1391"/>
                <TextEquiv>
                    <Unicode>¶ Sed quomodo intellectus diuinus</Unicode>
                </TextEquiv>
            </TextLine>
            <TextLine id="r1l53" custom="readingOrder {index:25;}">
                <Coords points="1261,1436 2015,1450 2015,1401 1958,1393 1918,1411 1530,1387 1261,1400"/>
                <Baseline points="1266,1430 1303,1430 1340,1430 1377,1430 1414,1430 1452,1430 1489,1430 1526,1430 1563,1431 1600,1431 1638,1431 1675,1431 1712,1431 1749,1431 1786,1433 1824,1433 1861,1433 1898,1433 1935,1434 1972,1434 2010,1434"/>
                <TextEquiv>
                    <Unicode>comprehendat se deum vel essentia diuinam: Difficul</Unicode>
                </TextEquiv>
            </TextLine>
            <TextLine id="r1l55" custom="readingOrder {index:26;}">
                <Coords points="1248,1477 2018,1492 2018,1450 1968,1438 1248,1446"/>
                <Baseline points="1253,1472 1291,1470 1329,1470 1367,1470 1405,1470 1443,1470 1481,1471 1519,1472 1557,1472 1595,1472 1633,1473 1671,1473 1709,1473 1747,1475 1785,1475 1823,1475 1861,1475 1899,1476 1937,1476 1975,1476 2013,1475"/>
                <TextEquiv>
                    <Unicode>tatem in hoc facit verbum Augustini. xi. de ciui. dei</Unicode>
                </TextEquiv>
            </TextLine>
            <TextLine id="r1l56" custom="readingOrder {index:27;}">
                <Coords points="1248,1519 2026,1529 2026,1491 1908,1482 1248,1491"/>
                <Baseline points="1253,1514 1291,1514 1329,1514 1368,1514 1406,1514 1445,1514 1483,1514 1521,1514 1560,1514 1598,1515 1637,1515 1675,1515 1713,1515 1752,1515 1790,1515 1829,1515 1867,1515 1905,1517 1944,1517 1982,1518 2021,1518"/>
                <TextEquiv>
                    <Unicode>c. xviii. Aut vt allegat Tho. lib. de videndo deum</Unicode>
                </TextEquiv>
            </TextLine>
            <TextLine id="r1l59" custom="readingOrder {index:28;}">
                <Coords points="1253,1556 1773,1558 1837,1580 2026,1565 2027,1531 1254,1523"/>
                <Baseline points="1259,1553 1297,1553 1335,1553 1373,1553 1411,1554 1449,1554 1487,1554 1525,1554 1563,1556 1601,1556 1640,1556 1678,1557 1716,1557 1754,1557 1792,1557 1830,1559 1868,1559 1906,1559 1944,1559 1982,1559 2021,1560"/>
                <TextEquiv>
                    <Unicode>vbi dicit sic Quicquid scitur scientis comprehensione.</Unicode>
                </TextEquiv>
            </TextLine>
            <TextLine id="r1l62" custom="readingOrder {index:29;}">
                <Coords points="1248,1605 2024,1608 2003,1564 1248,1561"/>
                <Baseline points="1253,1596 1291,1596 1329,1596 1367,1595 1406,1595 1444,1596 1482,1596 1521,1596 1559,1596 1597,1596 1636,1598 1674,1598 1712,1599 1750,1599 1789,1599 1827,1601 1865,1601 1904,1601 1942,1602 1980,1602 2019,1602"/>
                <TextEquiv>
                    <Unicode>finitur. Idem vel consimile dicit etiam philosophus. ii. metaph.</Unicode>
                </TextEquiv>
            </TextLine>
            <TextLine id="r1l65" custom="readingOrder {index:30;}">
                <Coords points="1252,1643 2024,1660 2016,1606 1252,1604"/>
                <Baseline points="1257,1637 1295,1637 1333,1637 1371,1637 1409,1637 1447,1638 1485,1638 1523,1638 1561,1638 1599,1638 1638,1638 1676,1638 1714,1640 1752,1640 1790,1640 1828,1641 1866,1641 1904,1643 1942,1643 1980,1644 2019,1646"/>
                <TextEquiv>
                    <Unicode>vbi ait sic Infinitum non est scibile. sed quicquid intel</Unicode>
                </TextEquiv>
            </TextLine>
            <TextLine id="r1l67" custom="readingOrder {index:31;}">
                <Coords points="1248,1691 2021,1702 2021,1661 1946,1646 1248,1643"/>
                <Baseline points="1253,1680 1291,1679 1329,1679 1367,1679 1405,1679 1443,1679 1481,1680 1520,1680 1558,1680 1596,1680 1634,1681 1672,1682 1710,1682 1748,1682 1787,1683 1825,1683 1863,1685 1901,1685 1939,1685 1977,1686 2016,1686"/>
                <TextEquiv>
                    <Unicode>lectus intelligit id finit. Hec ibi. Ex quibus Fran.</Unicode>
                </TextEquiv>
            </TextLine>
            <TextLine id="r1l69" custom="readingOrder {index:32;}">
                <Coords points="1254,1728 2008,1737 2008,1693 1254,1688"/>
                <Baseline points="1259,1722 1296,1722 1333,1721 1370,1721 1407,1721 1445,1722 1482,1722 1519,1722 1556,1722 1593,1722 1631,1722 1668,1724 1705,1724 1742,1724 1779,1725 1817,1725 1854,1725 1891,1727 1928,1727 1965,1728 2003,1728"/>
                <TextEquiv>
                    <Unicode>maro. in confla. super primo di. xxxv. vel. xxxvi. q. vl</Unicode>
                </TextEquiv>
            </TextLine>
            <TextLine id="r1l71" custom="readingOrder {index:33;}">
                <Coords points="1261,1778 2015,1784 2009,1735 1261,1731"/>
                <Baseline points="1266,1764 1303,1764 1340,1764 1377,1764 1414,1764 1452,1764 1489,1764 1526,1764 1563,1765 1600,1766 1638,1766 1675,1766 1712,1766 1749,1766 1786,1767 1824,1767 1861,1767 1898,1769 1935,1769 1972,1769 2010,1769"/>
                <TextEquiv>
                    <Unicode>Arguit quod cum deus sit sibi comprehensibilis sequitur</Unicode>
                </TextEquiv>
            </TextLine>
            <TextLine id="r1l73" custom="readingOrder {index:34;}">
                <Coords points="1249,1811 1890,1824 2005,1818 2006,1783 1249,1781"/>
                <Baseline points="1254,1806 1291,1806 1328,1806 1366,1806 1403,1806 1440,1806 1478,1806 1515,1806 1552,1806 1590,1808 1627,1808 1664,1808 1702,1808 1739,1809 1776,1809 1814,1809 1851,1811 1888,1811 1926,1811 1963,1811 2001,1811"/>
                <TextEquiv>
                    <Unicode>quod comprehendit se vt obiectum secundum aliquam deter</Unicode>
                </TextEquiv>
            </TextLine>
            <TextLine id="r1l75" custom="readingOrder {index:35;}">
                <Coords points="1245,1853 2020,1861 2020,1826 1992,1816 1245,1816"/>
                <Baseline points="1250,1847 1288,1847 1326,1847 1364,1847 1403,1848 1441,1848 1479,1848 1517,1848 1556,1848 1594,1849 1632,1850 1670,1850 1709,1850 1747,1850 1785,1851 1823,1851 1862,1851 1900,1852 1938,1853 1976,1853 2015,1854"/>
                <TextEquiv>
                    <Unicode>minatam mensuram: soli deo comprehensibilem Et</Unicode>
                </TextEquiv>
            </TextLine>
            <TextLine id="r1l77" custom="readingOrder {index:36;}">
                <Coords points="1248,1899 1911,1911 2017,1904 2018,1870 1249,1858"/>
                <Baseline points="1253,1890 1292,1889 1332,1889 1372,1889 1412,1889 1452,1889 1492,1890 1532,1890 1572,1890 1612,1892 1652,1892 1692,1892 1732,1893 1772,1893 1812,1895 1852,1895 1892,1895 1932,1895 1972,1896 2012,1896"/>
                <TextEquiv>
                    <Unicode>sic sciendo se comprehenditur a seipso tanquam infint</Unicode>
                </TextEquiv>
            </TextLine>
            <TextLine id="r1l79" custom="readingOrder {index:37;}">
                <Coords points="1243,1940 2014,1952 2014,1905 1970,1899 1243,1899"/>
                <Baseline points="1248,1931 1286,1931 1324,1932 1362,1932 1400,1932 1438,1932 1476,1932 1514,1932 1552,1934 1590,1934 1628,1934 1666,1934 1704,1934 1742,1935 1780,1935 1818,1935 1856,1936 1894,1937 1932,1937 1970,1937 2009,1938"/>
                <TextEquiv>
                    <Unicode>tum ab infinito. Sed tamen secundum Bonauem. et Rich.</Unicode>
                </TextEquiv>
            </TextLine>
            <TextLine id="r1l81" custom="readingOrder {index:38;}">
                <Coords points="1242,1981 2008,1992 1995,1944 1242,1940"/>
                <Baseline points="1247,1976 1284,1974 1322,1974 1360,1974 1398,1974 1436,1974 1473,1974 1511,1974 1549,1974 1587,1974 1625,1975 1662,1976 1700,1976 1738,1976 1776,1977 1814,1977 1851,1977 1889,1979 1927,1979 1965,1979 2003,1980"/>
                <TextEquiv>
                    <Unicode>super i. dist. xliii. q. ii diuinus intellectus vere co¬</Unicode>
                </TextEquiv>
            </TextLine>
            <TextLine id="r1l83" custom="readingOrder {index:39;}">
                <Coords points="1237,2029 2021,2026 2021,1992 1952,1983 1237,1990"/>
                <Baseline points="1242,2019 1280,2018 1319,2018 1358,2016 1396,2016 1435,2016 1474,2016 1512,2016 1551,2016 1590,2016 1629,2018 1667,2018 1706,2018 1745,2018 1783,2019 1822,2019 1861,2021 1899,2021 1938,2021 1977,2022 2016,2022"/>
                <TextEquiv>
                    <Unicode>gnoscit et iudicat diuinam essentiam esse infinitam. ergo deo</Unicode>
                </TextEquiv>
            </TextLine>
            <TextLine id="r1l85" custom="readingOrder {index:40;}">
                <Coords points="1246,2068 2015,2070 2015,2035 1859,2025 1246,2029"/>
                <Baseline points="1251,2057 1290,2057 1330,2057 1370,2057 1410,2058 1450,2058 1490,2058 1530,2058 1570,2058 1610,2058 1650,2060 1690,2060 1730,2060 1770,2060 1810,2061 1850,2061 1890,2063 1930,2064 1970,2064 2010,2066"/>
                <TextEquiv>
                    <Unicode>non est finita vel sub determinata mensura cogni</Unicode>
                </TextEquiv>
            </TextLine>
            <TextLine id="r1l87" custom="readingOrder {index:41;}">
                <Coords points="1246,2106 2014,2120 2005,2068 1246,2065"/>
                <Baseline points="1251,2099 1288,2099 1326,2100 1364,2100 1402,2100 1440,2100 1478,2100 1516,2100 1554,2102 1592,2102 1630,2102 1667,2102 1705,2102 1743,2102 1781,2103 1819,2103 1857,2103 1895,2104 1933,2105 1971,2105 2009,2106"/>
                <TextEquiv>
                    <Unicode>ta cum non possit ipsa essentia diuina limitari. Unde</Unicode>
                </TextEquiv>
            </TextLine>
            <TextLine id="r1l89" custom="readingOrder {index:42;}">
                <Coords points="1258,2150 1975,2165 2009,2121 1259,2106"/>
                <Baseline points="1263,2142 1300,2142 1337,2142 1374,2142 1411,2142 1448,2142 1485,2142 1522,2142 1559,2142 1596,2142 1633,2142 1670,2142 1707,2144 1744,2144 1781,2144 1818,2144 1855,2145 1892,2145 1929,2147 1966,2147 2003,2148"/>
                <TextEquiv>
                    <Unicode>Rich. Ibidem dicit quod illud verbum Augustini Quic¬</Unicode>
                </TextEquiv>
            </TextLine>
            <TextLine id="r1l91" custom="readingOrder {index:43;}">
                <Coords points="1261,2199 2018,2191 2001,2154 1261,2150"/>
                <Baseline points="1266,2184 1303,2184 1340,2184 1378,2184 1415,2184 1452,2184 1490,2184 1527,2184 1564,2184 1602,2184 1639,2186 1676,2186 1714,2186 1751,2186 1788,2186 1826,2186 1863,2187 1900,2187 1938,2187 1975,2188 2013,2189"/>
                <TextEquiv>
                    <Unicode>id scitur finitur etc. Similiter philosophi. Sic intelligendum est</Unicode>
                </TextEquiv>
            </TextLine>
            <TextLine id="r1l93" custom="readingOrder {index:44;}">
                <Coords points="1255,2241 1815,2233 1896,2252 2015,2237 2015,2193 1255,2199"/>
                <Baseline points="1260,2225 1297,2225 1335,2225 1372,2226 1410,2226 1447,2226 1485,2226 1522,2226 1560,2226 1597,2228 1635,2228 1672,2228 1710,2228 1747,2228 1785,2228 1822,2229 1860,2229 1897,2229 1935,2229 1972,2229 2010,2229"/>
                <TextEquiv>
                    <Unicode>y comprehensum a scientia ita perfecte capitur ab il</Unicode>
                </TextEquiv>
            </TextLine>
            <TextLine id="r1l95" custom="readingOrder {index:45;}">
                <Coords points="1246,2279 2009,2284 2009,2239 1981,2235 1246,2236"/>
                <Baseline points="1251,2267 1288,2268 1326,2268 1363,2269 1401,2270 1439,2270 1476,2270 1514,2270 1552,2270 1589,2270 1627,2270 1665,2270 1702,2270 1740,2270 1778,2270 1815,2270 1853,2271 1891,2271 1928,2271 1966,2273 2004,2274"/>
                <TextEquiv>
                    <Unicode>la comprehensione sicut capitur aliquod finitum ab ali¬</Unicode>
                </TextEquiv>
            </TextLine>
            <TextLine id="r1l97" custom="readingOrder {index:46;}">
                <Coords points="1249,2324 2009,2323 1997,2282 1250,2277"/>
                <Baseline points="1254,2309 1291,2310 1329,2310 1366,2310 1404,2310 1441,2312 1479,2312 1516,2312 1554,2312 1591,2312 1629,2312 1666,2312 1704,2312 1741,2313 1779,2313 1816,2313 1854,2313 1891,2313 1929,2313 1966,2315 2004,2315"/>
                <TextEquiv>
                    <Unicode>quo comprehendente. Ego autem concedo inquit</Unicode>
                </TextEquiv>
            </TextLine>
            <TextLine id="r1l99" custom="readingOrder {index:47;}">
                <Coords points="1246,2365 1885,2373 2009,2364 2009,2322 1246,2324"/>
                <Baseline points="1251,2351 1288,2351 1326,2352 1363,2352 1401,2352 1439,2354 1476,2354 1514,2354 1552,2354 1589,2354 1627,2354 1665,2354 1702,2354 1740,2354 1778,2354 1815,2355 1853,2355 1891,2355 1928,2355 1966,2357 2004,2357"/>
                <TextEquiv>
                    <Unicode>quod diuinus intellectus cognoscendo ita perfectissi</Unicode>
                </TextEquiv>
            </TextLine>
            <TextLine id="r1l101" custom="readingOrder {index:48;}">
                <Coords points="1246,2400 2005,2406 1986,2360 1246,2366"/>
                <Baseline points="1251,2393 1288,2394 1325,2394 1363,2394 1400,2395 1438,2396 1475,2396 1513,2396 1550,2396 1588,2396 1625,2396 1662,2396 1700,2396 1737,2396 1775,2396 1812,2396 1850,2396 1887,2397 1925,2398 1962,2399 2000,2400"/>
                <TextEquiv>
                    <Unicode>me comprehendit infinita sicut finita. Hec Rich.</Unicode>
                </TextEquiv>
            </TextLine>
            <TextLine id="r1l103" custom="readingOrder {index:49;}">
                <Coords points="1249,2449 1699,2437 1974,2461 2006,2452 2007,2414 1249,2400"/>
                <Baseline points="1254,2436 1291,2436 1328,2436 1366,2438 1403,2438 1440,2438 1478,2438 1515,2438 1552,2438 1590,2438 1627,2438 1664,2438 1702,2438 1739,2438 1776,2438 1814,2438 1851,2439 1888,2439 1926,2439 1963,2440 2001,2441"/>
                <TextEquiv>
                    <Unicode>Unde concluditur quod diuinus ipse intellectus con¬</Unicode>
                </TextEquiv>
            </TextLine>
            <TextLine id="r1l105" custom="readingOrder {index:50;}">
                <Coords points="1243,2499 2008,2494 2008,2452 1243,2448"/>
                <Baseline points="1248,2478 1285,2478 1323,2478 1361,2478 1399,2478 1436,2478 1474,2478 1512,2478 1550,2478 1587,2478 1625,2478 1663,2478 1701,2478 1738,2478 1776,2478 1814,2478 1852,2480 1889,2480 1927,2481 1965,2483 2003,2484"/>
                <TextEquiv>
                    <Unicode>prehendit se deum vel diuinam suam essentiam. cogno¬</Unicode>
                </TextEquiv>
            </TextLine>
            <TextLine id="r1l107" custom="readingOrder {index:51;}">
                <Coords points="1243,2526 2009,2533 2009,2499 1973,2485 1243,2485"/>
                <Baseline points="1248,2519 1285,2519 1323,2520 1361,2520 1399,2520 1437,2520 1474,2520 1512,2520 1550,2520 1588,2520 1626,2520 1663,2520 1701,2522 1739,2522 1777,2522 1815,2522 1852,2523 1890,2523 1928,2523 1966,2525 2004,2525"/>
                <TextEquiv>
                    <Unicode>scendo vere eam esse infinitam. et comprehendit illam:</Unicode>
                </TextEquiv>
            </TextLine>
            <TextLine id="r1l109" custom="readingOrder {index:52;}">
                <Coords points="1240,2569 2011,2578 2011,2532 1240,2525"/>
                <Baseline points="1245,2561 1283,2562 1321,2562 1359,2562 1397,2562 1435,2562 1473,2562 1511,2562 1549,2562 1587,2562 1625,2562 1663,2562 1701,2562 1739,2563 1777,2564 1815,2564 1853,2565 1891,2565 1929,2567 1967,2568 2006,2568"/>
                <TextEquiv>
                    <Unicode>infinita scientia et sapientia sua Non enim repu</Unicode>
                </TextEquiv>
            </TextLine>
            <TextLine id="r1l111" custom="readingOrder {index:53;}">
                <Coords points="1237,2617 2012,2618 2012,2575 1237,2571"/>
                <Baseline points="1242,2606 1280,2606 1318,2605 1356,2604 1395,2604 1433,2604 1471,2604 1509,2604 1548,2604 1586,2604 1624,2604 1662,2604 1701,2605 1739,2606 1777,2606 1815,2606 1854,2607 1892,2607 1930,2608 1968,2609 2007,2609"/>
                <TextEquiv>
                    <Unicode>gnat rationi quod infinitum comprehendat et capiat</Unicode>
                </TextEquiv>
            </TextLine>
            <TextLine id="r1l113" custom="readingOrder {index:54;}">
                <Coords points="1240,2653 2011,2662 2011,2618 1957,2612 1240,2618"/>
                <Baseline points="1245,2645 1283,2645 1321,2646 1359,2646 1397,2646 1435,2646 1473,2646 1511,2646 1549,2646 1587,2646 1625,2646 1663,2646 1701,2647 1739,2648 1777,2648 1815,2648 1853,2648 1891,2648 1929,2648 1967,2649 2006,2649"/>
                <TextEquiv>
                    <Unicode>totum infinitum. Sicut et linea infinita bene ha¬</Unicode>
                </TextEquiv>
            </TextLine>
            <TextLine id="r1l115" custom="readingOrder {index:55;}">
                <Coords points="1243,2693 2009,2695 2009,2662 1971,2650 1916,2670 1243,2660"/>
                <Baseline points="1248,2687 1285,2687 1323,2688 1361,2688 1399,2688 1437,2689 1474,2690 1512,2690 1550,2690 1588,2690 1626,2691 1663,2691 1701,2691 1739,2691 1777,2691 1815,2691 1852,2691 1890,2691 1928,2691 1966,2690 2004,2690"/>
                <TextEquiv>
                    <Unicode>bet et continet infinitas partes etc. ¶ Nec valet</Unicode>
                </TextEquiv>
            </TextLine>
            <TextLine id="r1l117" custom="readingOrder {index:56;}">
                <Coords points="1227,2760 1979,2766 2024,2757 2024,2694 1227,2696"/>
                <Baseline points="1232,2730 1271,2732 1310,2733 1350,2733 1389,2733 1428,2733 1468,2733 1507,2733 1546,2733 1586,2733 1625,2732 1664,2732 1704,2732 1743,2732 1782,2732 1822,2733 1861,2733 1900,2735 1940,2736 1979,2738 2019,2742"/>
                <TextEquiv>
                    <Unicode>argumentum tale Diuina essentia comphenditur et equitur</Unicode>
                </TextEquiv>
            </TextLine>
            <TextEquiv>
                <Unicode>finita Deus autem est infinitus. ergo improportionabiliter
deficit omnis creatura tam in presenti quam in patria
a dei captu pleno quod est comprehendere. Item secundum
Grammaticos etiam et theologos. vt patet etiam in libro
Catholicon Comprehendere dicitur a com quod est similis et prem
dere quod est capere quasi totum simul capere. Si ergo
deus totus similis posset comprehendi a creatura. sequi¬
tur quod posset limitari et sic non esset infinitus nec
summum bonum. per consequens posset deus non esse deus
quod est impossibile ergo etc
¶ Sed an deus suo intellectu com¬
prehendat seipsum: Ad hoc respondetur praesertim secundum san
ctum Tho. in scripto super primo di. lxiii. q. i. arti. i.
Ad quartum argumentum quod de ratione comprehensio¬
nis duo sunt vnum est quod fines rei apprehendantur vebl
contingantur aut contineantur. et sic infinitum puta deus
nullo modo comprehenditur neque a finito neque ab
infinito. Unde nec ipse deus comprehendit se hoc modo
quia fines non habet cum sit infinitus Aliud de ratione
comprehensionis est quod nihil comprehensi sit extra con¬
prehensorem et sic infinitum seipsum comprehendit. Unde
sic intellectus diuinus comprehendit essentiam suam
et potentiam cum nihil extra ipsum est quam adequat
Hec ex Tho.
¶ Sed quomodo intellectus diuinus
comprehendat se deum vel essentia diuinam: Difficul
tatem in hoc facit verbum Augustini. xi. de ciui. dei
c. xviii. Aut vt allegat Tho. lib. de videndo deum
vbi dicit sic Quicquid scitur scientis comprehensione.
finitur. Idem vel consimile dicit etiam philosophus. ii. metaph.
vbi ait sic Infinitum non est scibile. sed quicquid intel
lectus intelligit id finit. Hec ibi. Ex quibus Fran.
maro. in confla. super primo di. xxxv. vel. xxxvi. q. vl
Arguit quod cum deus sit sibi comprehensibilis sequitur
quod comprehendit se vt obiectum secundum aliquam deter
minatam mensuram: soli deo comprehensibilem Et
sic sciendo se comprehenditur a seipso tanquam infint
tum ab infinito. Sed tamen secundum Bonauem. et Rich.
super i. dist. xliii. q. ii diuinus intellectus vere co¬
gnoscit et iudicat diuinam essentiam esse infinitam. ergo deo
non est finita vel sub determinata mensura cogni
ta cum non possit ipsa essentia diuina limitari. Unde
Rich. Ibidem dicit quod illud verbum Augustini Quic¬
id scitur finitur etc. Similiter philosophi. Sic intelligendum est
y comprehensum a scientia ita perfecte capitur ab il
la comprehensione sicut capitur aliquod finitum ab ali¬
quo comprehendente. Ego autem concedo inquit
quod diuinus intellectus cognoscendo ita perfectissi
me comprehendit infinita sicut finita. Hec Rich.
Unde concluditur quod diuinus ipse intellectus con¬
prehendit se deum vel diuinam suam essentiam. cogno¬
scendo vere eam esse infinitam. et comprehendit illam:
infinita scientia et sapientia sua Non enim repu
gnat rationi quod infinitum comprehendat et capiat
totum infinitum. Sicut et linea infinita bene ha¬
bet et continet infinitas partes etc. ¶ Nec valet
argumentum tale Diuina essentia comphenditur et equitur</Unicode>
            </TextEquiv>
        </TextRegion>
    </Page>
</PcGts>
