2357 3286
363 290 1132 343 sit nihilo minus est practica: Quia dilectio quae a
361 334 1126 392 ficit est praxis voluntatis et eius actus. Nam. vi
369 383 1130 427 Ethicorum dicitur quod veritas directiua secundum appetitum re
372 416 1133 469 ctum circa actus humanos est praectica. Hec ex Scotor
372 457 1142 513 ¶ Tertia difficultas. Quid de theologia vel scia
369 497 1135 553 angelica. Ad hanc patet secundum Scotorelis. responsio in concli
376 546 1147 596 sionibus praedictis scilicet ii. et. iii. Item secundum Fran. de ange
375 585 1139 637 lorum theologia clarius infra patebit vbi hoc eodem
363 625 1017 693 primo libro agetur ca. Angelica theologia.
410 665 1141 748 ¶ Item questio vltima de theo¬
372 729 1139 775 logie supernali relicitate patet ex praedictis eo quod est in
375 769 1144 822 deo et beatis etc. perpetuo manens. Unde hec suffici
378 819 1145 871 ant de abysso theologice sapientie praemissa pro prolo
369 856 910 905 go ad eiusdem commendationem etc.
594 946 1128 1037 Oloiutum dici
591 1026 1147 1073 tur quasi ab alio solutum vt volunt
590 1066 1142 1127 Scotis. et etiam Ianuen. in libro Co
585 1109 1147 1158 tholicon. Unde et quedam nomina dicuntur
382 1127 1151 1210 absoluta:. Quia per se dicta dant intelligere quicquid eis
379 1194 1145 1252 conuenienter potest addi vt deus meus homo vel asinus tuus
376 1234 1150 1281 et huiusmodi. Et absolutum dicitur quia liberum est et non relatum id est
379 1279 1139 1327 non respectu alicuius dictum. Absolutum quit modis
370 1319 1137 1381 dicitur. Respondetur secundum Guill. Scotis. super i. di. xxvi. quoe
376 1365 1147 1419 tripliciter prout spectat ad nostrum propositum. Uno modo dicitur
375 1405 1139 1453 absolutum vt diuiditur contra respectiuum. Et sic dicitur po
381 1443 1151 1498 sitiue. sicut dicimus quod substantia est absolutum praedicamen
385 1488 1139 1536 tum sed Adaliquid respectiuum ¶ Secundo modo dicitur absoli
378 1525 1139 1587 tum pure privatiue scilicet pro conceptum abstracto ab absolu
378 1567 1141 1619 to et respectiuo. Sicut si abstrahamus ens finitu
384 1608 1147 1663 a substantia et relatione: tunc ens finitum nec est absolutum
373 1656 1138 1705 nec respectiuum loquendo positiue. Sed solum dici
384 1696 1145 1754 privatiue absolutu: quia non est actu respectiuum sed
386 1735 1144 1798 potest esse. De his duobus modis absoluti loquitur ma
384 1782 1136 1839 gister Fran. maro. cuius dicta subiungemus ¶ Te
381 1821 1144 1880 tio modo dicitur absolutum pure negatiue pro eo cui conue
388 1863 1154 1915 nit sic esse ad se quod nullo modo ad aliud. Et sic in di
379 1907 1144 1953 uinis diuina essentia est absoluta: et quiditates
381 1946 1148 2009 substantie et qualitatis in primo signo sicut humani¬
378 1989 1036 2039 tas equinitas et cetere. Hec Guill. vorl. supra.
432 2038 1145 2104 Proinde questio est. An perso¬
382 2091 1154 2145 nam diuina sit ad se. Ad quod Fran. ma. super primo di.
375 2131 1154 2189 xxiii. q. iiii. inducit Aug. vii. de trin. dicentem quod perso¬
376 2173 1147 2228 na ita est ad se sicut deus. Hoc est ita est absolutum
384 2218 1150 2269 Si autem arguatur ex hoc. ergo hec persona scilicet pater est ad
385 2259 1153 2313 se. Respondet. Dico inquit quod ad se intelligitur quandoque posi
378 2301 1144 2353 tiue. Et sic accipitur pro absoluto primo modo supra
388 2352 1141 2405 Sicut incorporeum quandoque accipitur positiue secundum quod
397 2393 1141 2443 constituit speciem ex opposito distinctam. contra specien
387 2425 1154 2489 constitutam per corporeum. Alio modo autem accipitur priua
388 2469 1151 2521 tiue. Sicut dicimus quod ad se potest dici quod non est ad aliud
390 2520 1145 2569 licet possit esse ad aliud prout dicius quod substantia vt substantia ne
394 2562 1157 2608 est corporea. hoc est non includit in sui communi concs
390 2601 1163 2657 ptu corporeitatem actu. Nec sequitur quod ergo sit corpo¬
382 2637 1163 2704 rea. Nam nicorporeum et corporeum sunt differentie
398 2679 1169 2739 diuiden. substantiam et sic posteriores sunt quam sba. proptrea
1206 272 1963 336 substantia bene abstrahitur ab illis tanquam prior a posteri
1211 329 1960 379 oribus Sicut homo ab hic et nunc. Sic etiam dicim
1216 373 1966 428 quod persona vt persona non est ad aliud sed est ad se scilicet
1234 409 1977 463 uatie Nec sequitur quod ergo est absoluta. quia ad hoc
1224 456 1982 509 quod sit absolutum requiritur quod sit ad se positie et vt sic
1214 488 1972 546 non est ad se. Primo itaque modo intelligit Aug
1233 537 1982 593 Nam ratio persone non est precise relatiua nec est preciso
1227 583 1985 628 absoluta nec est absoluta et relatiua similis Sed ratio per
1221 619 1980 672 sone abstrahit ab absoluto et relatiuo. quia omne diui
1222 663 1982 714 sum per aliqua duo opposita necessario abstrahit ab
1221 703 1992 761 vtroque Et quia persona diuiditur per absolutum et relati
1219 742 1982 797 uum. ergo ipsa vt sic abstrahit ab vtroque Hec Fran.
1220 786 1981 846 ¶ Item pro regula tenenda nota quod absolutum non
1218 828 1997 895 constituit personam diuinam patet vbi Pater. §. vii.
1398 882 1985 971 Bstractuet con
1407 952 1982 1006 cretum differunt vt clarum est secundum logicos
1407 1002 1991 1061 quia abstractum dicit solam formam in se. sicut
1233 1045 1982 1093 Castitas: veritas: albedo etc. Sed concretum dicit duo
1210 1080 1999 1137 (scilicet formam cum substrato vels subiecto similis sicut castum
1228 1136 1994 1180 verum album etc. Unde Aug. li. i. Solilo dicit. aliud est ca
1227 1174 1990 1223 stitas. aliud castum. aliud veritas. aliud verum. Non
1224 1212 1999 1267 enim casto castitas. sed castitate fit castum Et cum ca¬
1225 1256 2000 1305 stus quis moritur non moritur castitas. Hec Augu.
1276 1301 1997 1360 ¶ Quot ste genera abstractionu¬m
1221 1352 2008 1404 Respondetur secundum doc. subti. Et post eum Pe. de aqui. ac
1227 1399 2005 1452 Guil. Scotis. super primo di. v. Quod tria sunt genera
1230 1448 2012 1491 abstractionum. Quia prima in substantia. Secunda in acci¬
1230 1484 1999 1530 dentibus absolutis. Tertia abstractio in accuden¬
1221 1526 2011 1574 tibus relatiuis. Nimirum in substantia est vnica abstra¬
1219 1573 2012 1613 ctio tantum scilicet quoditatis a supposito singulari Sicut
1218 1613 2012 1662 ab homine abstrahitur humanitas. ab equo equinitas
1231 1651 2006 1705 vt dicit Auicen. etc. Item in accidentibus absolutis sunt
1230 1688 1997 1737 due abstractiones vna accidentis a subiecto sicut a
1218 1732 2000 1785 bedinis ab albo. Alia autem quiditatis a supposi¬
1223 1774 2006 1822 to vel proprio singulari suo. puta quiditas albedinis
1230 1821 2003 1870 abstrahitur ab ista albedine Nam album est concretum
1225 1860 2009 1910 a quo primo abstrahitur scilicet a sbiecto et dicitur albedo. Et
1225 1900 2006 1949 dehinc abstrabitur a singulari suo supposito et dicitur
1225 1949 2000 1995 quiditas albedinis. Sed in accidentibus relatis
1230 1992 1999 2037 vel respectiuis est triplex abstractio quia in talibus
1225 2030 1996 2077 fieri possunt tres abstractiones. Una relationis et etiam
1224 2072 2011 2121 fundamenti a subiecto. Puta si abstrahatur intel¬
1219 2115 1997 2162 lectu paternitas et pater ab homine. Secunda est relationis
1227 2161 1999 2208 a fundamento. puta cum abstrahitur paternitas a pa
1221 2197 1994 2260 tre. Tertia est quiditatis a supposito vel a singu
1227 2239 2003 2288 lari suo proprio scilicet paternitatis a paternitate ista Ad
1218 2282 1994 2327 idem Guil. supra ponit tale Exem scilicet Cum dicitur ignis
1218 2322 2002 2371 calefacit Calefacere primo abstrahit a subiecto
1215 2363 2006 2412 et dicitur calor. Secundo abstrahit a suo singulari sup¬
1227 2406 2009 2461 posito et dicitur potentia calefaciendi scilicet vniuersaliter. Ter
1225 2455 2005 2505 tio a suo fundamto et dicitur caliditas. Ad hec vbi
1239 2489 1445 2550 Relatio. §. ii.
1248 2530 1994 2609 ¶ Abstractio vltima que vel qua¬
1218 2584 2016 2648 lis dicitur. Respondetur secundum supradictos ibidem quod vlti¬
1224 2628 2000 2687 mata abstractio est In qua nihil aliud concipitur
1222 2681 2011 2748 de re nisi quod est ipsius quiditatis. hoc est quando ali¬
