2242 3303
219 269 1000 358 ¶ Secundo nota secundum Rich. super. iiii. dist. e. xl vi. q. ii
225 335 995 382 quod deus iusto ordine posset Iudam vel alium dana
226 377 1001 429 tum reucare ad vitam praesentem: et infundere veram fiden¬
225 419 993 466 et penitentiam de peccatis prius commissis. ac gratiam finalite
229 461 1004 513 perseuerantie dare et per consequens saluare. Sicut est de Tra
229 504 997 556 iano imperatore legitur: similiter et de resuscitatis pluribus paga
238 548 995 595 nis: puta de filio Theophili quem suscitauit Pal
238 588 995 641 trus a mortuis. xiii. anno mortis illius. et de su
238 633 1004 679 citatis per beatum Martinum et multis aliis. Nam
241 670 1001 725 et secundum Guill. super i. dist. xl vi. deus facit talia ex prae¬
244 711 1003 766 uilegio speciali hoc autem non facit legem communem.
246 749 1007 812 Unde deus ordinata potentia posset si vellet Iu
240 790 1002 854 dam vel alium damnatu saluare si vellet quia hoc
234 832 1000 891 condeceret suam bonitatem et liberalitatem. Nam vt
240 877 1007 936 Aug. dicit. Deus posset etiam ipsi diabolo dare
240 918 911 978 bonam voluntatem et per consequens tandem salua.
240 958 1002 1047 ¶ Sed nunquid posset deus sal
240 1036 1006 1088 uare Iudam saluis eius demeritis permanenti¬
235 1072 1004 1126 bus Respondetur secundum Bonauen. super primo dist.
235 1120 1006 1165 xliii. circa litteram quod sic non posset. Quia hoc esset
238 1157 1006 1212 iniuste iudicare et contra suam iustam sententiam diffi
226 1204 994 1256 nitiuam qua iam finaliter in perpetuum fore damna
229 1243 1009 1299 tum determinauit. faciendo non posset esse iustum cum
231 1287 1007 1334 implicat contradictionem: sed non saluis demeritis.
240 1324 1001 1379 vt predictum est bene posset. ¶ Si obiicitur de Tra¬
234 1369 1003 1418 iano imperatore qui finaliter paganus decessit et in
232 1411 992 1460 peccatis: et tamen postea saluatus fuit vt praetactum est
231 1461 1008 1508 Quare ergo non posset pari modo facere cum aliis.
232 1495 1005 1550 Dicendum secundum Guill. e. dist. xliii. quod non est simile
226 1541 996 1593 quia super Traianum nondum erat finalis sententia
219 1583 989 1631 damnationis a deo lata. Presciebat enim deus posi
216 1622 985 1673 cecc. annos beatum Gregorium pro eo oraturum cuius
229 1668 985 1716 meritis vite extit restitutus et in christum credidit a
218 1704 989 1761 penitentiam egit. sicut et de aliis multis legitur vt pa
220 1750 989 1798 tuit. Et dist. xl vi. ipse Guill. dicit idem de Dago¬
225 1789 991 1842 berto Rege francorum. Hec ex Guill. Unde quia super
236 1832 985 1885 Iudam et finaliter damnatos lata est iam senten
228 1879 988 1927 tia: ergo non potest eum deus saluare vel tales saluis
225 1919 1001 1966 demeritis: quia in inferno nulla est redemptio. Ita
234 1963 992 2012 que sic accipiendum est dictum Augustini lib. de natu¬
231 1999 1002 2054 ra et gratia quod allegat magister e. dist. xliii. dicit. sic.
232 2043 994 2093 Dominus Taarum suscitauit in corpore. Nunquid dicen
229 2087 997 2136 dum est non potuit Iudam suscitare in mente. po¬
222 2128 998 2175 tuit quidem sed noluit. Hec ille. Hoc intelligen¬
226 2170 914 2235 dum est quod bene potuit ante latam sententiam etc.
284 2220 996 2293 ¶ An deus iuste posset Petrum
225 2254 998 2330 apisctoum vel alium beatum damnare: Et arguitur quod sic.
235 2327 994 2375 pari ratione enim posset beatum damnare sicut et damnatum sal
227 2373 982 2424 uare si vellet: quia posset destruere omnia quae fec quod ma
238 2407 986 2462 ius est. ergo mlto fortius hoc posset ¶ Ad quaestionem hanc
229 2451 996 2506 ppter dictam rationem fuerunt secundum Bonaue. supa et Tho. e.
232 2496 982 2537 di. q. ii ar. ii et Rich. in. iiii. recolligendo vario modo
219 2539 985 2585 dicentes Aliqui enim distinguendo de potentia
238 2574 998 2626 absoluta et ordinata dixerunt quod talia potest de¬
238 2618 986 2667 us potentia absoluta sed non ordinata. Iste au¬
237 2659 998 2720 tem modus dicendi non valet ad propositum:
232 2699 989 2773 quia posse inordinate est non posse sicut peccare vel
1078 285 1842 356 mentiri non posse est deo etiam de potentia absolu¬
1068 351 1842 392 ta loquendo. Alii autem dixerunt quod neutrum hoc est
1071 385 1843 440 nec Petrum vel beatum aliquem damnare. nec Iudam
1071 428 1849 478 saluare potest deus simpliciter loquendo. Sed nec hoc
1071 471 1840 521 valet dici quia derogat potentie dei. Alii praeterea. dit
1075 517 1838 572 quod quamuis deus Iudam saluare possit ex superabun¬
1084 554 1847 613 danti sua misericordia praescriptis modis in prece
1075 592 1841 656 dentibus. Tamen Petrum damnare non potest. Primo quia
1068 637 1841 699 beatum aliquem damnare esset contra iusticiam. Ratio quid
1083 684 1841 731 quod rationalis creatura puta angelus bonus. et anima
1073 719 1853 770 beata iam meruerunt hoc est eternam beatitudinem
1077 767 1846 816 auferre ab eisdem nullo modo potest fieri salua iu¬
1090 801 1843 854 sticia. Secundo quia si deus sic faceret. iniuria fiere
1083 846 1849 894 beatis eadem ratione. Tertio quia non condecet dei bo¬
1078 893 1852 943 nitatem auferre beatitudinem a beato. Sed bene
1074 934 1858 980 condecet facere misercordiam damnato. sicut si Rex
1084 980 1862 1026 auferret alicui sua esset rapina minus iuste aufer¬
1086 1020 1849 1064 rendo quod non decet regem. sed facere misericordiam
1087 1057 1861 1107 latroni condecet aliquando. Quarto quia saluis meri¬
1084 1105 1856 1153 tis beatus non potest damnari cum iam non possit pecca¬
1083 1143 1247 1205 re ergo etc.
1131 1196 1849 1270 ¶ Sed nunquid deus bene posset
1077 1255 1849 1319 beatum reducere ad hanc vitam mortalem Et hic bea¬
1071 1297 1859 1360 tus talis scilicet Petrus posset peccare ac damnatio¬
1074 1344 1846 1405 nem demereri: Respondetur secundum Rich. supra. Quod deus
1071 1386 1856 1437 hoc bene posset facere ordinata potentia. Tamen
1081 1429 1846 1473 non posset salua iusticia claram dei visionem a beato
1086 1469 1843 1516 auferre. Illa autem dei scilicet visione manente nullo mo
1084 1510 1859 1578 do: talis etiam in hoc mortali corpore posset peccare
1077 1544 1222 1614 ergo etc.
1313 1574 1854 1701 Iubervite. circa
1265 1682 1855 1741 hoc plura possunt considerari etc. scilice
1273 1732 1846 1772 eius descriptio distinctio: conscripton:
1287 1765 1850 1827 deletio et lectio. Primo e queritur
1072 1792 1849 1859 Quid est liber vite vel qualiter describitur. Respondetur
1078 1849 1841 1908 secundum Tho. prima per. q. xxiiii. art. i. et se. Ac post eum
1078 1891 1846 1934 Rayne. in summa sua Quod super illud psalmos. lxviii. De¬
1089 1936 1846 1987 leantur de libro viuentium et cum iustis non scribantur
1071 1972 1841 2029 Aug. in glo describit. dicit. sic Tiber vite est noticia
1069 2018 1772 2079 dei qua praedestinauit ad vitam quos elegit etc.
1093 2056 1836 2135 ¶ Nimirum talis noticia diuina di
1075 2119 1841 2170 citur lib ratione scriptionis quia sicut in terrena policia
1083 2171 1835 2213 vel multitudine vel officio aut ministerio puta
1072 2200 1830 2261 in militia Milites. Et in consularatu consules scri
1074 2240 1842 2301 buntur ad illam societatem ex nomine qui admittendi vel
1075 2289 1831 2338 eligendi sunt in libris sic in ciuitate Triumpham
1072 2336 1841 2387 te representantur in dei noticia electi ad vitam admit¬
1062 2382 1844 2432 tendi. Unde luce. x. Gaudete quia nomina vestra scripta
1072 2412 1831 2465 sunt in celis. Et Esa. iiii. Sanctans vocabitur omnis qui
1069 2455 1828 2509 scriptus est in vita in hierltum Item sicut scriptura libr
1066 2497 1829 2551 est signum eorum quae sunt fienda vel facienda a tali com¬
1069 2538 1834 2594 scripto homine ad tale ministerium Ita noticia prede
1065 2582 1822 2629 stinationis electorum ad viam est signum infallibile
1056 2621 1828 2672 apud deum quid debeat fecere homo ad vitam consequendan¬
1063 2664 1822 2710 scilicet habere fidem et charitaem ac opera meritoria. ii Tim.
1065 2706 1825 2774 ii. Firmum fundamntum sidi stat habens signaclum nouit
