2237 3292
385 274 1151 335 deus qui sunt eius vt discedat ab inquitate omnis
393 328 1157 378 qui iuuocat nomen domini sicut Augustinus exponit istam
391 367 1150 415 autoritatem. ¶ Exemplum. Miles non scribitur pro mi¬
390 410 1155 464 litando simpliciter ad hoc vt arma portet vel arme
387 451 1055 510 tur sed ad hoc vt militet opere et pugnet et etc.
411 500 1147 577 ¶ Sed quare dicitur liber vite
387 575 1151 628 Respondetur secundum praedictos doctur. supra quod ideo. Pri¬
385 618 1138 666 mo quia talis noticia est eorum qui eliguntur ad vt
387 661 1154 710 tam: et non eorum qui condemnantur ad mortem
384 701 1148 760 ppterea non dicitur liber mortis sed vite. Secundo
384 746 1145 796 quia in eo sunt scripta merita que ducunt ad vitam
387 795 1135 838 eternam. Tertio quia est liber summe et beate vite
390 827 1153 874 Antonomasice dicitur vita. Non autem dicitur liber vi
375 873 1157 926 te nature que est mortalis. nec gratie que amitti
384 914 985 977 potest sed glorie perpetue caelestis ergo etc.
430 953 1148 1013 ¶ Queritur de distinctione eius
390 1010 1150 1066 An distinguatur liber vite a predestinatione: Responde
385 1060 1144 1107 detur secundum Alexan. de Ales. prima parte. q. xxxiiii. an
385 1095 1157 1147 iii. et Tho. in questionibus disputatis de veritate
390 1141 1157 1189 ar. i. de li. vite ac Rayne. quod licet ista sint idem in re.
390 1180 1159 1229 differunt tamen. Primo quia predestinatio est
393 1221 1150 1271 in deo preuidentia glorie conferende. Sed liber
393 1271 1154 1320 vite est proprie ipsa preuidentia meritorum vite eterne
397 1309 1153 1362 Unde secundo differunt quia praedestinatio respicit
389 1350 1150 1399 quod est in deo scilicet noticiam. Sed liber vite respici
387 1395 1147 1449 proprie quod est in nobis. scilicet merita nostra vt patet per
387 1440 1153 1490 glo. Augusti. super Psalmus supra. Tertio differunt
388 1480 1151 1522 quia quamuis vtrumque vitam eternam designat tamen
391 1516 1150 1559 differenter: quia praedestinatio respicit eam vt a deo
384 1556 1157 1610 prauisam immediate. Sed liber vite respicit vt me¬
390 1599 1154 1662 diante dei predestinatione et nostris meritis con¬
391 1640 640 1699 sequendam etc.
420 1668 1150 1754 ¶ An liber vite sit quid increatum
394 1740 1150 1789 vel creatum: Ad hoc respondetur secundum e. Alexan. supra
387 1781 1150 1832 et Tho. ac Rayne. distinguendo quod liber vite di¬
396 1818 1150 1877 citur tribus modis. Primo modo dicitur exempla
405 1871 1147 1917 vite. Et sic non est aliud quam noticia predestinatio
405 1906 1157 1958 nis dei in se et approbationis divine. Secundo modo
405 1954 1150 2000 liber vite dicitur exemplum vite. Et sic attribuitu
402 1990 1153 2042 christo qui dicitur liber vite secundum humanitatem
393 2029 1154 2084 quia dat nobis exemplum viuendi quo modo perue
403 2080 1160 2125 niamus ad vitam caelestem. Tertio modo Tiber
405 2116 1163 2162 vite dicitur aliquid inquantum est signum vite. Et sic sacra
392 2152 1163 2205 scriptura dicitur liber vite Ecci. xxiiii. Hec omnia
399 2199 1159 2250 liber vite. Glo. Hec omnia que scripta sunt in ve
402 2245 1163 2293 teri et nouo testamento sunt liber vite. scilicet quia do¬
395 2279 1156 2331 cumenta vite eterne. Unde ex his concludit Alexan
396 2322 1163 2377 quod liber vite primo modo est quid increatum. Sed
402 2368 1031 2421 secundo modo et tertio est quid creatum.
410 2424 1163 2505 ¶ Qualiter se debet homo respe
397 2500 1157 2546 ctu libri vite obseruare: Nota secundum Richardis
396 2537 1160 2591 super. iii. lib. dist. xxxi. arti ii. q. i. concor. Tho. pri
405 2585 1168 2630 ma parte. q. xxiiii. arti. i. Et Raynerium in summa sua
409 2632 1172 2671 quod sicut liber militie triplititer dicitur. Ita etiam
405 2663 1181 2726 liber vite. Nam primo dicitur libermilitie in qua scribuntur
1224 278 1984 332 aliqui ad militiam. Secundo liber militie dicitur
1218 329 2000 375 in quo traditur sacia vel ars Militaris vt patet de
1227 366 2008 421 libro Uegetii qui dicitur de re militari. ¶ Tertio li.
1224 406 2011 460 ber Militie dicitur in quo recitantur facta militum. Sic
1227 446 1999 498 a simili liber vite dicitur tribus modis ¶ Primo liber
1225 496 2015 540 vite dicitur conscriptio eorum qui sunt electi ad vitam. hec
1224 536 2009 578 est dei noticia. Secundo dicitur traditio eorum que du¬
1225 571 2002 624 cunt ad vitam eternam vt sunt libri vtriusque testam
1221 618 2002 668 ti. Tertio dicitur recitatio eorum operum per quae promereniui
1233 653 2005 710 homines vitam eternam. Unde Aug. ii de ciui. dei dici
1229 694 2001 753 quod liber vite est quedam vis diuina qua vt cuique
1224 735 2002 790 opera sua bona vel mala ad memoriam reducan¬
1229 778 2015 834 tur. Unde in iudicio aperietur liber vite apoc. xx.
1233 817 2009 879 Tibri aperti sunt et alius liber apertus est qui dici
1233 855 2001 916 tur liber vre et ex his iudicati sunt mortui etc. Ti
1228 910 2005 959 ra Tib conscientiarum singulorum hominum aperti dicun
1231 950 2002 998 tur Et alius liber vite id est predestinationis diuine quo
1228 991 2002 1039 timc manifesta erunt omnia etiam abscondita cordis
1219 1023 2012 1077 etc. ¶ Ad quesitum ergo patet quod homo debet ob¬
1227 1057 2006 1119 seruare se respectu libri vite quo ad hec tria. Pri
1222 1108 2012 1157 mo vt spem habeat quia conscriptus est in libro vi
1227 1151 2012 1206 te. Secundo vt obseruet dei mandata tradita in ve.
1225 1194 2005 1247 te scilicet decalogum et in nouo etiam scilicet in euan. Tertio vi
1221 1233 2017 1287 operetur bona et caueat peccata. sciens quia ad iudicium
1228 1281 1421 1328 trahetur etc
1239 1328 2009 1401 ¶ Queritur de conscriptione. Utrum
1233 1398 2002 1448 aliquis qui non est scriptus in libro vite possit etur
1231 1445 2005 1491 ficere vt de nouo conscribatur in illo. Respondetur secundum
1233 1485 2012 1536 Alex. supra. Tho. et Rayne. Quod aliqui dicuntur conscri¬
1236 1527 2021 1580 pti in libro vite dupliciter scilicet simpliciter. vel secundum quid
1275 1568 2015 1618 Primo modo scilicet simpliciter conscripti hoc est secundum
1236 1611 2002 1659 dei noticiam ex praedestinatione. Isti non de nouo sed ab
1234 1654 2005 1701 eterno sunt conscripti in libro vite quia praedestinatio
1234 1691 2017 1745 omnim saluandorum est ab eterno preuisa etc. ¶ Se
1230 1735 2005 1784 cundous scilicet secundum quid conscripti hoc est secundum presentem
1236 1781 2009 1826 iusticiam vel gratiam et non secundum finalem gratiam. Tales
1236 1818 2018 1874 possunt de nouo conscribi Et hoc potest fieri dupli¬
1234 1867 2003 1911 citer. ¶ Uno modo secundum suam causam scilicet ex dei gra¬
1228 1907 2012 1953 tia de notio habita quia quicunque dei gratiam ha¬
1230 1947 2009 2000 bet: ex hoc ipso dignus est vita eterna Unde secundum quod
1236 1999 2015 2040 aliquis incipit de nouo habere gratiam: incipit ordi¬
1236 2031 2005 2081 nem habere ad vitam eternam. et sic potest dici quod talis
1236 2071 2006 2118 scribitur de nouo in lib. vite secundum praesentem gratiam vel iu
1227 2116 2000 2163 sticiam. Potest eim in homine esse mutatio de peccato in gratiam
1236 2157 2006 2205 per paniam Et mox talis annotatur in celis secundum pre
1235 2194 2002 2245 sentem gratiam. Unde Beda super illud luce. x. Gau
1233 2239 1999 2288 dete et exultate. quia nomina v. scrip. sunt in celis in
1236 2279 2015 2336 glo. collaterali dicit sic Salubriter intelligendum
1236 2322 2003 2372 est quod si celestia opera quis gesserit per hec quasi li
1236 2366 2012 2418 bris annotatur apud deum etc. Et notanter dicit an¬
1233 2402 2003 2452 notatur quia annotari dicitur secundum presentem iusticiam sicut scri
1240 2451 2003 2500 bi proprie dicitur secundum finalem gratiam. ¶ Alio modo poes
1239 2492 2009 2541 quis de nouo scribi in libro vite secundum quid scilicet secundum suam
1229 2532 2011 2587 reputationem vel secundum opinionem hominim non veram
1243 2581 2015 2621 vt qui se reputant dignos vita eterna cum tamen viuant
1227 2612 2003 2675 in peccatis. Unde Basilius dicit Quidam sunt qui scribunt
1234 2658 1999 2726 non quidem in libro vite sed in terra perditionis
