2225 3297
225 269 988 327 iuxta illud Hiere. dictum Recedentes a te in ter
225 327 997 373 ra scribuntur. Fit ergo scripture libri vite mutatio
226 360 998 416 quando aliqui de peccato ad virtutem conuertuntur. sicut
225 403 1003 455 et quando auertuntur fit deletio ¶ Sed. dicit. Nunquid ali¬
229 441 1003 492 qui in libro vite scribuntur mutabiliter Respondetur secundum
238 492 1003 544 eundem Alec. et Tho. ac Rayne. quod in homine potest esse
232 537 1004 578 mutatio debono in malum et econuerso. Et hec mu
234 576 995 623 tatio comprehenditur a deo non de nouo: sed ab eter¬
237 613 1000 669 no deus hoc praecognouit quod videlicet iste homo sic
237 663 1000 704 vel sic mutatur Unde quando aliquis mutatur in bo¬
232 704 997 756 num scribitur de nouo in libro vite non simpliciter sed secundum
226 743 994 793 quid tantum id est secundum presentem iusticiam vel gratiam qua non
231 787 997 836 e ter finalis sed ad tempus Quisquis autem simplicite
228 822 994 879 scribitur in libro vite immutabiliter ex parte dei est
231 868 994 917 talis scriptio licet in homine vel ex parte hominis non
231 914 994 973 ponat necessitatem vt patebit vbi De predestina¬
228 957 371 1016 tione etc
297 980 992 1066 Utrum liber vite sit tantu respe
225 1048 1006 1107 ctum bonorum an etiam malorum. Respondetur secundum Alex. pri¬
226 1104 1004 1151 ma par. summe. q. xiii. arti. vi. Et Rayne. in sua
229 1146 1003 1194 summa notando aliquas circa hoc distinctiones
219 1184 1000 1234 que sequuntur. ¶ Nam primo proprie loquendo in li¬
219 1225 985 1271 bro vite simpliciter scripti sunt soli boni quia mali non
225 1267 988 1318 approbantur a deo ergo non scribuntur inquantum mal
228 1314 985 1363 in lib. vite ¶ Secundo Quod bonorum Aliqui sunt bo
231 1351 991 1407 ni praesentialiter tantu Aliqui finaliter Et quia sola gratia fi
219 1403 991 1444 nalis facit simpliciter dignum vita eterna ideo soli bo
225 1445 994 1489 ni finaliter. dicuntur scripti simpliciter in libro vite Bo¬
220 1489 991 1535 ni autem praesentialiter tantummodo secundum quid id est secundum praesentem
217 1529 994 1574 iusticia etc ¶ Tertio nota quod malorum aliqui sunt
217 1569 989 1617 electi a deo alii reprobi. Isti scilicet reprobi nullo modo
220 1614 995 1656 sunt scripti in libro vite simpliciter. mali vero electi sunt
217 1652 998 1700 scripti Etsi aliquando a peccato resurgunt saltem finaliter.
216 1693 989 1746 tunc manifestum est eos esse conscriptos. Cum autem
213 1739 992 1791 peccat homo quicunque siue bonus: siue malus con
219 1780 992 1826 uersus. recidiuando in peccatum Tunc dicitur deleri de
222 1819 1004 1868 libro vite secundum quid id est secundum presentem iusticiam. Unde
226 1863 995 1914 Eto. xxxii. dominus dicit. qui peccauerit in me delebo eum
225 1907 428 1952 de libro vite.
235 1935 997 2026 ¶ Sed nunquid talis casus electi
226 2002 980 2057 potest dici conscriptus fore in libro vite: Cum enim de
223 2053 988 2102 hoc preuiderit scilicet vt talis post casum resurgens sal
220 2097 991 2142 uetur videtur quod casus huiusmodi sit praeordinatus. Ad hoc
214 2138 986 2193 breviter dicendum secundum praedictos doc. quod exquo tales
223 2177 982 2231 electos casus ordinat ad vitam hoc tamen non faci
222 2224 988 2274 causaliter. sed tantummodo materialiter siue occasio
214 2265 988 2319 naliter quoniam vt scribitur Rho. viii. Diligentibus deum
217 2315 994 2360 omnia cooperantur in bonum his qui secundum propositum voca
223 2348 986 2399 ti sunt sancti. Et glo. ibi dicit quod etiam casus coopera¬
217 2388 989 2441 illis in bonum quia post peccatum resurgunt humiliores
223 2440 995 2488 cautiores et feruentiores. Exemplum de Petro
216 2476 1001 2530 aplo et Magdalena Ideoque talium casus non in¬
226 2523 995 2571 quantum malum est sed inquantum ordinatus ad bo¬
213 2559 998 2611 bum potest dici conscriptus in libro vite in quo
226 2604 992 2653 tamen proprie loquendo non sunt scripta nisi bo
213 2645 1004 2714 na ¶ Unde et de penis malorum Si queratur
229 2687 337 2754 scilicet.
1059 262 1853 343 ¶ An pene reproborum sint conscri¬
1065 343 1841 387 pte in lib. vite: Respondetur secundum Rich. de media villa
1072 378 1840 429 super. iii. li. arti. ii q. ii quod in libro vite inquit proprie
1066 421 1837 470 loquedo quamuis non sint scripta nisi bona. Uerumtam
1075 463 1847 514 sub bonis comprehenduntur etiam mala pene inquantum
1066 504 1835 557 iusta sunt quia vt sic bona sunt. Unde. ii Ethicorum
1068 541 1840 599 philosophus dicit quod pene sunt quedam medicine. Ideoque
1071 586 1849 656 vt sic scilicet inquantum sunt iusta et bona: conscripta
1075 625 1355 672 sunt in libro vite
1135 653 1853 743 ¶ Sed quid de bono opere me¬
1074 731 1847 779 ritorio quod facit aliquando reprobus Respondetur secundum
1075 775 1856 824 Alexan. supra. et Rayne. Quod meritum reprobi potest
1077 815 1855 868 considerari dupliciter. Uno modo secundum quid vicem.
1084 859 1856 910 vt nunc cum est in gratia. Et sic dicitur scriptum in lib.
1077 902 1856 951 vite secundum quid id est secundum praesentem iusticiam. Tamen propter
1077 945 1843 993 abusum et propter ingratitudinem eo quod gratiam a dec
1080 985 1843 1029 sibi datam extinguit et abiicit: cedet hoc in penam
1079 1026 1841 1070 ipsi reprobo. Alio modo potest meritum reprobi consi¬
1078 1066 1843 1115 derari simpliciter. scilicet vt est in praedestinatione diuina. Et sic
1077 1110 1759 1169 non potest dici scriptum in lib vite. Hec omnia supra.
1079 1170 1835 1253 ¶ Queritur de deletione Utri
1075 1228 1850 1286 qui est scriptus in lib. vite possit deleri: Respondetur
1075 1280 1838 1330 secundum Richar. super. iii. dist. xxxi. arti. ii. q. iii. concor
1077 1324 1837 1370 Tho i. parte. q. xiiii. quod ille qui est scriptus simpl
1066 1365 1841 1421 in libro vite non potest deleri: sed qui secundum quid est
1072 1409 1844 1474 scriptus deletur vt patet ex predictis. Et latius
1075 1448 1462 1514 vbi de Predestinationem
1122 1485 1841 1558 ¶ Queritur de lectione Utrum
1072 1558 1841 1605 soti boni an etiam mali legant in lib. vite: Respondetur
1069 1594 1850 1651 secundum Alexan. supra. i. parte. q. xxxiii. arti. xi. Et Rayne. quod
1075 1640 1849 1689 exquo liber vite est ipsa dei noticia quae est idem quod sua
1072 1682 1838 1727 essentia quam mali videre non possunt. Ideo in praesentis
1066 1723 1844 1775 homnibus est clausus: ita quod mali in eo legere vel vi¬
1065 1767 1849 1812 dere non possunt. eo quod carent gratia dei. Boni etiam in praesenti
1069 1807 1846 1859 legere in eo non possunt: quia bonorum latent nunc meri¬
1069 1852 1838 1898 ta. Sed in futuro iudicio aperietur omnibus vt mal
1071 1891 1832 1939 videant in effectu se non esse scriptos in illo propte
1066 1928 1835 1985 sua peccata iusto dei iudicio. Boni vero videant et le
1072 1977 1835 2031 gant in essentia dei se fore praedestinatos ad vitam
1068 2014 1547 2069 ac gaudeant sine fine Amen.
1127 2064 1841 2149 Item quomodo videntur contempla
1053 2098 1682 2181 bilia in lib. vite. Uide vbi Uita. §. viii.
1271 2192 1342 2241 ecs¬
1300 2215 1831 2307 Iberum Dei liber
1273 2297 1835 2348 tas arbitrii. Nota secundum Guil. super
1269 2336 1849 2390 primo di. vi. Tibertas dicitur a liber li¬
1078 2347 1832 2434 bera liberum. Quia libitum et placitum ipsius
1071 2415 1339 2474 sunt voluntatis
1135 2453 1834 2523 ¶ Unde notat idem quod tria ista se
1071 2517 1838 2568 habent per ordinem et differunt vicem. Tiberum
1068 2565 1837 2623 simplicitur. Tiberum arbitrium et Ticitum ¶ Tiberum sim
1069 2606 1834 2658 pliciter enim est indifferens ad necessitatem et contin¬
1078 2644 1844 2701 gentiam sicut patet in diuinis Eadem enim voluntate dei
1075 2696 1835 2762 pitus sanctus necio producitur et creature contingenter
