2241 3284
411 271 1169 363 ¶ Tiberum arbitrium vero coartatur ad contingen¬
403 347 1163 404 tiam. Unde proprie liberum arbitrium duo aspicit In
399 390 1171 440 tellectum et voluntatem. Ut ratione liberi volun¬
399 431 1159 481 tatem. et ratione arbitrii intellectum denotet qua
393 465 1163 525 si qui est arbiter et iudex quid faciendum sit et quid
403 514 1171 565 non: quod solum est in contingentibus. Nullus enim
396 551 1167 606 arbitratur de aliquo impossibili vel necessario. si
405 596 1165 646 sit sapiens. ¶ Sed licitum dicitur quod licet. Unde
396 632 1171 692 licitum proprie est in contingentibus sed non in omnibus
396 678 1174 734 sicut liberum arbitrium quod est in bonis et malis. Ti
400 719 1168 772 citum enim est tantummodo in rectis et honestis. nisi
394 766 1172 816 large capiatur et tunc etiam necessaria licita sunt. Hec
412 811 563 860 ex Guill.
405 875 1180 940 ¶ De libero arbitrio tractandum
405 933 727 1002 Relinquo ad lib. ii
392 1009 1171 1098 ¶ An deus pater producat filium
409 1080 1165 1132 libera voluntate an natura: Cum emim secundum philosophum
402 1119 1166 1180 ii. philosophycorum. diuidat agentia. in agentia a natura
401 1165 1172 1220 et in agentia a proposito id est intellectum et voluntate vt
407 1201 1166 1257 ibi innuitur in textu. Sed quia omne productum per na
400 1251 1169 1306 turam est mutabile quia vt e. ii philosophycorum dicitur Na¬
402 1282 1174 1345 tura est principium motus et quietis eius in quo est
401 1323 1178 1392 per se et non secundum accidens. Sequitur ergo quod diuina
405 1377 1180 1432 generatio si fit naturaliter et non ex mera volun
403 1415 1165 1474 tate est mutabilis: quod est impossibile. Sed ad hec
402 1453 1169 1508 respondetur secundum Guill. e. dist. vi. primi. quod philosophus ibi
408 1495 1171 1551 loquitur de natura naturata: hoc est creata: non
408 1532 1185 1592 autem de natura naturante cuiusmodi est na
399 1575 1183 1640 tura diuina que est immutabilis. ¶ Ad quesitum
405 1619 1172 1676 ergo secundum eundem Guill. dicendum. Quod deus pater
402 1663 1171 1716 natura producit filium quia generatione natu¬
403 1703 1178 1756 rali. Unde filius est nomen nature. Ideoque Hi
402 1747 1180 1799 larius lib. de synod. dicit sic omnibus creaturis
401 1786 1174 1843 substantiam dei voluntas attulit: sed filio natu
411 1838 1183 1886 ra dedit. Proinde reprobatur pessimus error
407 1869 1184 1927 Eubomii quem de ore nostro euomat deus: ipse
408 1913 1179 1964 enim posuit filium dei non natura produci sed vo
409 1962 1180 2012 luntate sicut innuit Magister praedicta dist. vi.
416 1999 1183 2055 primi. De ista autem materia latius patuit supra.
418 2040 1172 2104 de Generatione. §. vii. viii. et. xxx. ac consequenter
409 2077 1025 2151 vsque ad xxxiiii. Ideo hic pertranseo etc.
423 2156 1178 2237 ¶ Tiberum arbitrium an sit in
408 2226 729 2286 deo. Uide libro. ii.
610 2298 1178 2406 Ocalis motus.
642 2402 1177 2453 Utrum deus mouetur localiter per
608 2444 1178 2498 accidens: Et arguitur quod sic. Quia
396 2480 1168 2540 ex i.t de Anima. motis nobis mouentur omnia quae
410 2526 1171 2581 in nobis sunt. Sed deus est in nobis et nos mo
406 2568 1181 2625 uemur localiter ergo etc. Respondetur secundum Sco¬
414 2603 1187 2659 torelis. in primo dist. viii. q. ii. Quod deus non mouetur
408 2650 1177 2701 etiam per accidens localiter. patet vbi Tocus
401 2690 1186 2766 §. v. latius. Sed ad hanc obiectionem dicendum
1227 272 2008 346 quod bene verum est quod motis nobis mouentur omnia quae in
1233 339 2011 405 nobis sunt per inherentiam. Deus autem non sic est in
1244 380 1807 445 nobis sed per illapsum ergo non valet etc.
1441 481 2050 578 Ocus del loca¬
1449 568 2021 633 tio. ¶ Circa hoc queritur. Utrum deus
1443 613 2008 662 sit localis vel circuscriptibilis loco¬
1444 659 2009 716 Et arguitur quod sic quia deus est in omni loco eo
1248 695 2015 758 quod vbique est ergo est maxime localis. Item deus est vbi
1257 741 2020 798 que ergo est hic. et per consequens est in loco isto Ad hec respon¬
1252 788 2018 839 dendo secundum Bonauen. super i. dist. xxxvii. per. ii. q. i.
1251 823 2026 891 quod sicut Anselms. in monolis dicit Tocale dicitur illud quod
1239 860 2025 919 sequitur leges: loci sicut temporale dicitur quod sequitur le
1251 905 2021 975 ges temporis. Toci autem leges sunt locatum continere. men
1249 948 2011 1003 surare: terminare: et conseruare: sicut videmus quod
1253 989 2019 1047 vas vinum continet. et mensuram dat quantitatis et ter
1251 1032 2028 1095 minat et saluat conseruanm. Sed quoniam deus sic est
1249 1073 2020 1141 presens loco vt nihil ab eo omnino recipiat sed solun
1242 1115 2024 1172 indigentiam illius suppleat et det loco virtutem con¬
1245 1157 2029 1221 tinendi et locato virtutem replendi et conseruet locum
1249 1198 2023 1253 et locatum et omnia Ideo cocluditur quod deus non est
1239 1239 2014 1304 localis. Uude magiter ea. di. xxxvii. dicit diuina na
1252 1283 2022 1341 tura veraciter et essentialiter est in omni loco et in
1255 1334 2021 1384 omni tempore. non tantum mouetur per loca vel tempora nec
1254 1369 2021 1423 ocalis est nec temporalis Tocalis non est quia peni
1249 1409 2024 1474 tus non circumscribitur loco quia nec ita est in vno lo
1249 1460 2029 1510 co quod non sit in alio Neque dimensionem habet sicut
1243 1497 2014 1555 corpus cui secundum loca assignatur principium medium
1253 1539 2024 1589 et finis ante et retro. dextra et sinistra. Hec magi¬
1246 1582 2030 1635 ster etc ¶ Ad argumeta autem predicta qua inquirunt
1249 1621 2017 1688 eas difficultates quae subsequenter ponuntur. Hic patet
1242 1666 1601 1723 solutio ex subscriptis.
1257 1729 2017 1808 ¶ An deus sic sit in omni creatu
1252 1800 2024 1846 ra et omni loco vt non locabilis dicatur sicut nec mo¬
1254 1837 2020 1894 bilis affirmatur. Respondetur secundum Guil. ea. di. xxxvii.
1251 1884 2032 1937 per conclusionem quod sic. ¶ Pro quo primo nota secundum
1245 1923 2012 1973 eundem. Quod esse in loco tripliciter dicitur. ¶ Uno mo
1246 1968 2027 2014 do circumscriptiue scilicet quando iuxta mensuram loci mensu¬
1251 2006 2017 2060 ratur locatum et sic loquitur de loco philosophus. iiii. physi.
1244 2051 2024 2104 et Aug. super Gen. quod deus mouet creatura corpo
1244 2091 2025 2146 ralem per locum et tempus. Isto modo sola cor¬
1251 2127 2015 2185 poralia sunt in loco. dicente Gilberto porritano
1258 2173 2033 2225 ibro sex principiorum diffiniente Ubi Et dicit Ubi
1245 2213 2033 2266 est circumscriptio corporis locati ex circumscriptione
1252 2258 2030 2319 oci proueniens. ¶ Secundo modo dicitur esse in loco dif
1245 2303 2024 2351 finitiue et est quando locatum sic est in loco vno
1257 2342 2026 2402 quod non alibi pro tunc. Et isto modo tam corpo¬
1246 2380 2028 2439 ra quam etiam spiritus sunt in loco scilicet diffiniti¬
1246 2435 2018 2479 ue quia certum habent limitem essendi in rebus
1254 2467 2026 2526 Unde anima sic est in tuo corpore quod non est in
1245 2505 2017 2564 alio. Et angelus sic est hic quod non alibi ¶ Tertio
1242 2547 2024 2608 modo dicitur esse in loco praesentialiter (vel vt alii dicunt
1248 2592 2030 2647 repletiue) Isto modo tam corpora quam spiritus.
1238 2638 2021 2687 quam etiam deus sunt in loco quia sic non dicitur
1252 2678 2025 2741 esse in loco praedictis modis. nec circumscribi a loco.
