2231 3311
204 294 974 375 aliquid in sua solam ratione formali funditus cogi¬
208 356 967 407 tatur. Sicut Auicem. v. meta. dicit. Equinitas est
207 399 959 454 tatum equinitas etc. Unde isti qui rationes quiditati¬
214 441 956 491 uas pure nudas sic possunt contemplari secundum Au
205 480 960 538 gustinum. ix. de trinitate. c. vii. assimilantur homini¬
207 524 957 583 bus in montibus eleuatis purum aerem inspicien¬
210 566 958 627 tibus. Qui vero non possunt propter ruditatem inge
202 602 953 673 nii assimilantur stantibus in valle cum aere calignioso etc.
225 649 957 725 ¶ Circa hec vt applicemus ad
208 712 954 766 ppositum in theologica materia. Questio est vel
210 754 954 808 occurrit. Quomodo dicitur abstracta vltimate ipsa diui¬
210 795 953 846 na essentia. Respondetur secundum Scotist. ex praedictis quod di¬
200 833 962 892 uina essentia dicitur vltimate abstracta quando consideratur
207 873 954 941 in tanta puritate quod ad nil posterius respicit nec
201 922 950 981 gratiare nec generari nec procedere. sed mere cogitatur
195 967 947 1037 prout est deitas in se. Tunc enim nihil praedicatur de
207 1005 920 1069 eo vt sic nisi diuinitas. Unde e. dist. v. primi
213 1040 957 1115 ¶ Pro regula ponit Scotus di
202 1110 944 1167 cens quod quancumque est aliquid abstractum vltimata
189 1152 951 1209 abstractione: Nihil de eo penitus predicatur nisi
204 1187 942 1251 sit praedicatio in primo modo dicendi per se: Aut per
205 1232 940 1289 identitatem. Ita quod nulla sit distinctio inter subie¬
189 1277 945 1328 ctum et predicatum talis propositionis. Nec aliquid
201 1318 950 1379 denominatiue potest vere predicari de tali. Et hanc
201 1362 952 1418 regulam nota bene quia placebit ad sequentia in¬
189 1399 947 1460 telligenda clarius. ¶ Hec autem regula vt dicit Guill.
187 1442 941 1490 supra: Intelligi debet in primis non in secundis inten
187 1486 934 1532 tionibus quia ea quae notant secundas intentiones bene praedi¬
190 1529 944 1573 cantur de vltimate abstractis dicendo. Deitas est in¬
189 1564 941 1617 tellecta. considerata. vel abstracta. Et humanitas est
186 1604 939 1663 intellecta etc. Et tamen talis predicatio non est in primo
190 1652 941 1704 modo dicendi per se nec per identitatem sed denominatiue
183 1695 934 1759 quia lyintellecta: abstracta: et huiusmodi notant in proposito
192 1735 714 1791 secundas intentiones. non primas.
237 1767 948 1841 Sed difficultas est quia de ipsa
190 1806 938 1895 diuina essentia sic abstracta vere predicatur quod est
183 1884 932 1933 res summa. bona. infinita. eterna. et huiusmodi extra de sum¬
192 1926 935 1974 trini. et fi. catho. c. Damnamus. Respondet Fran. ma¬
193 1963 938 2016 quod essentia diuina vltimate abstracta non abstrahit
192 2008 938 2061 ab istis quae non differunt ab ea formaliter. cuiusmodi
192 2042 934 2105 sunt inquit respectus fundamentales sicut summitas
183 2088 932 2144 realitas: bonitas: veritas. et etiam negationes quae ne¬
184 2132 935 2185 gant diuisionem vt vnitas. identitas. idiuisibilitas
192 2177 950 2231 etc. Ac etiam modi intrinseci sicut est infinitas: neces¬
192 2212 930 2273 sitas. eternitas. et huiusmodi. Unde talia bene praedicantur de
183 2260 937 2308 essentia Sed iste modus respondendi salua reueren
192 2301 932 2357 tia tanti doc. non valet vt dicit Guill. Tum quia omnia
183 2340 928 2398 ista quadam nature signo ste posteriora quam ipsa diui¬
193 2387 932 2441 na si sit vltimate abstracta. ergo etiam ab istis abi
189 2427 928 2488 trahit. Tum quia bonitas et veritas sunt passiones
194 2473 928 2531 vel quasi passiones diuine essentie. ergo forma¬
188 2505 922 2568 liter differunt a suo subiecto vt dicit etiam Fran
193 2552 938 2609 dist. ii primi. q. ii conclusione. ii Aliter ergo dicen
192 2592 932 2646 dum est quod scilicet omnia ista predicantur de essentia
201 2638 926 2689 diuina per identitatem et hoc sufficit ad saluandum
194 2680 939 2731 regulam dictam quia ponit exceptionem dicens nisi sit prae¬
193 2714 935 2789 dicatio in primo per se. Aut nisi sit per identitate
1041 307 1406 388 predicatio. Hec Guil.
1050 367 1830 456 ¶ Item difficultas alia Quare
1031 428 1814 497 de essentia diuina abstracta non potest predicari ge¬
1032 478 1805 539 nerare vel generari praedicatione identica cum omnia que
1041 512 1814 582 stet in deo sint idem Respondet idem Guil. quod non est simile
1035 557 1813 621 de istis et illis. Nam generare et generari sfercant per¬
1032 603 1814 664 modum actionis vel motus et fluxus ideo solum deno
1039 646 1813 710 minatiue dicuntur. nec per consequens conueniunt in praedicationis
1038 683 1809 747 identitatem. Sed illa predicta significant per mo¬
1035 728 1810 791 dum habitus et quietis ideo conueniunt in predicationis
1040 768 1813 834 identitatem. Nec valet inferre Omnia in deo sunt idem.
1041 806 1805 867 rgo omnia de se inuicem praedicantur quia homo et humanitas
1024 856 1817 913 sunt idem in re. et tamen hec est falsa: homo est humani¬
1023 897 1802 958 tas propter diuersum modum significandi. Item Sco¬
1031 934 1814 1002 torlis. e. di. v. dat rationem aliam. quia essentia est ad se et quid
1030 986 1814 1045 absolutum sed generare vel generari est relatio. Quod
1029 1025 1807 1079 autem est ad se non est idem in primo modo per se cum relatione.
1029 1062 1813 1130 ergo generare vel generari non possunt praedicari de es¬
1024 1109 1799 1165 sentia per identitatem Nam essentia nec generat nec
1023 1148 1799 1213 generatur. Unde claret quod praedicta regula est velr vera
1219 1202 1799 1299 Ecides Quid sit
1233 1286 1800 1340 Porphirius in isago. diffinit. d. Acci¬
1221 1333 1793 1379 dens est quod ad est vel abest praeter sub
1015 1337 1799 1430 lecti corriipstionem. Et capitur tripliciter sicut habet. i. in capulo
1017 1402 1805 1467 Agere. §. vi. Si itaque queratur An in deosit accisens
1024 1447 1792 1505 aliquod: respondendum est distiguenus de accitte vt ibiud ponitur
1083 1481 1790 1570 ¶ Utrum omni accidente sit meli¬
1028 1550 1797 1615 or et dignior substantia. Respondetur secundum philosophum. vii. metaph. quod
1012 1592 1799 1653 sic Et intelligendum est secundum expositorem de dignita¬
1017 1629 1805 1688 te essentiali. non de accidentali. alias datur instantia. quia
1012 1668 1805 1739 lapis est substantia et scia est accidens que tamen la¬
1015 1718 1793 1780 pide est dignior sed accidentali dignitate Sic etiam
1011 1762 1791 1819 quodlibet subiectum melius est suo accidente et per
1014 1800 1793 1864 consequens Anima simpliciter et substantialiter dignior est
1012 1846 1795 1905 charitate. Tamen secundum quid scilicet in quantum est actus perficiens
1029 1886 1791 1948 otentiam: charitas melior est quia omnis actus est me
1006 1925 1794 2001 lior potentia ex. xi. metaph. Hec ex Tho. di. xvii
1019 1962 1334 2017 primi et alibi latius.
1330 1992 1793 2069 De hac et de actibus primis et secundis
1283 2040 1737 2120 ¶Uide. c. Agere et vbi Actus.
1218 2108 1796 2205 Ociscere primo
1197 2187 1789 2246 videlicet theologiam. Circa hoc plura
1216 2229 1778 2287 queruntur. ¶ Prio de addiscendi mo¬
999 2266 1784 2329 do. videlicet quomodo quis theologiam debeat addiscere
1011 2319 1783 2373 vel studere Et rsaotuitur breviter secundum doctores praeserti An¬
1008 2353 1769 2416 to. flor. per. iii. summe t. v. Aliosque recolligendo quod exem
1016 2394 1772 2460 heologia principalius consistit vt homo cogscat et diligati
1017 2440 1780 2504 peum et propter hunc finem dicit quis addiscere theologiam Ion
1006 2478 1781 2547 ad hac oportet vnumquemque studentem in theologia vt fa
999 2522 1768 2581 ciat ea quae correquiruntur ad finem illum. Primum aut ad id
1005 2563 1763 2631 est suiipius recognitio de peccatis penitendo Unde Bern
1009 2605 1768 2667 cit Initium omnis saluti est cognitio suiipsius sine
1011 2655 1777 2716 qua non cognoscitur deus. Secundum est onoa deo pe¬
999 2698 1772 2749 tendo Iaco i. Si indiget sapientia postulet a deo
1000 2733 1776 2803 Tertium est humilitas in subiiciendo se magistro
