2231 3299
233 287 1022 357 ature etiam probatur secundum Bona. sic. Quia omnis creatura
242 346 1022 398 tum sit a deo producta ex nihilo: semper in nihilum ten¬
224 389 1028 440 deret: nisi manutenentia dei conseruaret per sui praesen¬
238 431 1030 477 tiam. Sicut exempli gratia. Si fiat impressio sigilli in aqua
241 474 1018 522 remoto sigillo stati destruitur impressio. Item si quis pos
250 520 1023 570 nat corpus ponderosum in aere: non sustentatur tanquam
238 559 1020 609 in vano positum sed stati decidit nisi aliquid prohibeat
248 599 1028 665 Sic in proposito. cum omnia sint vanitas. ergo ncarium est quod
234 642 841 695 a deo qui est in omnibus conseruentur etc.
264 672 1026 737 ¶ Ex dictis patet error manifestus Aristotelis. quae
246 724 1028 782 dectauo physicorum in fine posuit deum: solum esse in
238 769 1028 819 medio primi mobilis vbi est maximus motus.
253 812 959 856 vel ad minus in illo circulo deum esse posuit etc.
249 853 1019 906 Item ex eodem eliditur eti am error impiissimus sarace
237 905 1018 948 norum dicentium deum esse in celis in quadam cathedra
237 938 1031 982 excellentissima quam octo maximi spiritus sustentant
243 978 1025 1032 vt declarat Hermannus solanus in chronica sarace¬
241 1031 1022 1075 norum ad Robertum abbatem cluniacen. Errant enim dicit
235 1068 995 1118 deu corporeum et in celis tantummodo non in terris.
264 1105 1025 1163 ¶Item tertio eliditur error quorumdam iudeorum dicentium
234 1154 1021 1202 deum esse in celis quo ad capunt. et in terris quo ad
234 1199 1027 1247 pedes. ex illa scriptura. Celu mihi sedes est: et terra
238 1236 1019 1289 scabellum pedum meorum. cum tantum ibi per capunt designatur
232 1282 932 1345 deitas: et per pedes humanitas. hec ex Guill.
242 1333 1012 1391 ¶ An deus sit in infinitis locis. No¬
237 1381 1019 1439 ta ad hoc secundum Fran. mar. e. di. xxxvii. et doc. quod sic. quia sic
237 1426 1019 1480 est alicubi quod similis st vbique. Et non in tot quin in pluribus
234 1468 1019 1532 in infinitum semper etiam vltra totum vniuersum si fie¬
234 1505 1021 1569 rent infiniti mundi. ergo etc ¶ Sed quomodo hec. Aliqui de
231 1565 1010 1606 clarant vt idem Fran. ait deum coexistere infinitis loc
241 1595 1019 1650 sic. Quia substantia spiritualis quanto est perfectior: tanto
243 1648 1012 1686 potest maiori loco coexistere: et plura et maiora loca
232 1691 1013 1734 sibi determinare. Sed deus est infinite perfectionis. ergo lo
236 1727 1009 1777 cis infinitis potest coexistere. Nam etiam secundum Bona
237 1770 1021 1824 Creature spirituales per abstractionem vt vniuersale
243 1804 1010 1862 et numerus possunt esse in pluribus semper in infinitum
237 1860 1019 1905 ppter communitatem ad plura: et separationem a materia.
231 1897 1015 1943 Sed vt idem Fran. dicit. talis modus dicendi non
235 1936 1010 1987 est tamefficax quia procedit ex hoc credito. quod angelus
224 1975 1019 2031 perfectior maiori loco potest coexistere quam imperfe¬
228 2015 1013 2068 ctior. quod non videtur verum. ¶ Ideoque aliter
231 2061 1007 2118 declarat arguendo sic. Omnis limitatio dicit im
238 2105 1012 2160 perfectionem sicut finitas. Sed si deus esset in
225 2147 1010 2199 locis finitis: esset limitatus localiter ad vniuersum
224 2191 1022 2244 saltem mundum. Sicut a simili. Si deus posset
232 2234 1006 2284 quandoque esse et quandoque non: tunc esset limitatus secundum durationem
219 2279 1015 2327 temporis. et per consequens in deo esset imperfectio. etc.
255 2318 1019 2368 ¶ Secundo sic. Deus est quo maius nil cogitari potest.
225 2363 1006 2408 sicut dicit Anselmus. in monolis. Si aut esset determina
234 2404 1009 2451 tus in aliqua parte vniuersi: vel etiam ad totum vni¬
234 2449 1004 2496 uersum. tunc possemus cogitare aliquid maius. vide¬
234 2486 1007 2537 licet esse in maiori quam in vniuerso. puta si crearentur
236 2527 1015 2581 plures mundi. ergo ncario deus dicitur esse in infinitis locis.
250 2573 1016 2616 ¶ Nec valet siquis inferat. ergo sunt infinita loca. et
234 2618 1013 2667 mnaiora vniuerso. quae videntur inconuenientia: quia li.
243 2657 1006 2706 cet deus habeat infinitatem intensiuam scilicet virtutis: non
240 2696 1022 2748 tamen habet infinitatem vel magnitudinem extensiuam.
1102 294 1891 364 quam imaginantur huiusmodi rationes: ideo non concludunt.
1104 351 1887 414 Unde melius est ponere deum esse vbique in infini
1100 399 1892 447 tum secundum infinitatem virtutis. Et licet sit difficilius intel
1099 434 1887 493 ligere: tamen bonum est acceptare vt sic: dictas rationes et
1096 478 1881 544 consimiles quibus potest aliquo modo persuaderi. hec ex Fran.
1114 528 1886 572 ¶ Aliter ad idem. et forte melius dici potest secundum Guill.
1113 569 1899 616 ocor. praedcons: distinguendo de esse vbiquem: secundum habi¬
1101 611 1885 658 tum. ex parte virtutis dei infinite: et secundum actu quo requiri¬
1101 643 1863 708 tur existentia rerum actualis. Sic enim secundum actum de
1100 695 1886 756 non est in infinitis. sicut nee ab eterno deus est vbi¬
1102 725 1763 799 que secundum actum sed secundum habitum. vt patet. i. § xv
1088 762 1909 854 ¶ Utrum esse vbique sit proprium solius
1095 839 1884 896 dei. Respondetur. secundum Scotis. et Bona. ac omnes doc. communitur per
1112 880 1880 936 pclusionem quod sic. Et probat Magister. e. di. xxxvi. per Am
1098 904 1888 976 bro. lib. de spiritu sancto. dicit. Cum omnis creatura: ertis
1095 955 1890 1021 sue nature circumscripta sit limitibus Esse tamen vbiam et
1105 1000 1877 1062 in omnibus rebus deitatis et dominationis est proprium etc.
1108 1040 1882 1104 Ratio: quia esse vbique conuenit deo per rationem infini
1101 1084 1893 1135 tatis que repugnat creature. ergo etc ¶ Si obiicitur
1098 1130 1882 1186 Quia philosophus i. posteriorum dicit quod vniuersalia sunt sper
1098 1174 1885 1218 et vbique. Ite materia prima est in omni corpore: et nul¬
1095 1214 1878 1272 lus locus est sine corpore. ergo est vbique. Item numerus
1100 1256 1886 1312 est in omnibus entibus quia omens partes vniuersi sunt
1105 1305 1890 1352 numerate a deo. ergo etc. Item posito casu quod vox esset
1094 1344 1887 1396 ita magna quod ab omnibus per totum mundum audiretur:
1092 1385 1885 1441 tunc esset vbique. Item anima est tota in toto corpore hu¬
1096 1432 1880 1476 mano et in qualibet eius parte tota. Esto ergo quod nulla esset
1090 1472 1886 1528 alia creatura nisi vnus homor tunc anima esset vbique. ergo
1095 1508 1886 1573 esse vbique conuenire potest etiam creature. ¶ Ad hec omnia
1093 1551 1888 1604 respondetur secundum Rich. dis. ea. xxxvii. arti. i. q. iii. concordat
1095 1591 1880 1648 Tho. et Bona. quod esse vbique si sumatur per se et primor
1092 1639 1889 1690 est solius dei proprium. Nam illud dicitur per se esse vbi¬
1096 1687 1877 1734 que: quod secundum se totum in omni loco est: quacunque data mul
1089 1718 1876 1779 titudine locorum. Primo autem vbique esse dicitur. quod non
1098 1765 1882 1817 ratione partis vel suppositorum aut per aliquod accidens
1092 1808 1880 1859 sed secundum seipsum se totum: est vbique. Et istis modis. scilice
1087 1853 1870 1899 per se et primo: soli deo conuenit etc. Sed per accidens
1090 1896 1875 1946 potest alicui creature etiam conuenire esse vbique. sicut patet
1093 1942 1879 1992 per argumenta. Nam vniuersali. et enti creato gene¬
1084 1981 1873 2029 raliter conuenit per accidens. ration scilicet singularium vel super
1090 2023 1874 2068 positorum. Nam nil est quod rationem entis effugiat: vt dicitu
1092 2067 1871 2113 Auicen. Et materie prime conuenit ratione pertium vel per
1083 2107 1870 2157 partes diuersas. Item numero conuenit secundum partes ratione
1086 2154 1866 2195 numeratorum: quia numerus per se non est in loco sed ratione nu
1083 2192 1879 2237 meratorum. Item vox multiplicatur per medium aerem: sicut
1086 2231 1871 2278 tux in aere diffusa. nec tota est eadem in diuersis au¬
1092 2277 1877 2325 dientibus sed per acciseus ratione partium et suscipientium: numero
1087 2317 1878 2362 sunt differentes. Denique anima: etiamsi ponatur vnum con¬
1083 2361 1859 2414 pus: per accisens esset vbique: videlicet quia in tali casu noem
1084 2401 1870 2452 essent plura loca eiusdem anime in eodem corpore. Nam si essent
1090 2443 1865 2495 pilula loca essent in illis plura corpora integra et per consequens
1086 2487 1868 2535 non esset in eis anima eadem: cum secundum philosophum impossibile est
1093 2527 1862 2574 esse eandem animam in diuersus corporibus. Unde in tali ca¬
1089 2565 1876 2639 su posito esset eadem vnica anima in pluribus men
1094 2612 1457 2672 pris tanquam in vno loco¬
1073 2647 1908 2732 ¶ Sed quid si omnia conuerterentur in
1084 2713 1886 2776 corpus xprit. Nunquid illud corpus christi esset vbique: sicut
