2287 3300
362 303 1147 384 et deus cum inseparabiliter vbi est vnum: ibi et alterum: propter
371 360 1150 432 vnionem indissolubilem: Respondetur secundum Guill. quod non. Priu
366 400 1145 474 mo praecipue: quia quamuis deus posset esse in infinitis
377 443 1153 511 mundis si crearentur: tamen hoc non haberet corpus christi. quod li¬
374 487 1147 550 cet bebeat esse similis in pluribus vbicumque est sacramentum
371 532 1157 595 sed non habet esse extra sacistrum: nisi in celo. ergo non habet esse
371 569 1144 636 in omnibus vel vbique. Hec Rich. etiam dicit. Secundo quia l
378 613 1159 679 cet corpus christi sit vnitum deitati inseparabiliter: tamen ipsa dei
377 656 1154 718 tas excedit corpus improportonabiliter. sicut genus
382 695 1158 768 puta animal. et spes scilicet homo. irseperabiliter vnita sunt in pe
382 749 1151 803 tro: et tamen alibi est genus vbi non est spes etc. Nam et cor
383 781 1149 854 pus christi in tali casu posito: licet esset vbique essentia
378 824 1152 891 non tantum potntia. Sed nihilo minus deus adhuc esset prae
384 865 1156 933 sentia essentia et potentia vbique: etiam in ipso corpore
380 909 1158 972 christi conuertendo ipsum de substantia panis. Sed non sic pos¬
381 953 1165 1019 set ose corpus xpi scilicet vt conuerteret aliud in se: nisi dice¬
372 989 1153 1054 remus hoc secundum communicationem idiomatum. Tertio etiam pos
378 1036 1155 1098 set dici. quod tali casu posito nullibi esset corpus christi¬
388 1083 1169 1136 cum non esset locus si omnia essent conuersa in ipsum.
389 1130 614 1186 Hec ex Guill.
383 1165 1171 1248 ¶ Quare deus esse vbique non communicat
389 1232 1163 1294 vel non dat creature: cum tamen aliquibus creaturis communicat
379 1286 1168 1348 et dat semper esse. quod est infinitum a parte post. vt patet de
390 1320 1165 1380 angelis et animabus rationalibus; Respondetur secundum Bona. e. dis.
375 1361 1171 1436 H. quod quamuis sempiternitas importet infinitatem quan¬
389 1407 1166 1467 dam durationis: quae est secundum potentiam. et quia creature non
390 1447 1162 1505 repugnat esse infinitam potentia: ita quod sit actu finita
377 1488 1163 1552 ideo conuenit creature semper esse. Sed esse vbique dicit infi¬
387 1532 1160 1590 nitate vel immensitatem actu: eo quod impertat locorum om
389 1572 1160 1635 nium simultatem. et hoc repugnat creature. Cum emim omnis
393 1616 1168 1674 creatura sit limitata et finita: ideo esse infinitum actu
390 1656 1168 1719 repugnat ei. et per consequens ergo esse vbique non conue
384 1701 995 1772 nit communicari creature. Hec Bona.
402 1757 1159 1820 ¶ Utrum deus fuerit vbique ab eterno
398 1804 1178 1870 Respondetur secundum Guill. supra concor. Bona. et Rich. ac Tho.
395 1852 1164 1908 et Aureo. etc. Quod esse vbique potest accipi. vel prout dci
389 1892 1169 1953 solum habitum. vel prout dicit actum etc. Si esse vbique: so¬
389 1924 1169 1997 lum dicat habitum: sic deus ab aeterno fuit vbique: quia ex se
389 1976 1172 2044 habebat ab eterno vndm posset esse vbique: per suam infi
398 2019 1175 2081 nitatem. Si vero esse vbique dicat actum: sic deus non fuit
399 2058 1172 2120 ab eterno vbique. quia esse vbique actu: dicit actu relatio
395 2102 1171 2168 nem ad loca vel creaturas: quae relatio exigit actu esse
395 2149 1165 2201 vtrumque extremorum. ergo requiritur ad hoc rerum existentia: quarum
387 2188 1171 2243 respectu deus dicitur esse vbique: vt sic. Deus enim est vbique
404 2228 1180 2288 actu per respectum praesentialitatis ad vniuersum mundu.
406 2273 1184 2332 Sicut creatura dicitur alicubi per respectum vbeitatis ad
404 2316 1180 2369 aliquem locum. Sed quia nulla creatura fuit ab eterno
401 2355 1183 2418 ergo deus non fuit vbique ab eterno secundum actum: sicut nec
410 2394 1177 2457 icitur operari ab eterno in rebus ¶ Sed di. Esse vbique
404 2451 1177 2495 est proprium dei simpliciter. ergo semper et ab eterno deo conuenit
409 2484 1178 2548 Item si non fuit deus vbique ab eterno. ergo incepit aliquand
415 2533 1189 2579 esse in celo et in terra: et sic mutauit locum. Respondetur secundum
414 2572 1177 2628 praedictos doc. quod proprium dei conuenit semper deo ab eterno
409 2611 1180 2667 si est tale proprium quod nil connotat actu in creatura. alias
409 2651 1189 2707 non conuenit semper deo ab eterno secundum actum: sed solum secundum
413 2702 1192 2758 habitum. sicut exempli gratia. Esse dominum vel esse creato¬
408 2735 1201 2807 rem est proprium deo. sed quia connotat respectum ad seruum
1227 304 1999 365 ideo non conruenit deo nisi ex tempore: postquam creauit res
1221 356 1988 409 vel seruos. Denique non valet argumentum quod ergo deus
1218 392 2006 449 mutauit locum: quia secundum Bona. est fallacia accidentis.
1224 438 2017 492 sicut arguendo. Iste triangulus quem nunc facio ince¬
1234 477 2016 535 pit habere tres angulos. ergo non omnis triangulus semper huit
1231 524 2021 573 tres angulos: quia non fit distributio de tribus vt
1236 566 1728 623 nunc: sed vt simpliciter. ergo fallit
1230 595 2023 682 Sed quid dicit in deo esse vbique erg
1236 660 2009 722 Si emim ex tempore de nouo aduenit deo. quomo ergo non fa
1240 716 2015 762 cit mutationem aliquam saltem per accisns in deo. Dicen¬
1241 752 2014 798 dum secundum. e. Guill. quod esse vbique non dicit in deo forma
1236 792 2027 848 liter aliud nisi terminationem respectus cuiussibet
1240 840 2027 892 creature: quia omnium rerum respectus vel relatio: ad deum
1238 876 2027 931 terminatur. Unde quia deus ab eterno non fuit vbique actu
1237 925 2014 979 et modo est vbique. non propterea mutatus est deus: sed
1239 964 2027 1013 creature tantum. Hec Guill. Ad id plura vide. supra. vbi
1258 1005 2023 1073 Immutabilitas. a. § ii. vsque. x. praesertim. §. viii. in
1254 1049 1651 1111 . et infra hoc. e. ca. §. xxxii
1230 1075 2027 1170 ¶ Ite queritur vbi erat deus ante mun¬
1238 1150 2019 1198 di constitutionem: cum adhuc nec caelum nec terra erat nee
1251 1195 2023 1247 aliqua creatura: Respondetur secundum Guill. et Bona. e. dis. cir¬
1244 1235 2020 1286 ca lit. quod erat deus gloriosus ab eterno: in seipo etc.
1260 1281 2026 1331 Unde magister ibidem cum Augusti. dicit. In seipso habita¬
1248 1320 2035 1375 bat deus scilicet ab eterno: et apud te habitat: et apud se
1251 1370 2026 1413 est. Et iterum idem Aug. li. confes. dicit sic. Deus est in se vt
1251 1406 2033 1457 alpha et o. In mundo: vt creator et rector. In ange
1251 1452 2020 1497 lis: vt decor et sapor. In electis: vt liberator et adc
1241 1489 2021 1545 iutor. In damnatis: sicut terror et horror. Hec ex pra
1257 1528 2014 1581 dictis doc ¶ Si adhuc petas quomodo potest dici quod de
1245 1572 2023 1625 erat vel est in se vel apud seipsum. cum philosophus. iiii. physi¬
1254 1616 2027 1667 dicat. Nil est in seipo. et glo. super illud Ioh i. et verbum
1242 1655 2027 1713 erat apud deum: et deus erat verbum. Dicit quod ly apud: no
1245 1701 2029 1757 tat distinctionem. ergo idem non dicitur esse apud seipsum. Dicen
1256 1740 2023 1799 dum secundum Bona. supra. quod ly apud. quantum ad modum signif
1254 1792 2023 1833 candi et de virtute sue significationis dicit transitionem et
1258 1829 2026 1877 distinctionem. sed quantum ad re: et non dicit distinctionem: ni
1254 1863 2022 1915 si ratione materie vel terminorum quibus additur. Unde cum
1248 1916 2032 1966 dicitur. quod verbum erat apud deum: notat distinctionem per¬
1250 1952 2041 2002 sonale tantum et non essentialem. Dicitur ergo deus apud seipum
1254 2002 2032 2051 esse ratione personarum: quia filius vel verbum est apud patrem. et
1257 2042 2030 2094 spiritus sanctus apud vtrumque distinctione personali in vni
1259 2074 2042 2133 tate essentie diuine. Similiter est de esse in seipso: sicut
1260 2119 2032 2169 et apud seipum. Unde dictum philosop scilicet quod nil est in seipo¬
1252 2161 2038 2214 secundum commentumantes exponitur sic. quod nil omnio idem est in se
1252 2201 2048 2270 ipso secundum idem formaliter vel inhesiue. modo deus dicitur
1254 2257 2044 2306 esse in seipso: non secundum quod idem sed secundum distinctas personas.
1263 2295 2038 2344 quia pater est in filio et spiritu sancto. et filius in patre et spiritu sancto. et
1266 2333 2048 2386 spiritus sanctus in patre et filio. et hec ab eterno etc. Item secundum
1269 2382 2039 2433 Scotorlis. philosophus negat idem esse in se formaliter non de¬
1260 2417 2048 2474 nominatiue. Risibile enim est in homine denominati
1269 2455 2011 2519 ue. quia denominat hominem ridentem cum sint idem.
1244 2499 2038 2579 ¶ Quibus modis deus et vbique: siue
1271 2556 2038 2610 in omnibus rebs Ad hoc respondetur secundum Scotorlis. e. di. H
1266 2603 2038 2650 quod loquendo generaliter deus est vbique vel in omnibus re
1269 2644 2044 2697 bus tribus modis scilicet per praesentiam. per potentiam. et essentiam.
1271 2684 2041 2744 Unde ver. Enter potenter deus est vbique praesenter. hinc
1272 2727 2050 2793 etiam magister ibide in littera dicit sic. Sciendum est igitur quod deus
