<?xml version="1.0" encoding="UTF-8" standalone="yes"?>
<PcGts xmlns="http://schema.primaresearch.org/PAGE/gts/pagecontent/2013-07-15" xmlns:xsi="http://www.w3.org/2001/XMLSchema-instance" xsi:schemaLocation="http://schema.primaresearch.org/PAGE/gts/pagecontent/2013-07-15 http://schema.primaresearch.org/PAGE/gts/pagecontent/2013-07-15/pagecontent.xsd">
    <Metadata>
        <Creator>prov=University of Rostock/Institute of Mathematics/CITlab|PLANET AI GmbH/Gundram Leifert/gundram.leifert@planet-ai.de:name=cod-PELthe-m2(htr_id=29842)::::v=2.6.7
prov=University of Rostock/Institute of Mathematics/CITlab|PLANET AI GmbH/Tobias Gruening/tobias.gruening@planet-ai.de:name=de.uros.citlab.module.baseline2polygon.B2PSeamMultiOriented:v=2.6.7
prov=University of Rostock/Institute of Mathematics/CITlab|PLANET AI GmbH/Tobias Gruening/tobias.gruening@planet-ai.de:name=/net_tf/LA73_249_0mod360.pb:de.uros.citlab.segmentation.CITlab_LA_ML:v=2.6.6
Transkribus</Creator>
        <Created>2021-01-15T15:26:46.112+01:00</Created>
        <LastChange>2021-02-01T19:47:36.173+01:00</LastChange>
        <TranskribusMetadata docId="572610" pageId="23611316" pageNr="146" tsid="51888018" status="IN_PROGRESS" userId="25065" imgUrl="https://files.transkribus.eu/Get?id=GZJUSELJTCLQVBXPLSWKBUEW&amp;fileType=view" xmlUrl="https://files.transkribus.eu/Get?id=CUNLKIRLHMMKXUCRRPAJFWWP" imageId="18126170"/>
    </Metadata>
    <Page imageFilename="145.jpg" imageWidth="2236" imageHeight="3285">
        <ReadingOrder>
            <OrderedGroup id="ro_1612223676452" caption="Regions reading order">
                <RegionRefIndexed index="0" regionRef="r3"/>
                <RegionRefIndexed index="1" regionRef="TextRegion_1611333663029_3220"/>
            </OrderedGroup>
        </ReadingOrder>
        <TextRegion orientation="0.0" id="r3" custom="readingOrder {index:0;}">
            <Coords points="402,228 402,2784 1221,2784 1221,228"/>
            <TextLine id="r3l2" custom="readingOrder {index:0;}">
                <Coords points="394,411 1095,398 1162,391 1162,349 1080,353 1041,321 998,348 950,325 776,362 738,340 392,347"/>
                <Baseline points="398,395 437,395 477,394 517,393 557,392 597,392 637,390 677,389 717,388 757,387 797,386 837,386 877,384 917,384 957,384 997,383 1037,383 1077,383 1117,384 1157,384"/>
                <TextEquiv>
                    <Unicode>celi situatus. quod etst quandoque extendat manum ibi supra ca¬</Unicode>
                </TextEquiv>
            </TextLine>
            <TextLine id="r3l3" custom="readingOrder {index:1;}">
                <Coords points="406,455 1104,438 1150,429 1150,389 405,406"/>
                <Baseline points="410,440 446,438 483,437 520,435 557,435 593,434 630,433 667,432 704,432 740,431 777,431 814,429 851,429 887,428 924,428 961,428 998,426 1034,426 1071,426 1108,425 1145,425"/>
                <TextEquiv>
                    <Unicode>put suum: tamen non proteditur intantum quod sit extra superfici</Unicode>
                </TextEquiv>
            </TextLine>
            <TextLine id="r3l4" custom="readingOrder {index:2;}">
                <Coords points="406,487 1177,487 1170,430 406,456"/>
                <Baseline points="411,480 449,479 487,477 525,477 563,476 601,476 639,475 677,474 715,474 753,473 791,473 829,471 867,471 905,471 943,470 981,470 1019,470 1057,470 1095,470 1133,468 1172,468"/>
                <TextEquiv>
                    <Unicode>celi. Unde casus argumenti positus non concludit de¬</Unicode>
                </TextEquiv>
            </TextLine>
            <TextLine id="r3l5" custom="readingOrder {index:3;}">
                <Coords points="409,539 674,526 803,541 931,524 930,486 872,478 821,492 762,479 408,487"/>
                <Baseline points="414,519 439,519 465,519 490,519 516,519 542,519 567,518 593,518 618,518 644,518 670,516 695,516 721,516 746,515 772,515 798,515 823,515 849,514 874,513 900,514 926,515"/>
                <TextEquiv>
                    <Unicode>um vel aliquid esse extra celum.</Unicode>
                </TextEquiv>
            </TextLine>
            <TextLine id="r3l6" custom="readingOrder {index:4;}">
                <Coords points="412,600 1162,577 1161,534 1091,522 411,540"/>
                <Baseline points="417,573 454,574 491,575 528,575 565,576 602,576 639,576 676,576 713,575 750,575 787,573 824,573 861,572 898,571 935,570 972,569 1009,569 1046,567 1083,566 1120,566 1157,564"/>
                <TextEquiv>
                    <Unicode>Si adhuc petas. nunquid vltimu</Unicode>
                </TextEquiv>
            </TextLine>
            <TextLine id="r3l7" custom="readingOrder {index:5;}">
                <Coords points="406,634 1168,622 1167,576 488,581 406,604"/>
                <Baseline points="411,624 448,623 486,623 523,621 561,621 599,620 636,620 674,620 711,618 749,618 787,618 824,617 862,617 899,615 937,615 975,615 1012,614 1050,614 1087,612 1125,612 1163,611"/>
                <TextEquiv>
                    <Unicode>caelum cum sit corpus circumscribitur loco qui clauditur: cum</Unicode>
                </TextEquiv>
            </TextLine>
            <TextLine id="r3l8" custom="readingOrder {index:6;}">
                <Coords points="416,675 1069,672 1169,663 1169,623 415,632"/>
                <Baseline points="420,666 457,665 494,665 531,663 568,663 606,662 643,662 680,661 717,660 754,660 792,660 829,659 866,659 903,659 940,657 978,657 1015,656 1052,655 1089,654 1126,653 1164,651"/>
                <TextEquiv>
                    <Unicode>sit finitum. Etsi sic. ergo extra caelum est locus. et per consequens ibi</Unicode>
                </TextEquiv>
            </TextLine>
            <TextLine id="r3l9" custom="readingOrder {index:7;}">
                <Coords points="417,716 1086,716 1163,705 1163,664 417,674"/>
                <Baseline points="422,707 458,706 495,705 532,705 569,704 606,704 642,704 679,703 716,702 753,702 790,702 826,701 863,701 900,699 937,699 974,698 1010,698 1047,697 1084,696 1121,695 1158,695"/>
                <TextEquiv>
                    <Unicode>est deus; Respondetur quod sic. Commentator super. iiii. physi. dicit</Unicode>
                </TextEquiv>
            </TextLine>
            <TextLine id="r3l10" custom="readingOrder {index:8;}">
                <Coords points="417,759 1109,749 1177,742 1176,700 416,719"/>
                <Baseline points="422,749 459,749 497,747 534,747 572,747 609,746 647,746 684,746 722,744 759,744 797,744 834,743 872,743 909,742 947,741 984,741 1022,740 1059,740 1097,738 1134,737 1172,737"/>
                <TextEquiv>
                    <Unicode>Celum non est in loco per se sed per acciseus scilicet ratione centri. Item</Unicode>
                </TextEquiv>
            </TextLine>
            <TextLine id="r3l11" custom="readingOrder {index:9;}">
                <Coords points="414,805 1172,789 1171,742 1132,736 1105,754 414,759"/>
                <Baseline points="419,794 456,792 493,791 531,790 568,789 606,788 643,788 680,786 718,786 755,786 793,785 830,785 867,785 905,784 942,783 980,783 1017,782 1054,781 1092,780 1129,779 1167,777"/>
                <TextEquiv>
                    <Unicode>philosophus. iii. physi. dicit. Quod vniuersum est finitum: quia finitur in</Unicode>
                </TextEquiv>
            </TextLine>
            <TextLine id="r3l12" custom="readingOrder {index:10;}">
                <Coords points="412,841 710,840 772,861 834,833 1069,845 1178,836 1177,789 411,808"/>
                <Baseline points="417,833 454,833 492,833 530,833 568,833 606,831 643,831 681,831 719,831 757,830 795,830 832,830 870,830 908,828 946,828 984,827 1021,827 1059,825 1097,824 1135,823 1173,822"/>
                <TextEquiv>
                    <Unicode>se: sed non clauditur aliquo. Ad hoc vbi Muadus. in fine.</Unicode>
                </TextEquiv>
            </TextLine>
            <TextLine id="r3l13" custom="readingOrder {index:11;}">
                <Coords points="433,941 1175,953 1175,869 1154,866 633,898 570,871 433,874"/>
                <Baseline points="438,933 474,932 511,932 547,930 584,930 621,929 657,929 694,929 730,929 767,927 804,927 840,927 877,927 913,927 950,927 987,927 1023,926 1060,926 1096,926 1133,926 1170,926"/>
                <TextEquiv>
                    <Unicode>¶ De locatione et motum angelorum.</Unicode>
                </TextEquiv>
            </TextLine>
            <TextLine id="r3l14" custom="readingOrder {index:12;}">
                <Coords points="436,990 477,1008 497,987 563,980 732,993 866,982 866,935 814,935 778,954 648,949 623,932 537,934 486,953 435,942"/>
                <Baseline points="440,981 466,979 492,978 518,977 545,975 571,975 597,975 624,975 650,975 676,975 703,975 729,975 755,975 782,975 808,974 834,974 861,972"/>
                <TextEquiv>
                    <Unicode>Uide lib. ii vbi de Angelis.</Unicode>
                </TextEquiv>
            </TextLine>
            <TextLine id="r3l15" custom="readingOrder {index:13;}">
                <Coords points="571,1034 643,1081 797,1056 871,1076 1178,1064 1179,990 1094,971 978,1006 947,988 877,1001 851,977 731,1007 670,980 572,982"/>
                <Baseline points="576,1028 605,1035 635,1041 665,1045 695,1049 725,1052 755,1055 784,1056 814,1056 844,1056 874,1056 904,1056 934,1055 964,1053 993,1053 1023,1052 1053,1050 1083,1050 1113,1049 1143,1049 1173,1049"/>
                <TextEquiv>
                    <Unicode> Hme Lumosum</Unicode>
                </TextEquiv>
            </TextLine>
            <TextLine id="r3l16" custom="readingOrder {index:14;}">
                <Coords points="575,1075 586,1077 596,1071 610,1078 630,1076 627,1038 622,1038 614,1045 600,1034 597,1037 572,1035"/>
                <Baseline points="579,1068 624,1065"/>
                <TextEquiv>
                    <Unicode>R</Unicode>
                </TextEquiv>
            </TextLine>
            <TextLine id="r3l17" custom="readingOrder {index:15;}">
                <Coords points="565,1117 1140,1111 1178,1106 1177,1064 564,1081"/>
                <Baseline points="570,1107 600,1106 630,1106 660,1105 690,1104 720,1104 750,1104 780,1104 810,1103 840,1103 871,1103 901,1102 931,1101 961,1101 991,1100 1021,1100 1051,1100 1081,1098 1111,1098 1141,1097 1172,1097"/>
                <TextEquiv>
                    <Unicode>et Lux. Ista tria per ordinem se habent secundu</Unicode>
                </TextEquiv>
            </TextLine>
            <TextLine id="r3l18" custom="readingOrder {index:16;}">
                <Coords points="564,1157 896,1166 1183,1147 1169,1104 563,1119"/>
                <Baseline points="569,1148 599,1148 629,1148 660,1146 690,1146 721,1146 751,1146 782,1145 812,1145 843,1145 873,1145 903,1143 934,1143 964,1143 995,1142 1025,1142 1056,1142 1086,1140 1117,1140 1147,1140 1178,1139"/>
                <TextEquiv>
                    <Unicode>Guill. super i. dis. iii. per. ii ar. i. Nam lux dicitur</Unicode>
                </TextEquiv>
            </TextLine>
            <TextLine id="r3l20" custom="readingOrder {index:17;}">
                <Coords points="429,1204 1183,1188 1182,1147 1152,1141 896,1166 429,1155"/>
                <Baseline points="434,1193 471,1193 508,1191 545,1191 582,1191 620,1190 657,1190 694,1190 731,1188 768,1188 806,1187 843,1187 880,1185 917,1185 954,1184 992,1184 1029,1182 1066,1182 1103,1181 1140,1181 1178,1181"/>
                <TextEquiv>
                    <Unicode>fontalis origo luis. sed lumiosum est subiectum lu</Unicode>
                </TextEquiv>
            </TextLine>
            <TextLine id="r3l21" custom="readingOrder {index:18;}">
                <Coords points="433,1245 995,1242 1044,1220 1164,1239 1193,1230 1193,1195 432,1204"/>
                <Baseline points="437,1238 474,1236 512,1235 549,1233 587,1232 624,1230 662,1230 699,1230 737,1229 774,1229 812,1229 850,1229 887,1227 925,1227 962,1227 1000,1227 1037,1226 1075,1226 1112,1224 1150,1223 1188,1221"/>
                <TextEquiv>
                    <Unicode>cis: vt aer luminosus dicitur. Tumen vero lucis effectus in</Unicode>
                </TextEquiv>
            </TextLine>
            <TextLine id="r3l22" custom="readingOrder {index:19;}">
                <Coords points="424,1288 1192,1273 1191,1234 1045,1221 995,1241 423,1244"/>
                <Baseline points="429,1278 466,1278 504,1277 542,1275 580,1275 618,1274 656,1274 694,1273 732,1272 770,1272 808,1271 845,1271 883,1270 921,1269 959,1269 997,1268 1035,1268 1073,1267 1111,1266 1149,1265 1187,1265"/>
                <TextEquiv>
                    <Unicode>aere vel alio perspicuo corpore multiplicatus. Unde lux</Unicode>
                </TextEquiv>
            </TextLine>
            <TextLine id="r3l23" custom="readingOrder {index:20;}">
                <Coords points="418,1328 1192,1320 1191,1274 417,1287"/>
                <Baseline points="423,1320 461,1320 499,1319 537,1319 575,1317 614,1317 652,1316 690,1316 728,1314 766,1314 805,1313 843,1313 881,1311 919,1311 957,1310 996,1310 1034,1308 1072,1308 1110,1308 1148,1307 1187,1307"/>
                <TextEquiv>
                    <Unicode>triplicem habet effectum. Primum est suu corpus seu subie¬</Unicode>
                </TextEquiv>
            </TextLine>
            <TextLine id="r3l24" custom="readingOrder {index:21;}">
                <Coords points="432,1372 1101,1365 1189,1356 1188,1317 431,1335"/>
                <Baseline points="437,1361 474,1361 511,1361 549,1359 586,1359 623,1359 661,1358 698,1358 735,1356 773,1356 810,1355 847,1353 885,1353 922,1352 959,1352 997,1350 1034,1350 1071,1349 1109,1349 1146,1349 1184,1347"/>
                <TextEquiv>
                    <Unicode>ctu luminosum efficere. Secundum seipsam lucidam fa</Unicode>
                </TextEquiv>
            </TextLine>
            <TextLine id="r3l25" custom="readingOrder {index:22;}">
                <Coords points="433,1414 1192,1404 1177,1355 433,1379"/>
                <Baseline points="438,1404 475,1404 512,1403 550,1403 587,1401 625,1401 662,1400 700,1400 737,1398 775,1398 812,1397 849,1397 887,1395 924,1395 962,1394 999,1394 1037,1392 1074,1392 1112,1391 1149,1389 1187,1389"/>
                <TextEquiv>
                    <Unicode>cere. Unde et lucere principalis est eus effectus. Tertium est</Unicode>
                </TextEquiv>
            </TextLine>
            <TextLine id="r3l26" custom="readingOrder {index:23;}">
                <Coords points="421,1456 1190,1442 1189,1405 1114,1395 697,1422 476,1408 421,1428"/>
                <Baseline points="426,1445 465,1444 505,1443 545,1443 585,1443 625,1442 665,1442 705,1442 745,1440 785,1440 825,1439 865,1439 905,1437 945,1437 985,1436 1025,1435 1065,1434 1105,1433 1145,1433 1185,1431"/>
                <TextEquiv>
                    <Unicode>alia illumiare: et ab isto tertio lumen vocatur. ¶ Nec</Unicode>
                </TextEquiv>
            </TextLine>
            <TextLine id="r3l27" custom="readingOrder {index:24;}">
                <Coords points="429,1492 1169,1489 1189,1441 429,1453"/>
                <Baseline points="434,1487 471,1487 509,1487 546,1487 584,1485 621,1485 659,1484 696,1484 734,1483 771,1482 809,1481 846,1481 884,1479 921,1479 959,1478 996,1478 1034,1476 1071,1476 1109,1476 1146,1476 1184,1475"/>
                <TextEquiv>
                    <Unicode>tenendum est vt Empedo. posuit. quod lumen est deci</Unicode>
                </TextEquiv>
            </TextLine>
            <TextLine id="r3l28" custom="readingOrder {index:25;}">
                <Coords points="435,1538 1143,1533 1193,1528 1193,1482 435,1496"/>
                <Baseline points="440,1529 477,1529 514,1529 552,1528 589,1527 627,1527 664,1526 701,1526 739,1524 776,1523 814,1522 851,1521 888,1520 926,1520 963,1518 1001,1518 1038,1518 1075,1517 1113,1517 1150,1517 1188,1518"/>
                <TextEquiv>
                    <Unicode>sio corporis lucidi in aere. sic enim esset substantia. sed est</Unicode>
                </TextEquiv>
            </TextLine>
            <TextLine id="r3l29" custom="readingOrder {index:26;}">
                <Coords points="430,1585 1189,1569 1188,1528 1158,1526 430,1544"/>
                <Baseline points="435,1572 472,1571 509,1571 547,1569 584,1568 622,1568 659,1566 697,1566 734,1565 772,1565 809,1563 846,1563 884,1563 921,1562 959,1562 996,1560 1034,1560 1071,1560 1109,1560 1146,1559 1184,1559"/>
                <TextEquiv>
                    <Unicode>quodam accisdens subiectiue existens in aere: quod est species</Unicode>
                </TextEquiv>
            </TextLine>
            <TextLine id="r3l30" custom="readingOrder {index:27;}">
                <Coords points="436,1624 1193,1610 1192,1570 1063,1563 435,1583"/>
                <Baseline points="441,1614 478,1613 515,1611 553,1611 590,1610 627,1610 665,1608 702,1608 739,1607 777,1607 814,1605 851,1605 889,1605 926,1604 963,1604 1001,1603 1038,1602 1075,1602 1113,1601 1150,1601 1188,1601"/>
                <TextEquiv>
                    <Unicode>corporis lucidi. sicut colores in aere ponuntur species¬</Unicode>
                </TextEquiv>
            </TextLine>
            <TextLine id="r3l31" custom="readingOrder {index:28;}">
                <Coords points="446,1668 486,1653 587,1674 745,1647 1100,1660 1099,1615 1074,1608 445,1621"/>
                <Baseline points="450,1653 482,1653 514,1652 546,1651 578,1650 611,1650 643,1649 675,1649 707,1647 739,1647 772,1647 804,1646 836,1646 868,1646 900,1646 933,1644 965,1644 997,1644 1029,1644 1061,1643 1094,1643"/>
                <TextEquiv>
                    <Unicode>scilicet multiplicate ad visum. Hec ex Guill.</Unicode>
                </TextEquiv>
            </TextLine>
            <TextLine id="r3l32" custom="readingOrder {index:29;}">
                <Coords points="432,1729 730,1706 763,1726 844,1705 1157,1720 1204,1708 1203,1653 874,1670 692,1650 650,1676 471,1664 431,1684"/>
                <Baseline points="437,1701 475,1703 513,1704 551,1706 589,1706 627,1706 665,1706 703,1706 741,1706 779,1706 818,1704 856,1704 894,1703 932,1703 970,1701 1008,1701 1046,1700 1084,1700 1122,1698 1160,1698 1199,1698"/>
                <TextEquiv>
                    <Unicode>¶ Sed spiritualiter quid dicatur lumen. Respondet</Unicode>
                </TextEquiv>
            </TextLine>
            <TextLine id="r3l33" custom="readingOrder {index:30;}">
                <Coords points="445,1764 1195,1754 1179,1705 445,1729"/>
                <Baseline points="450,1755 487,1754 524,1753 561,1752 598,1751 635,1751 672,1749 709,1749 746,1749 783,1748 820,1748 857,1748 894,1747 931,1746 968,1746 1005,1746 1042,1745 1079,1745 1116,1743 1153,1743 1190,1742"/>
                <TextEquiv>
                    <Unicode>idem Guill. ibidem. quod spiritualiter lumen est quodam mentis</Unicode>
                </TextEquiv>
            </TextLine>
            <TextLine id="r3l34" custom="readingOrder {index:31;}">
                <Coords points="445,1803 1199,1800 1198,1755 1167,1748 445,1772"/>
                <Baseline points="450,1797 487,1796 524,1794 561,1794 598,1793 635,1791 672,1791 710,1790 747,1790 784,1789 821,1788 858,1788 895,1788 932,1787 970,1787 1007,1787 1044,1785 1081,1785 1118,1785 1155,1784 1193,1784"/>
                <TextEquiv>
                    <Unicode>accistens quod nobis lux vera deus effundit. quae luie intelle¬</Unicode>
                </TextEquiv>
            </TextLine>
            <TextLine id="r3l35" custom="readingOrder {index:32;}">
                <Coords points="439,1844 1201,1836 1180,1791 438,1813"/>
                <Baseline points="444,1839 481,1838 519,1836 556,1836 594,1835 632,1833 669,1833 707,1832 744,1832 782,1832 820,1830 857,1830 895,1830 932,1829 970,1829 1008,1829 1045,1828 1083,1827 1120,1827 1158,1827 1196,1826"/>
                <TextEquiv>
                    <Unicode>ctus nostur potest per creaturas deum et snctam trinitatem cogsce</Unicode>
                </TextEquiv>
            </TextLine>
            <TextLine id="r3l36" custom="readingOrder {index:33;}">
                <Coords points="448,1888 1168,1885 1196,1877 1195,1835 447,1854"/>
                <Baseline points="453,1881 489,1881 526,1880 563,1878 600,1877 637,1877 674,1875 711,1875 748,1874 785,1873 822,1872 858,1872 895,1872 932,1871 969,1871 1006,1871 1043,1871 1080,1869 1117,1869 1154,1869 1191,1869"/>
                <TextEquiv>
                    <Unicode>re. Unde Io i. de christo scribitur. Erat lux vera qui illumi¬</Unicode>
                </TextEquiv>
            </TextLine>
            <TextLine id="r3l37" custom="readingOrder {index:34;}">
                <Coords points="448,1928 1158,1934 1196,1926 1195,1876 447,1896"/>
                <Baseline points="453,1923 489,1922 526,1920 563,1920 600,1919 637,1918 674,1917 711,1916 748,1916 785,1916 822,1915 858,1914 895,1914 932,1914 969,1913 1006,1913 1043,1913 1080,1913 1117,1911 1154,1911 1191,1911"/>
                <TextEquiv>
                    <Unicode>nat omnem hominem venientem in hunc mundum etc.</Unicode>
                </TextEquiv>
            </TextLine>
            <TextLine id="r3l38" custom="readingOrder {index:35;}">
                <Coords points="445,2003 538,1983 1198,1978 1197,1933 1171,1927 742,1946 444,1927"/>
                <Baseline points="450,1979 487,1979 524,1978 561,1977 598,1976 635,1976 672,1974 710,1974 747,1973 784,1973 821,1971 858,1971 895,1971 932,1970 970,1970 1007,1970 1044,1970 1081,1970 1118,1970 1155,1970 1193,1970"/>
                <TextEquiv>
                    <Unicode>¶ Item nota etiam quod in luce sunt iterum</Unicode>
                </TextEquiv>
            </TextLine>
            <TextLine id="r3l39" custom="readingOrder {index:36;}">
                <Coords points="445,2033 1207,2027 1207,1976 539,1982 445,2004"/>
                <Baseline points="450,2025 487,2024 525,2022 562,2021 600,2021 638,2019 675,2019 713,2018 750,2018 788,2016 826,2016 863,2016 901,2016 938,2015 976,2015 1014,2015 1051,2015 1089,2015 1126,2015 1164,2015 1202,2015"/>
                <TextEquiv>
                    <Unicode>alia tria scilicet radius. splendor et fulgor. secundum. e. Guill.</Unicode>
                </TextEquiv>
            </TextLine>
            <TextLine id="r3l40" custom="readingOrder {index:37;}">
                <Coords points="450,2081 1198,2073 1204,2028 450,2032"/>
                <Baseline points="455,2066 492,2064 529,2064 566,2063 603,2061 641,2061 678,2060 715,2060 752,2059 789,2058 827,2058 864,2058 901,2058 938,2058 975,2058 1013,2058 1050,2058 1087,2057 1124,2057 1161,2057 1199,2057"/>
                <TextEquiv>
                    <Unicode>Radius dicitur respectu corporis lucidi ad aliquod quid tei</Unicode>
                </TextEquiv>
            </TextLine>
            <TextLine id="r3l41" custom="readingOrder {index:38;}">
                <Coords points="444,2121 1214,2107 1213,2069 1104,2063 443,2081"/>
                <Baseline points="449,2108 487,2106 525,2106 563,2105 601,2104 639,2103 677,2102 715,2102 753,2101 791,2100 829,2100 867,2100 905,2100 943,2099 981,2099 1019,2099 1057,2099 1095,2100 1133,2100 1171,2100 1209,2100"/>
                <TextEquiv>
                    <Unicode>minatum. Sed splendor dicitur radius reprercussus in corpore</Unicode>
                </TextEquiv>
            </TextLine>
            <TextLine id="r3l42" custom="readingOrder {index:39;}">
                <Coords points="450,2162 747,2147 985,2171 1214,2153 1214,2114 450,2120"/>
                <Baseline points="455,2150 492,2148 530,2148 568,2148 605,2147 643,2147 681,2145 718,2145 756,2145 794,2144 832,2144 869,2144 907,2144 945,2143 982,2142 1020,2142 1058,2142 1095,2142 1133,2142 1171,2142 1209,2142"/>
                <TextEquiv>
                    <Unicode>opaco. Fulgor vero lumen tenebris mixtum. Hec</Unicode>
                </TextEquiv>
            </TextLine>
            <TextLine id="r3l43" custom="readingOrder {index:40;}">
                <Coords points="441,2209 454,2212 461,2205 492,2202 513,2209 518,2204 547,2201 554,2210 562,2210 564,2153 527,2156 511,2166 488,2159 480,2163 471,2158 458,2163 442,2161"/>
                <Baseline points="447,2186 474,2189 502,2190 530,2190 558,2189"/>
                <TextEquiv>
                    <Unicode>Guill.</Unicode>
                </TextEquiv>
            </TextLine>
            <TextLine id="r3l44" custom="readingOrder {index:41;}">
                <Coords points="430,2239 481,2263 1208,2258 1207,2191 1184,2186 690,2215 429,2202"/>
                <Baseline points="435,2247 473,2247 511,2247 550,2247 588,2246 627,2246 665,2246 703,2246 742,2244 780,2244 819,2244 857,2243 895,2243 934,2242 972,2241 1011,2241 1049,2241 1087,2241 1126,2241 1164,2240 1203,2241"/>
                <TextEquiv>
                    <Unicode>¶ Item de luie divino et splendore. vide¬</Unicode>
                </TextEquiv>
            </TextLine>
            <TextLine id="r3l45" custom="readingOrder {index:42;}">
                <Coords points="445,2304 1211,2294 1210,2258 1062,2246 957,2265 444,2246"/>
                <Baseline points="450,2294 487,2292 525,2292 563,2291 601,2291 639,2289 676,2289 714,2289 752,2289 790,2288 828,2288 865,2288 903,2288 941,2288 979,2288 1017,2288 1054,2288 1092,2288 1130,2288 1168,2288 1206,2288"/>
                <TextEquiv>
                    <Unicode>sicet quomodo filius dei dicitur lumen de luie: et splendor etera</Unicode>
                </TextEquiv>
            </TextLine>
            <TextLine id="r3l46" custom="readingOrder {index:43;}">
                <Coords points="454,2341 562,2361 676,2354 716,2333 981,2347 1000,2345 1000,2297 454,2306"/>
                <Baseline points="459,2334 485,2334 512,2334 539,2334 566,2334 593,2334 619,2333 646,2333 673,2333 700,2331 727,2331 753,2330 780,2330 807,2329 834,2328 861,2328 887,2328 914,2328 941,2328 968,2328 995,2330"/>
                <TextEquiv>
                    <Unicode>ne lucis. vide vbi Seneratio. §. vi.</Unicode>
                </TextEquiv>
            </TextLine>
            <TextLine id="r3l47" custom="readingOrder {index:44;}">
                <Coords points="443,2422 541,2396 1205,2395 1204,2348 1167,2337 833,2360 712,2342 548,2372 442,2338"/>
                <Baseline points="447,2393 484,2391 522,2391 559,2391 597,2391 635,2391 672,2391 710,2390 747,2390 785,2390 823,2390 860,2388 898,2388 935,2388 973,2387 1011,2387 1048,2387 1086,2387 1123,2385 1161,2385 1199,2384"/>
                <TextEquiv>
                    <Unicode>¶ Sed quare lucis divine pulcritu</Unicode>
                </TextEquiv>
            </TextLine>
            <TextLine id="r3l48" custom="readingOrder {index:45;}">
                <Coords points="450,2449 1176,2444 1211,2438 1211,2395 450,2399"/>
                <Baseline points="455,2436 492,2436 530,2436 567,2435 605,2435 642,2435 680,2433 717,2433 755,2432 792,2432 830,2432 868,2430 905,2430 943,2430 980,2430 1018,2429 1055,2429 1093,2430 1130,2430 1168,2430 1206,2432"/>
                <TextEquiv>
                    <Unicode>do et splendor attribuitur filio: dicente aplo. quod filius st</Unicode>
                </TextEquiv>
            </TextLine>
            <TextLine id="r3l49" custom="readingOrder {index:46;}">
                <Coords points="453,2489 1138,2488 1222,2477 1222,2437 453,2449"/>
                <Baseline points="458,2480 497,2478 537,2478 577,2478 617,2477 657,2477 697,2477 737,2475 777,2475 817,2475 857,2474 897,2474 937,2474 977,2474 1017,2474 1057,2472 1097,2472 1137,2472 1177,2471 1217,2471"/>
                <TextEquiv>
                    <Unicode>splendor glortie patrne. Heb i. et per consequens pulcritudo eus t</Unicode>
                </TextEquiv>
            </TextLine>
            <TextLine id="r3l50" custom="readingOrder {index:47;}">
                <Coords points="462,2530 1213,2529 1212,2484 1174,2479 461,2487"/>
                <Baseline points="467,2522 504,2521 541,2520 578,2519 615,2519 652,2518 689,2517 726,2517 763,2516 800,2516 837,2516 874,2516 911,2516 948,2514 985,2514 1022,2514 1059,2514 1096,2514 1133,2514 1170,2513 1208,2513"/>
                <TextEquiv>
                    <Unicode>Respondetur secundum Guil. in i. di. xxxi. cum Tho. in scrip. e. di. quod</Unicode>
                </TextEquiv>
            </TextLine>
            <TextLine id="r3l51" custom="readingOrder {index:48;}">
                <Coords points="465,2571 1222,2573 1221,2523 1187,2517 464,2530"/>
                <Baseline points="470,2561 507,2561 544,2559 582,2559 619,2559 656,2559 694,2559 731,2558 768,2558 806,2558 843,2556 880,2556 918,2556 955,2556 992,2556 1030,2556 1067,2556 1104,2556 1142,2556 1179,2556 1217,2556"/>
                <TextEquiv>
                    <Unicode>ad rationem pulcritudis concurrunt tria. Unum est conso¬</Unicode>
                </TextEquiv>
            </TextLine>
            <TextLine id="r3l52" custom="readingOrder {index:49;}">
                <Coords points="462,2611 1183,2614 1217,2605 1217,2569 462,2577"/>
                <Baseline points="467,2603 504,2603 541,2601 578,2601 616,2601 653,2601 690,2600 727,2600 765,2600 802,2600 839,2600 876,2600 914,2598 951,2598 988,2598 1025,2598 1063,2598 1100,2597 1137,2597 1174,2597 1212,2597"/>
                <TextEquiv>
                    <Unicode>nantia menbrorum id est proportio debita. Aliud est claritas.</Unicode>
                </TextEquiv>
            </TextLine>
            <TextLine id="r3l53" custom="readingOrder {index:50;}">
                <Coords points="456,2656 1140,2658 1207,2652 1207,2611 456,2614"/>
                <Baseline points="461,2643 498,2643 535,2643 572,2643 609,2643 646,2643 683,2643 720,2643 757,2643 794,2643 831,2643 868,2642 905,2642 942,2642 979,2642 1016,2642 1053,2641 1090,2640 1127,2640 1164,2639 1202,2639"/>
                <TextEquiv>
                    <Unicode>hec duo hebentur per Dio. iiii. c. de di. no. Unde dicimus</Unicode>
                </TextEquiv>
            </TextLine>
            <TextLine id="r3l54" custom="readingOrder {index:51;}">
                <Coords points="471,2695 1186,2702 1217,2692 1217,2648 471,2654"/>
                <Baseline points="476,2687 512,2685 549,2685 586,2685 623,2685 660,2684 696,2684 733,2684 770,2684 807,2684 844,2684 880,2684 917,2684 954,2684 991,2684 1028,2684 1064,2684 1101,2684 1138,2684 1175,2684 1212,2684"/>
                <TextEquiv>
                    <Unicode>hominem pulcrum: qui hebet mebra proportionata et colorem</Unicode>
                </TextEquiv>
            </TextLine>
            <TextLine id="r3l55" custom="readingOrder {index:52;}">
                <Coords points="459,2735 1216,2733 1209,2691 459,2692"/>
                <Baseline points="464,2727 501,2727 538,2727 576,2727 613,2726 650,2726 688,2726 725,2726 762,2726 800,2726 837,2726 874,2726 912,2726 949,2726 986,2727 1024,2727 1061,2727 1098,2727 1136,2727 1173,2726 1211,2726"/>
                <TextEquiv>
                    <Unicode>splendentem. Tertio concurrit debita magnitudo. quia</Unicode>
                </TextEquiv>
            </TextLine>
            <TextLine id="r3l56" custom="readingOrder {index:53;}">
                <Coords points="460,2795 548,2777 713,2801 826,2777 1086,2805 1170,2779 1222,2803 1222,2734 460,2747"/>
                <Baseline points="465,2774 502,2774 540,2772 577,2772 615,2772 653,2771 690,2771 728,2771 765,2771 803,2771 841,2771 878,2771 916,2771 953,2771 991,2771 1029,2771 1066,2771 1104,2771 1141,2771 1179,2772 1217,2772"/>
                <TextEquiv>
                    <Unicode>philosophis. iiii. Ethy. dicit quod perui homines non sunt pulcri: sed</Unicode>
                </TextEquiv>
            </TextLine>
            <TextEquiv>
                <Unicode>celi situatus. quod etst quandoque extendat manum ibi supra ca¬
put suum: tamen non proteditur intantum quod sit extra superfici
celi. Unde casus argumenti positus non concludit de¬
um vel aliquid esse extra celum.
Si adhuc petas. nunquid vltimu
caelum cum sit corpus circumscribitur loco qui clauditur: cum
sit finitum. Etsi sic. ergo extra caelum est locus. et per consequens ibi
est deus; Respondetur quod sic. Commentator super. iiii. physi. dicit
Celum non est in loco per se sed per acciseus scilicet ratione centri. Item
philosophus. iii. physi. dicit. Quod vniuersum est finitum: quia finitur in
se: sed non clauditur aliquo. Ad hoc vbi Muadus. in fine.
¶ De locatione et motum angelorum.
Uide lib. ii vbi de Angelis.
 Hme Lumosum
R
et Lux. Ista tria per ordinem se habent secundu
Guill. super i. dis. iii. per. ii ar. i. Nam lux dicitur
fontalis origo luis. sed lumiosum est subiectum lu
cis: vt aer luminosus dicitur. Tumen vero lucis effectus in
aere vel alio perspicuo corpore multiplicatus. Unde lux
triplicem habet effectum. Primum est suu corpus seu subie¬
ctu luminosum efficere. Secundum seipsam lucidam fa
cere. Unde et lucere principalis est eus effectus. Tertium est
alia illumiare: et ab isto tertio lumen vocatur. ¶ Nec
tenendum est vt Empedo. posuit. quod lumen est deci
sio corporis lucidi in aere. sic enim esset substantia. sed est
quodam accisdens subiectiue existens in aere: quod est species
corporis lucidi. sicut colores in aere ponuntur species¬
scilicet multiplicate ad visum. Hec ex Guill.
¶ Sed spiritualiter quid dicatur lumen. Respondet
idem Guill. ibidem. quod spiritualiter lumen est quodam mentis
accistens quod nobis lux vera deus effundit. quae luie intelle¬
ctus nostur potest per creaturas deum et snctam trinitatem cogsce
re. Unde Io i. de christo scribitur. Erat lux vera qui illumi¬
nat omnem hominem venientem in hunc mundum etc.
¶ Item nota etiam quod in luce sunt iterum
alia tria scilicet radius. splendor et fulgor. secundum. e. Guill.
Radius dicitur respectu corporis lucidi ad aliquod quid tei
minatum. Sed splendor dicitur radius reprercussus in corpore
opaco. Fulgor vero lumen tenebris mixtum. Hec
Guill.
¶ Item de luie divino et splendore. vide¬
sicet quomodo filius dei dicitur lumen de luie: et splendor etera
ne lucis. vide vbi Seneratio. §. vi.
¶ Sed quare lucis divine pulcritu
do et splendor attribuitur filio: dicente aplo. quod filius st
splendor glortie patrne. Heb i. et per consequens pulcritudo eus t
Respondetur secundum Guil. in i. di. xxxi. cum Tho. in scrip. e. di. quod
ad rationem pulcritudis concurrunt tria. Unum est conso¬
nantia menbrorum id est proportio debita. Aliud est claritas.
hec duo hebentur per Dio. iiii. c. de di. no. Unde dicimus
hominem pulcrum: qui hebet mebra proportionata et colorem
splendentem. Tertio concurrit debita magnitudo. quia
philosophis. iiii. Ethy. dicit quod perui homines non sunt pulcri: sed</Unicode>
            </TextEquiv>
        </TextRegion>
        <TextRegion orientation="0.0" id="TextRegion_1611333663029_3220" custom="readingOrder {index:1;}">
            <Coords points="1232,209 2064,209 2064,2779 1232,2779"/>
            <TextLine id="r4l2" custom="readingOrder {index:0;}">
                <Coords points="1237,401 1988,377 1987,339 1954,328 1564,334 1523,354 1483,327 1326,353 1236,325"/>
                <Baseline points="1241,380 1278,378 1315,378 1352,377 1389,377 1426,375 1463,375 1500,375 1537,374 1574,374 1611,374 1648,372 1685,372 1722,372 1759,371 1796,371 1833,371 1870,370 1907,369 1944,369 1982,368"/>
                <TextEquiv>
                    <Unicode>bene sunt formosi et commensurati. et secundum hec tria pu</Unicode>
                </TextEquiv>
            </TextLine>
            <TextLine id="r4l3" custom="readingOrder {index:1;}">
                <Coords points="1233,440 1990,418 1989,387 1875,377 1362,400 1282,383 1233,402"/>
                <Baseline points="1238,422 1275,422 1312,422 1350,422 1387,422 1424,420 1462,420 1499,420 1536,419 1574,417 1611,417 1648,416 1686,416 1723,414 1760,414 1798,413 1835,413 1872,411 1910,411 1947,411 1985,410"/>
                <TextEquiv>
                    <Unicode>critudo conuenit cum propriis filii dei: qui est image</Unicode>
                </TextEquiv>
            </TextLine>
            <TextLine id="r4l4" custom="readingOrder {index:2;}">
                <Coords points="1233,485 2000,457 1999,420 1946,418 1232,439"/>
                <Baseline points="1238,465 1275,464 1313,464 1351,462 1389,462 1427,461 1464,461 1502,460 1540,459 1578,459 1616,458 1653,458 1691,458 1729,456 1767,456 1805,456 1842,455 1880,455 1918,453 1956,453 1994,452"/>
                <TextEquiv>
                    <Unicode>patris. Extat enim pulter inquantum in eo sunt depicte rati</Unicode>
                </TextEquiv>
            </TextLine>
            <TextLine id="r4l5" custom="readingOrder {index:3;}">
                <Coords points="1240,514 2005,501 2004,464 1971,461 1240,484"/>
                <Baseline points="1245,507 1282,506 1320,506 1358,504 1396,504 1433,504 1471,503 1509,503 1547,503 1584,503 1622,501 1660,501 1698,501 1735,500 1773,500 1811,498 1849,498 1886,497 1924,496 1962,494 2000,494"/>
                <TextEquiv>
                    <Unicode>nes omnium clare cogscendi: vt dicit Aug. vi. de trini. et</Unicode>
                </TextEquiv>
            </TextLine>
            <TextLine id="r4l6" custom="readingOrder {index:4;}">
                <Coords points="1243,561 2000,554 2014,506 1242,521"/>
                <Baseline points="1248,546 1286,546 1324,546 1362,546 1400,546 1438,546 1476,546 1514,546 1552,545 1590,545 1629,543 1667,543 1705,542 1743,541 1781,540 1819,539 1857,539 1895,537 1933,537 1971,536 2010,536"/>
                <TextEquiv>
                    <Unicode>sic in eo est claritas glore irradiantis super omnia: et in quo omnia</Unicode>
                </TextEquiv>
            </TextLine>
            <TextLine id="r4l7" custom="readingOrder {index:5;}">
                <Coords points="1248,604 2019,585 2018,551 1918,544 1247,564"/>
                <Baseline points="1253,590 1291,590 1329,590 1367,590 1405,590 1443,590 1481,588 1519,588 1557,587 1595,587 1633,585 1671,585 1709,584 1747,583 1785,582 1823,581 1861,581 1899,579 1937,579 1975,578 2013,576"/>
                <TextEquiv>
                    <Unicode>resplendent. Item pulcrior est inquantum representat deum pa</Unicode>
                </TextEquiv>
            </TextLine>
            <TextLine id="r4l8" custom="readingOrder {index:6;}">
                <Coords points="1248,648 1871,622 1983,638 2011,588 1247,605"/>
                <Baseline points="1253,632 1290,632 1328,632 1365,630 1403,630 1441,630 1478,629 1516,629 1554,629 1591,629 1629,627 1667,627 1704,626 1742,626 1780,626 1817,624 1855,624 1893,623 1930,623 1968,621 2006,620"/>
                <TextEquiv>
                    <Unicode>trem per consonantia equalitatis per omnia ad patrem. Item est pul¬</Unicode>
                </TextEquiv>
            </TextLine>
            <TextLine id="r4l9" custom="readingOrder {index:7;}">
                <Coords points="1254,683 1739,669 1842,694 1872,665 2020,678 2019,630 1253,650"/>
                <Baseline points="1259,674 1296,674 1334,674 1372,674 1410,674 1448,674 1485,672 1523,672 1561,671 1599,670 1637,669 1674,668 1712,668 1750,666 1788,666 1826,665 1863,665 1901,663 1939,663 1977,663 2015,662"/>
                <TextEquiv>
                    <Unicode>cerrimus inquantum est idem summus deus. sequitur ergo quod pul¬</Unicode>
                </TextEquiv>
            </TextLine>
            <TextLine id="r4l10" custom="readingOrder {index:8;}">
                <Coords points="1255,725 1973,726 2008,710 2008,676 1255,689"/>
                <Baseline points="1260,716 1297,716 1334,716 1371,716 1408,716 1445,716 1482,716 1520,716 1557,714 1594,714 1631,713 1668,713 1705,711 1742,710 1780,710 1817,708 1854,707 1891,707 1928,705 1965,705 2003,704"/>
                <TextEquiv>
                    <Unicode>critudo spenldoris filio attribuitur. ¶ Si dicas</Unicode>
                </TextEquiv>
            </TextLine>
            <TextLine id="r4l11" custom="readingOrder {index:9;}">
                <Coords points="1254,769 1941,766 2011,754 2010,708 1253,727"/>
                <Baseline points="1259,758 1296,759 1333,759 1371,759 1408,759 1445,758 1483,758 1520,756 1557,756 1595,755 1632,755 1669,753 1707,752 1744,752 1781,750 1819,750 1856,749 1893,749 1931,747 1968,747 2006,747"/>
                <TextEquiv>
                    <Unicode>Dio. supra. dicit quod bonum et pulcrum idem sunt. vn et propinon</Unicode>
                </TextEquiv>
            </TextLine>
            <TextLine id="r4l12" custom="readingOrder {index:10;}">
                <Coords points="1259,818 1955,809 2015,799 2015,763 1258,768"/>
                <Baseline points="1263,801 1300,801 1337,801 1375,800 1412,800 1449,800 1487,798 1524,798 1561,797 1599,797 1636,796 1673,795 1711,795 1748,794 1785,793 1823,792 1860,792 1897,791 1935,789 1972,788 2010,788"/>
                <TextEquiv>
                    <Unicode>sunt in greco. qui bonum vocant Calos. pulcrum callos</Unicode>
                </TextEquiv>
            </TextLine>
            <TextLine id="r4l13" custom="readingOrder {index:11;}">
                <Coords points="1252,851 2015,851 2014,803 1251,822"/>
                <Baseline points="1256,845 1293,843 1331,843 1368,842 1406,840 1444,840 1481,840 1519,839 1557,839 1594,839 1632,837 1670,837 1707,837 1745,836 1783,836 1820,835 1858,834 1896,833 1933,832 1971,831 2009,830"/>
                <TextEquiv>
                    <Unicode>et adeo se conscquuntur: quod omnia bonum et pulcrum appetunt</Unicode>
                </TextEquiv>
            </TextLine>
            <TextLine id="r4l14" custom="readingOrder {index:12;}">
                <Coords points="1267,894 1969,892 2012,878 2012,851 1267,853"/>
                <Baseline points="1272,881 1308,882 1345,882 1382,882 1419,884 1455,884 1492,883 1529,882 1566,882 1602,881 1639,881 1676,881 1713,879 1749,879 1786,877 1823,876 1860,876 1896,875 1933,874 1970,873 2007,873"/>
                <TextEquiv>
                    <Unicode>Sed bonitas attribuitur spiritu sancto. ergo et pulcritudo</Unicode>
                </TextEquiv>
            </TextLine>
            <TextLine id="r4l15" custom="readingOrder {index:13;}">
                <Coords points="1269,940 2023,922 2005,877 1268,895"/>
                <Baseline points="1274,926 1311,926 1348,926 1385,926 1422,926 1460,924 1497,924 1534,924 1571,923 1608,923 1646,921 1683,920 1720,920 1757,919 1794,918 1832,917 1869,916 1906,915 1943,915 1980,914 2018,914"/>
                <TextEquiv>
                    <Unicode>Respondet Bon. quod Dio. non vult dicere nisi quod sunt vnum</Unicode>
                </TextEquiv>
            </TextLine>
            <TextLine id="r4l16" custom="readingOrder {index:14;}">
                <Coords points="1263,987 2020,971 2019,927 1262,941"/>
                <Baseline points="1268,971 1305,970 1342,969 1380,969 1417,968 1454,968 1492,967 1529,966 1566,966 1604,965 1641,965 1678,963 1716,963 1753,963 1790,962 1828,962 1865,961 1902,960 1940,960 1977,959 2015,959"/>
                <TextEquiv>
                    <Unicode>re: licet differant ratione. ergo propter rationis diuersitate: bonum</Unicode>
                </TextEquiv>
            </TextLine>
            <TextLine id="r4l17" custom="readingOrder {index:15;}">
                <Coords points="1254,1035 1285,1026 1329,1046 1389,1017 1416,1034 1450,1014 1521,1026 1726,1016 1714,963 1597,986 1529,973 1254,988"/>
                <Baseline points="1259,1017 1284,1015 1310,1013 1336,1011 1361,1010 1387,1010 1413,1010 1438,1008 1464,1009 1490,1010 1515,1010 1541,1010 1567,1010 1592,1010 1618,1010 1644,1009 1669,1008 1695,1007 1721,1005"/>
                <TextEquiv>
                    <Unicode>conuenit vni: et pulcrum alteri etc.</Unicode>
                </TextEquiv>
            </TextLine>
            <TextLine id="r4l18" custom="readingOrder {index:16;}">
                <Coords points="1422,1107 1523,1121 1787,1088 1811,1107 2023,1106 2022,1021 1936,1039 1820,1023 1790,1044 1748,1029 1726,1051 1619,1027 1421,1037"/>
                <Baseline points="1427,1094 1456,1094 1486,1093 1515,1092 1545,1092 1574,1092 1604,1091 1633,1091 1663,1091 1692,1091 1722,1091 1752,1089 1781,1089 1811,1089 1840,1089 1870,1089 1899,1089 1929,1089 1958,1088 1988,1088 2018,1088"/>
                <TextEquiv>
                    <Unicode>Agnitudo diuina</Unicode>
                </TextEquiv>
            </TextLine>
            <TextLine id="r4l20" custom="readingOrder {index:17;}">
                <Coords points="1291,1170 1366,1196 1406,1159 1480,1147 1875,1154 1912,1148 1911,1107 1427,1107 1401,1127 1328,1102 1289,1118"/>
                <Baseline points="1295,1166 1325,1161 1356,1156 1386,1153 1417,1150 1448,1147 1478,1146 1509,1143 1539,1143 1570,1142 1601,1140 1631,1140 1662,1140 1692,1140 1723,1139 1754,1139 1784,1139 1815,1139 1845,1137 1876,1137 1907,1136"/>
                <TextEquiv>
                    <Unicode>¶ A¶ De hoc vide vbi Immensitas.</Unicode>
                </TextEquiv>
            </TextLine>
            <TextLine id="r4l22" custom="readingOrder {index:18;}">
                <Coords points="1449,1235 1974,1240 2027,1218 1962,1157 1903,1172 1830,1153 1754,1188 1677,1157 1640,1183 1585,1155 1549,1179 1510,1161 1449,1185"/>
                <Baseline points="1454,1226 1482,1225 1510,1224 1539,1223 1567,1223 1596,1223 1624,1223 1652,1223 1681,1223 1709,1223 1738,1224 1766,1224 1794,1224 1823,1224 1851,1224 1880,1224 1908,1224 1936,1223 1965,1221 1993,1220 2022,1218"/>
                <TextEquiv>
                    <Unicode>Alior et aRinor.</Unicode>
                </TextEquiv>
            </TextLine>
            <TextLine id="r4l24" custom="readingOrder {index:19;}">
                <Coords points="1438,1285 2007,1277 2033,1271 2033,1233 1742,1245 1631,1231 1580,1247 1556,1232 1438,1253"/>
                <Baseline points="1443,1278 1472,1275 1501,1274 1530,1272 1560,1271 1589,1271 1618,1271 1647,1271 1677,1269 1706,1269 1735,1269 1764,1271 1794,1271 1823,1271 1852,1269 1881,1269 1911,1269 1940,1268 1969,1267 1998,1266 2028,1263"/>
                <TextEquiv>
                    <Unicode>Queritur vtrum filius dei secundum deitatem sit ma</Unicode>
                </TextEquiv>
            </TextLine>
            <TextLine id="r4l25" custom="readingOrder {index:20;}">
                <Coords points="1270,1328 2036,1318 2035,1271 1466,1292 1341,1253 1269,1267"/>
                <Baseline points="1275,1322 1312,1320 1350,1317 1388,1317 1426,1316 1464,1316 1501,1314 1539,1314 1577,1314 1615,1313 1653,1313 1690,1313 1728,1313 1766,1313 1804,1313 1842,1313 1879,1312 1917,1311 1955,1311 1993,1310 2031,1308"/>
                <TextEquiv>
                    <Unicode>sior seipso secundum humanitatem quam assumpsit: Et respondetur</Unicode>
                </TextEquiv>
            </TextLine>
            <TextLine id="r4l26" custom="readingOrder {index:21;}">
                <Coords points="1273,1371 1919,1372 2030,1357 2030,1327 1273,1329"/>
                <Baseline points="1278,1364 1315,1362 1352,1361 1390,1360 1427,1359 1464,1358 1502,1358 1539,1356 1576,1356 1614,1356 1651,1356 1688,1356 1726,1356 1763,1356 1800,1356 1838,1356 1875,1355 1912,1355 1950,1355 1987,1353 2025,1353"/>
                <TextEquiv>
                    <Unicode>breviter quod sic. quia secundum deitatem vnum est cum patre: sed minon</Unicode>
                </TextEquiv>
            </TextLine>
            <TextLine id="r4l27" custom="readingOrder {index:22;}">
                <Coords points="1270,1421 1982,1412 2026,1400 2026,1358 1270,1378"/>
                <Baseline points="1275,1406 1312,1403 1349,1403 1386,1402 1424,1401 1461,1400 1498,1400 1536,1400 1573,1398 1610,1398 1648,1398 1685,1398 1722,1398 1759,1398 1797,1398 1834,1397 1871,1397 1909,1397 1946,1395 1983,1395 2021,1394"/>
                <TextEquiv>
                    <Unicode>patre secundum humanitatem. ergo est secundum humanitatem: minor seipse</Unicode>
                </TextEquiv>
            </TextLine>
            <TextLine id="r4l28" custom="readingOrder {index:23;}">
                <Coords points="1276,1456 2040,1448 2039,1408 1995,1404 1275,1420"/>
                <Baseline points="1281,1449 1318,1448 1356,1445 1393,1444 1431,1443 1469,1442 1506,1442 1544,1440 1582,1440 1619,1440 1657,1440 1695,1440 1732,1440 1770,1440 1808,1440 1845,1440 1883,1440 1921,1440 1958,1440 1996,1439 2034,1439"/>
                <TextEquiv>
                    <Unicode>secundum deitatem. hoc est dictu quod divinitas in christos maior est quia</Unicode>
                </TextEquiv>
            </TextLine>
            <TextLine id="r4l29" custom="readingOrder {index:24;}">
                <Coords points="1280,1500 2034,1494 2042,1450 1279,1457"/>
                <Baseline points="1284,1493 1321,1490 1359,1488 1396,1487 1434,1485 1472,1484 1509,1484 1547,1482 1585,1482 1622,1482 1660,1482 1698,1482 1735,1482 1773,1482 1811,1482 1848,1482 1886,1482 1924,1482 1961,1481 1999,1481 2037,1479"/>
                <TextEquiv>
                    <Unicode>creator) quam humanitas: quae est creatura et manifestum est.</Unicode>
                </TextEquiv>
            </TextLine>
            <TextLine id="r4l30" custom="readingOrder {index:25;}">
                <Coords points="1276,1553 1540,1528 1632,1549 1805,1528 1863,1548 2047,1540 2046,1501 1991,1484 1275,1501"/>
                <Baseline points="1281,1530 1319,1529 1357,1529 1395,1527 1433,1527 1471,1527 1509,1526 1547,1526 1585,1526 1623,1524 1661,1524 1699,1524 1737,1524 1775,1524 1813,1524 1851,1523 1889,1523 1927,1523 1965,1523 2003,1523 2042,1523"/>
                <TextEquiv>
                    <Unicode>Unde causaitur in Symb. Equilis patri secundum di. mi. pa. secundum hu.</Unicode>
                </TextEquiv>
            </TextLine>
            <TextLine id="line_1611333663275_3223" custom="readingOrder {index:26;}">
                <Coords points="1272,1610 1685,1583 1967,1602 2048,1583 2068,1550 1805,1528 1637,1549 1558,1528 1271,1555"/>
                <Baseline points="1277,1584 1320,1586 1363,1586 1407,1586 1450,1586 1494,1584 1537,1584 1580,1584 1624,1583 1667,1583 1711,1581 1754,1581 1797,1581 1841,1581 1884,1581 1928,1581 1971,1583 2014,1583 2058,1586 2064,1586"/>
                <TextEquiv>
                    <Unicode>Sed an filius sicut dicitur mior pre</Unicode>
                </TextEquiv>
            </TextLine>
            <TextLine id="r4l32" custom="readingOrder {index:27;}">
                <Coords points="1276,1640 1973,1644 2038,1632 2038,1594 1276,1606"/>
                <Baseline points="1281,1632 1318,1632 1356,1631 1393,1631 1431,1629 1469,1629 1506,1629 1544,1628 1581,1628 1619,1628 1657,1628 1694,1628 1732,1628 1769,1626 1807,1626 1845,1626 1882,1626 1920,1626 1957,1626 1995,1626 2033,1625"/>
                <TextEquiv>
                    <Unicode>ita dicatur minor spiritus scoio: Respondetur secundum magistrum in i. di¬</Unicode>
                </TextEquiv>
            </TextLine>
            <TextLine id="r4l33" custom="readingOrder {index:28;}">
                <Coords points="1279,1685 2026,1681 2032,1634 1278,1649"/>
                <Baseline points="1284,1679 1321,1677 1358,1676 1395,1674 1432,1674 1470,1673 1507,1671 1544,1671 1581,1671 1618,1670 1656,1670 1693,1670 1730,1670 1767,1670 1804,1668 1842,1668 1879,1668 1916,1668 1953,1668 1990,1667 2028,1667"/>
                <TextEquiv>
                    <Unicode>xvi. per conclusioem quod sic. Unde dicit magister. notandum quod filius</Unicode>
                </TextEquiv>
            </TextLine>
            <TextLine id="r4l34" custom="readingOrder {index:29;}">
                <Coords points="1278,1727 2038,1721 2014,1671 1277,1687"/>
                <Baseline points="1283,1718 1320,1718 1358,1716 1395,1716 1433,1715 1470,1715 1508,1713 1545,1713 1583,1713 1620,1712 1658,1712 1695,1712 1733,1712 1770,1710 1808,1710 1845,1710 1883,1710 1920,1710 1958,1709 1995,1709 2033,1709"/>
                <TextEquiv>
                    <Unicode>secundum quod homo factus est: non tantum patre sed et spiritu saco. et et seipo</Unicode>
                </TextEquiv>
            </TextLine>
            <TextLine id="r4l35" custom="readingOrder {index:30;}">
                <Coords points="1273,1768 2020,1764 2044,1762 2044,1720 1273,1725"/>
                <Baseline points="1278,1758 1316,1758 1354,1757 1392,1757 1430,1757 1468,1757 1506,1757 1544,1755 1582,1755 1620,1755 1658,1755 1696,1755 1734,1755 1772,1755 1810,1754 1848,1754 1886,1754 1924,1754 1962,1754 2000,1752 2039,1752"/>
                <TextEquiv>
                    <Unicode>minor dicitur secundum formam serui. Unde Aug. ii li. de trini. et</Unicode>
                </TextEquiv>
            </TextLine>
            <TextLine id="r4l36" custom="readingOrder {index:31;}">
                <Coords points="1273,1814 2035,1807 2048,1758 1273,1769"/>
                <Baseline points="1278,1803 1316,1802 1354,1802 1392,1800 1431,1800 1469,1800 1507,1799 1545,1799 1584,1799 1622,1797 1660,1797 1698,1797 1737,1797 1775,1796 1813,1796 1851,1796 1890,1795 1928,1794 1966,1794 2004,1793 2043,1793"/>
                <TextEquiv>
                    <Unicode>li contra Maximianum dicit quod filius dici in forma sferui: non</Unicode>
                </TextEquiv>
            </TextLine>
            <TextLine id="r4l37" custom="readingOrder {index:32;}">
                <Coords points="1282,1859 1988,1849 2030,1842 2030,1802 1281,1811"/>
                <Baseline points="1286,1844 1324,1844 1363,1842 1402,1842 1441,1841 1480,1841 1519,1841 1558,1841 1597,1841 1636,1839 1674,1839 1713,1839 1752,1839 1791,1839 1830,1839 1869,1838 1908,1838 1947,1837 1986,1836 2025,1836"/>
                <TextEquiv>
                    <Unicode>tantum patre sed est seipso et spiritu snco minor inuentus est et est mine</Unicode>
                </TextEquiv>
            </TextLine>
            <TextLine id="r4l38" custom="readingOrder {index:33;}">
                <Coords points="1284,1909 1674,1886 1943,1906 2032,1887 2032,1852 1284,1860"/>
                <Baseline points="1289,1886 1325,1886 1362,1884 1399,1884 1436,1883 1473,1883 1510,1883 1547,1883 1584,1883 1621,1883 1658,1883 1694,1883 1731,1883 1768,1883 1805,1883 1842,1882 1879,1881 1916,1881 1953,1879 1990,1878 2027,1877"/>
                <TextEquiv>
                    <Unicode>ratus paulo mius ab angel. hec ibi In sententia breviata</Unicode>
                </TextEquiv>
            </TextLine>
            <TextLine id="r4l40" custom="readingOrder {index:34;}">
                <Coords points="1279,1954 1481,1943 1581,1965 1672,1930 1701,1950 1962,1954 2048,1945 2047,1897 1278,1911"/>
                <Baseline points="1284,1941 1323,1941 1363,1943 1403,1943 1443,1943 1483,1944 1523,1944 1563,1943 1603,1943 1643,1943 1683,1943 1723,1941 1763,1941 1803,1940 1843,1939 1883,1938 1923,1937 1963,1935 2003,1935 2043,1934"/>
                <TextEquiv>
                    <Unicode>Sed quiriter exqui filius dicitur mior pre</Unicode>
                </TextEquiv>
            </TextLine>
            <TextLine id="r4l41" custom="readingOrder {index:35;}">
                <Coords points="1288,1997 2039,1991 2016,1944 1287,1954"/>
                <Baseline points="1293,1988 1330,1988 1367,1988 1404,1988 1441,1988 1478,1988 1515,1988 1552,1988 1589,1988 1626,1988 1663,1988 1700,1986 1737,1986 1774,1986 1811,1986 1848,1985 1885,1983 1922,1983 1959,1981 1996,1979 2033,1977"/>
                <TextEquiv>
                    <Unicode>secundum formam humana in qua apperuit. Cur ergo est spiritus sanctus</Unicode>
                </TextEquiv>
            </TextLine>
            <TextLine id="r4l42" custom="readingOrder {index:36;}">
                <Coords points="1285,2039 2045,2037 2045,1995 1285,1997"/>
                <Baseline points="1290,2031 1327,2030 1365,2030 1402,2030 1440,2028 1477,2028 1515,2028 1552,2028 1590,2028 1627,2028 1665,2028 1702,2027 1740,2027 1777,2027 1815,2027 1852,2027 1890,2025 1927,2025 1965,2024 2002,2022 2040,2022"/>
                <TextEquiv>
                    <Unicode>similiter minor patre non dicitur. cum in forma creata. videlitet in co</Unicode>
                </TextEquiv>
            </TextLine>
            <TextLine id="r4l43" custom="readingOrder {index:37;}">
                <Coords points="1281,2079 2045,2079 2044,2037 1983,2029 1280,2041"/>
                <Baseline points="1286,2072 1323,2072 1361,2072 1399,2072 1436,2072 1474,2072 1512,2072 1549,2072 1587,2070 1625,2070 1663,2070 1700,2070 1738,2070 1776,2070 1813,2069 1851,2069 1889,2068 1926,2067 1964,2067 2002,2066 2040,2064"/>
                <TextEquiv>
                    <Unicode>lumbe et ignis specie apperuit: Respondet magister. e. dist. xvi. quia</Unicode>
                </TextEquiv>
            </TextLine>
            <TextLine id="r4l44" custom="readingOrder {index:38;}">
                <Coords points="1286,2134 2051,2119 2050,2079 1974,2074 1285,2087"/>
                <Baseline points="1290,2115 1327,2114 1365,2114 1403,2112 1441,2112 1478,2112 1516,2112 1554,2112 1592,2111 1629,2111 1667,2111 1705,2111 1743,2111 1780,2111 1818,2111 1856,2111 1894,2111 1931,2110 1969,2109 2007,2108 2045,2108"/>
                <TextEquiv>
                    <Unicode>inquit. aliter spiritus sanctus assumpsit creaturam in qua apperuit:</Unicode>
                </TextEquiv>
            </TextLine>
            <TextLine id="r4l45" custom="readingOrder {index:39;}">
                <Coords points="1282,2176 2053,2152 2052,2120 2015,2113 1281,2131"/>
                <Baseline points="1287,2157 1325,2156 1363,2156 1401,2154 1439,2154 1477,2154 1515,2154 1553,2154 1591,2154 1629,2154 1667,2154 1705,2154 1743,2154 1781,2154 1819,2153 1857,2153 1895,2152 1933,2151 1971,2149 2009,2148 2048,2145"/>
                <TextEquiv>
                    <Unicode>et aliter filius. Nam filius accepit per vnionem. spiritus sanctus vero</Unicode>
                </TextEquiv>
            </TextLine>
            <TextLine id="r4l46" custom="readingOrder {index:40;}">
                <Coords points="1285,2213 2057,2198 2056,2165 2017,2155 1284,2177"/>
                <Baseline points="1290,2199 1328,2198 1366,2198 1404,2198 1442,2198 1480,2198 1518,2196 1556,2196 1594,2196 1632,2196 1670,2196 1708,2195 1746,2195 1784,2194 1822,2193 1860,2193 1898,2192 1936,2192 1974,2190 2012,2189 2051,2187"/>
                <TextEquiv>
                    <Unicode>non. filius enim accepit hominem: ita vt fieret homo spiritus vero</Unicode>
                </TextEquiv>
            </TextLine>
            <TextLine id="r4l47" custom="readingOrder {index:41;}">
                <Coords points="1288,2250 2050,2243 2049,2201 1287,2208"/>
                <Baseline points="1293,2238 1330,2238 1368,2238 1405,2238 1443,2238 1481,2238 1518,2238 1556,2238 1593,2238 1631,2237 1669,2237 1706,2237 1744,2237 1781,2235 1819,2235 1857,2234 1894,2234 1932,2234 1969,2232 2007,2232 2045,2231"/>
                <TextEquiv>
                    <Unicode>sanctus non ita accepit columbam vt fieret columba. nec co</Unicode>
                </TextEquiv>
            </TextLine>
            <TextLine id="r4l48" custom="readingOrder {index:42;}">
                <Coords points="1290,2293 2044,2282 2044,2252 1993,2239 1290,2249"/>
                <Baseline points="1295,2282 1332,2282 1369,2280 1406,2280 1443,2280 1481,2280 1518,2279 1555,2279 1592,2279 1629,2279 1667,2279 1704,2279 1741,2279 1778,2279 1815,2279 1853,2277 1890,2277 1927,2276 1964,2276 2001,2274 2039,2273"/>
                <TextEquiv>
                    <Unicode>lumbam vt flatum illum vel ignem beatificauit. sibique in vnita</Unicode>
                </TextEquiv>
            </TextLine>
            <TextLine id="r4l49" custom="readingOrder {index:43;}">
                <Coords points="1283,2338 2044,2330 2053,2283 1282,2298"/>
                <Baseline points="1287,2327 1325,2325 1363,2325 1401,2324 1439,2324 1477,2322 1515,2322 1553,2321 1591,2321 1629,2321 1667,2321 1705,2320 1743,2319 1781,2319 1819,2319 1857,2319 1895,2319 1933,2319 1971,2318 2009,2318 2048,2318"/>
                <TextEquiv>
                    <Unicode>tem persone contunxit in eternum. sicut filius sibi vniuit et beatifi¬</Unicode>
                </TextEquiv>
            </TextLine>
            <TextLine id="r4l50" custom="readingOrder {index:44;}">
                <Coords points="1291,2373 1973,2364 2001,2386 2056,2371 2056,2336 1291,2338"/>
                <Baseline points="1296,2367 1333,2366 1371,2366 1409,2364 1447,2364 1484,2364 1522,2364 1560,2364 1598,2364 1635,2364 1673,2364 1711,2364 1749,2364 1786,2363 1824,2363 1862,2363 1900,2363 1937,2362 1975,2361 2013,2360 2051,2360"/>
                <TextEquiv>
                    <Unicode>cauit humanam naturam: vt patet per Aug. ii liro de trini.</Unicode>
                </TextEquiv>
            </TextLine>
            <TextLine id="r4l51" custom="readingOrder {index:45;}">
                <Coords points="1287,2395 1360,2418 1889,2410 1889,2376 1809,2368 1287,2373"/>
                <Baseline points="1292,2402 1321,2403 1351,2405 1380,2406 1410,2407 1440,2408 1469,2408 1499,2408 1528,2407 1558,2406 1588,2406 1617,2406 1647,2405 1676,2405 1706,2403 1736,2403 1765,2402 1795,2402 1824,2402 1854,2402 1884,2402"/>
                <TextEquiv>
                    <Unicode>Hec ex magistro. Et idem dictat Scoto.</Unicode>
                </TextEquiv>
            </TextLine>
            <TextLine id="r4l52" custom="readingOrder {index:46;}">
                <Coords points="1278,2480 2032,2477 2019,2415 1786,2433 1278,2404"/>
                <Baseline points="1283,2468 1320,2466 1357,2465 1394,2465 1431,2465 1469,2463 1506,2463 1543,2463 1580,2463 1617,2463 1655,2463 1692,2463 1729,2463 1766,2463 1803,2463 1841,2463 1878,2463 1915,2463 1952,2463 1989,2463 2027,2463"/>
                <TextEquiv>
                    <Unicode>¶ Quomo christus dicitur morr angelis.</Unicode>
                </TextEquiv>
            </TextLine>
            <TextLine id="r4l53" custom="readingOrder {index:47;}">
                <Coords points="1293,2523 1331,2520 1356,2544 1386,2544 1425,2520 1564,2517 1604,2533 1681,2508 1734,2529 1735,2476 1590,2487 1541,2474 1511,2487 1489,2472 1423,2470 1369,2473 1352,2489 1293,2484"/>
                <Baseline points="1298,2513 1323,2513 1348,2511 1374,2511 1399,2511 1425,2510 1450,2510 1475,2510 1501,2510 1526,2510 1552,2510 1577,2510 1602,2510 1628,2510 1653,2510 1679,2510 1704,2510 1730,2510"/>
                <TextEquiv>
                    <Unicode>Uide vbi Christus. sub. R</Unicode>
                </TextEquiv>
            </TextLine>
            <TextLine id="line_1611333663280_3225" custom="readingOrder {index:48;}">
                <Coords points="1461,2610 1674,2592 2052,2604 2069,2601 2069,2531 1648,2524 1597,2556 1515,2524 1461,2544"/>
                <Baseline points="1466,2592 1499,2592 1532,2591 1565,2591 1599,2591 1632,2591 1665,2591 1699,2589 1732,2589 1765,2589 1799,2589 1832,2589 1865,2589 1898,2589 1932,2591 1965,2591 1998,2591 2032,2592 2064,2592"/>
                <TextEquiv>
                    <Unicode>Alu. Nota secundum</Unicode>
                </TextEquiv>
            </TextLine>
            <TextLine id="r4l56" custom="readingOrder {index:49;}">
                <Coords points="1461,2650 2024,2653 2056,2636 2055,2602 1982,2598 1460,2611"/>
                <Baseline points="1466,2642 1495,2640 1524,2640 1553,2640 1583,2640 1612,2640 1641,2640 1670,2639 1700,2639 1729,2639 1758,2639 1787,2639 1817,2639 1846,2639 1875,2639 1904,2639 1934,2637 1963,2637 1992,2637 2021,2636 2051,2636"/>
                <TextEquiv>
                    <Unicode>Guill. super i. distin xl vii conclusione. ii quod</Unicode>
                </TextEquiv>
            </TextLine>
            <TextLine id="r4l58" custom="readingOrder {index:50;}">
                <Coords points="1455,2692 2012,2692 2062,2684 2062,2628 2035,2651 1972,2655 1455,2648"/>
                <Baseline points="1460,2681 1489,2681 1519,2681 1549,2681 1579,2682 1609,2682 1639,2682 1668,2682 1698,2682 1728,2682 1758,2682 1788,2682 1818,2681 1848,2681 1877,2681 1907,2681 1937,2681 1967,2679 1997,2679 2027,2679 2057,2678"/>
                <TextEquiv>
                    <Unicode>dam est malum clespe. quodam pene. Toquendo de</Unicode>
                </TextEquiv>
            </TextLine>
            <TextLine id="r4l59" custom="readingOrder {index:51;}">
                <Coords points="1282,2756 1391,2729 2017,2735 2051,2731 2051,2685 1512,2699 1370,2657 1282,2688"/>
                <Baseline points="1287,2724 1326,2724 1366,2724 1406,2724 1446,2724 1486,2724 1526,2724 1566,2724 1606,2724 1646,2724 1686,2724 1726,2724 1766,2724 1806,2723 1846,2723 1886,2723 1926,2722 1966,2721 2006,2721 2046,2720"/>
                <TextEquiv>
                    <Unicode>malo cumlpetripliciter dicitur. Primo malum occasionaliter</Unicode>
                </TextEquiv>
            </TextLine>
            <TextLine id="r4l60" custom="readingOrder {index:52;}">
                <Coords points="1300,2779 1837,2772 1993,2800 2057,2777 2057,2729 1300,2733"/>
                <Baseline points="1305,2769 1342,2769 1379,2769 1417,2769 1454,2769 1491,2769 1529,2769 1566,2769 1603,2769 1641,2769 1678,2769 1715,2769 1753,2769 1790,2769 1827,2768 1865,2768 1902,2768 1939,2766 1977,2765 2014,2765 2052,2763"/>
                <TextEquiv>
                    <Unicode>Secundo malum in se. Tertio malum secundum se etc. Primo</Unicode>
                </TextEquiv>
            </TextLine>
            <TextEquiv>
                <Unicode>bene sunt formosi et commensurati. et secundum hec tria pu
critudo conuenit cum propriis filii dei: qui est image
patris. Extat enim pulter inquantum in eo sunt depicte rati
nes omnium clare cogscendi: vt dicit Aug. vi. de trini. et
sic in eo est claritas glore irradiantis super omnia: et in quo omnia
resplendent. Item pulcrior est inquantum representat deum pa
trem per consonantia equalitatis per omnia ad patrem. Item est pul¬
cerrimus inquantum est idem summus deus. sequitur ergo quod pul¬
critudo spenldoris filio attribuitur. ¶ Si dicas
Dio. supra. dicit quod bonum et pulcrum idem sunt. vn et propinon
sunt in greco. qui bonum vocant Calos. pulcrum callos
et adeo se conscquuntur: quod omnia bonum et pulcrum appetunt
Sed bonitas attribuitur spiritu sancto. ergo et pulcritudo
Respondet Bon. quod Dio. non vult dicere nisi quod sunt vnum
re: licet differant ratione. ergo propter rationis diuersitate: bonum
conuenit vni: et pulcrum alteri etc.
Agnitudo diuina
¶ A¶ De hoc vide vbi Immensitas.
Alior et aRinor.
Queritur vtrum filius dei secundum deitatem sit ma
sior seipso secundum humanitatem quam assumpsit: Et respondetur
breviter quod sic. quia secundum deitatem vnum est cum patre: sed minon
patre secundum humanitatem. ergo est secundum humanitatem: minor seipse
secundum deitatem. hoc est dictu quod divinitas in christos maior est quia
creator) quam humanitas: quae est creatura et manifestum est.
Unde causaitur in Symb. Equilis patri secundum di. mi. pa. secundum hu.
Sed an filius sicut dicitur mior pre
ita dicatur minor spiritus scoio: Respondetur secundum magistrum in i. di¬
xvi. per conclusioem quod sic. Unde dicit magister. notandum quod filius
secundum quod homo factus est: non tantum patre sed et spiritu saco. et et seipo
minor dicitur secundum formam serui. Unde Aug. ii li. de trini. et
li contra Maximianum dicit quod filius dici in forma sferui: non
tantum patre sed est seipso et spiritu snco minor inuentus est et est mine
ratus paulo mius ab angel. hec ibi In sententia breviata
Sed quiriter exqui filius dicitur mior pre
secundum formam humana in qua apperuit. Cur ergo est spiritus sanctus
similiter minor patre non dicitur. cum in forma creata. videlitet in co
lumbe et ignis specie apperuit: Respondet magister. e. dist. xvi. quia
inquit. aliter spiritus sanctus assumpsit creaturam in qua apperuit:
et aliter filius. Nam filius accepit per vnionem. spiritus sanctus vero
non. filius enim accepit hominem: ita vt fieret homo spiritus vero
sanctus non ita accepit columbam vt fieret columba. nec co
lumbam vt flatum illum vel ignem beatificauit. sibique in vnita
tem persone contunxit in eternum. sicut filius sibi vniuit et beatifi¬
cauit humanam naturam: vt patet per Aug. ii liro de trini.
Hec ex magistro. Et idem dictat Scoto.
¶ Quomo christus dicitur morr angelis.
Uide vbi Christus. sub. R
Alu. Nota secundum
Guill. super i. distin xl vii conclusione. ii quod
dam est malum clespe. quodam pene. Toquendo de
malo cumlpetripliciter dicitur. Primo malum occasionaliter
Secundo malum in se. Tertio malum secundum se etc. Primo</Unicode>
            </TextEquiv>
        </TextRegion>
    </Page>
</PcGts>
