<?xml version="1.0" encoding="UTF-8" standalone="yes"?>
<PcGts xmlns="http://schema.primaresearch.org/PAGE/gts/pagecontent/2013-07-15" xmlns:xsi="http://www.w3.org/2001/XMLSchema-instance" xsi:schemaLocation="http://schema.primaresearch.org/PAGE/gts/pagecontent/2013-07-15 http://schema.primaresearch.org/PAGE/gts/pagecontent/2013-07-15/pagecontent.xsd">
    <Metadata>
        <Creator>prov=University of Rostock/Institute of Mathematics/CITlab|PLANET AI GmbH/Gundram Leifert/gundram.leifert@planet-ai.de:name=cod-PELthe-m2(htr_id=29842)::::v=2.6.7
prov=University of Rostock/Institute of Mathematics/CITlab|PLANET AI GmbH/Tobias Gruening/tobias.gruening@planet-ai.de:name=de.uros.citlab.module.baseline2polygon.B2PSeamMultiOriented:v=2.6.7
prov=University of Rostock/Institute of Mathematics/CITlab|PLANET AI GmbH/Tobias Gruening/tobias.gruening@planet-ai.de:name=/net_tf/LA73_249_0mod360.pb:de.uros.citlab.segmentation.CITlab_LA_ML:v=2.6.6
Transkribus</Creator>
        <Created>2021-01-15T15:26:46.676+01:00</Created>
        <LastChange>2021-02-01T19:48:46.673+01:00</LastChange>
        <TranskribusMetadata docId="572610" pageId="23611318" pageNr="148" tsid="51888042" status="IN_PROGRESS" userId="25065" imgUrl="https://files.transkribus.eu/Get?id=YQOSVDYSVIUYPMCAUPKVLCFE&amp;fileType=view" xmlUrl="https://files.transkribus.eu/Get?id=XQGHDMEFDEIJXBUQGUCRFEKB" imageId="18126172"/>
    </Metadata>
    <Page imageFilename="147.jpg" imageWidth="2244" imageHeight="3288">
        <ReadingOrder>
            <OrderedGroup id="ro_1612223676961" caption="Regions reading order">
                <RegionRefIndexed index="0" regionRef="TextRegion_1611333852512_3295"/>
                <RegionRefIndexed index="1" regionRef="TextRegion_1611333852512_3294"/>
            </OrderedGroup>
        </ReadingOrder>
        <TextRegion orientation="0.0" id="TextRegion_1611333852512_3295" custom="readingOrder {index:0;}">
            <Coords points="392,231 1214,231 1214,2815 392,2815"/>
            <TextLine id="r3l2" custom="readingOrder {index:0;}">
                <Coords points="394,397 1167,395 1151,341 394,347"/>
                <Baseline points="399,389 437,389 475,388 513,387 551,387 589,386 627,386 665,386 703,384 741,384 780,384 818,384 856,384 894,384 932,384 970,384 1008,384 1046,386 1084,386 1122,387 1161,389"/>
                <TextEquiv>
                    <Unicode>essent mala. et potuisset facere absolute: vt nec an</Unicode>
                </TextEquiv>
            </TextLine>
            <TextLine id="r3l4" custom="readingOrder {index:1;}">
                <Coords points="387,443 1145,443 1153,401 387,406"/>
                <Baseline points="392,432 429,432 467,431 505,431 543,429 581,429 618,429 656,428 694,428 732,428 770,428 807,426 845,426 883,426 921,426 959,426 996,426 1034,426 1072,426 1110,426 1148,426"/>
                <TextEquiv>
                    <Unicode>geli peccassent nec homines: et nullum esset vicium. sed no¬</Unicode>
                </TextEquiv>
            </TextLine>
            <TextLine id="r3l6" custom="readingOrder {index:2;}">
                <Coords points="393,478 1156,480 1156,441 1134,435 393,443"/>
                <Baseline points="398,473 435,473 473,473 510,472 548,471 586,471 623,471 661,471 699,470 736,470 774,470 812,470 849,470 887,470 925,470 962,470 1000,470 1038,470 1075,470 1113,470 1151,470"/>
                <TextEquiv>
                    <Unicode>luit: quia permisit eos vti libero arbitrio. Unde dio. in </Unicode>
                </TextEquiv>
            </TextLine>
            <TextLine id="r3l8" custom="readingOrder {index:3;}">
                <Coords points="390,521 1085,530 1153,520 1153,476 390,482"/>
                <Baseline points="395,513 432,513 470,513 507,513 545,513 583,513 620,513 658,512 696,512 733,512 771,512 809,512 846,512 884,512 922,510 959,510 997,510 1035,510 1072,510 1110,510 1148,510"/>
                <TextEquiv>
                    <Unicode>fi. ecclesiastice hierarchie dicit quod deus nemini dedit vi¬</Unicode>
                </TextEquiv>
            </TextLine>
            <TextLine id="r3l10" custom="readingOrder {index:4;}">
                <Coords points="394,563 1153,569 1166,518 394,521"/>
                <Baseline points="399,557 437,556 475,555 513,555 551,555 589,555 627,554 665,554 703,554 741,554 780,554 818,554 856,554 894,554 932,554 970,555 1008,555 1046,555 1084,555 1122,555 1161,555"/>
                <TextEquiv>
                    <Unicode>tam coactam. sed liberum dedit arbitrium vt per merita ascen¬</Unicode>
                </TextEquiv>
            </TextLine>
            <TextLine id="r3l12" custom="readingOrder {index:5;}">
                <Coords points="403,605 1166,606 1166,562 403,561"/>
                <Baseline points="408,597 445,597 483,597 520,597 558,597 596,597 633,597 671,597 709,597 746,597 784,596 822,596 859,596 897,596 935,596 972,596 1010,596 1048,596 1085,596 1123,597 1161,597"/>
                <TextEquiv>
                    <Unicode>deret ad primia. Nam gloriosius erat beatis angelis meru¬</Unicode>
                </TextEquiv>
            </TextLine>
            <TextLine id="r3l14" custom="readingOrder {index:6;}">
                <Coords points="400,647 1166,657 1166,607 1123,602 400,604"/>
                <Baseline points="405,642 442,641 480,641 518,641 556,639 594,639 631,639 669,639 707,639 745,639 783,639 820,639 858,639 896,639 934,638 972,638 1009,638 1047,638 1085,638 1123,638 1161,638"/>
                <TextEquiv>
                    <Unicode>isse praemiu: quam ipsum habere sine merito. sicut patet de milite</Unicode>
                </TextEquiv>
            </TextLine>
            <TextLine id="r3l15" custom="readingOrder {index:7;}">
                <Coords points="399,689 1162,699 1162,654 1117,643 399,647"/>
                <Baseline points="404,683 441,683 479,683 516,683 554,683 592,683 629,683 667,681 705,681 742,681 780,681 818,681 855,681 893,681 931,681 968,681 1006,681 1044,681 1081,681 1119,680 1157,680"/>
                <TextEquiv>
                    <Unicode>in bello scilicet gloriose triumphante: et sic praemium adquirente.</Unicode>
                </TextEquiv>
            </TextLine>
            <TextLine id="r3l17" custom="readingOrder {index:8;}">
                <Coords points="400,759 468,747 511,757 534,750 641,751 640,689 632,687 603,684 567,698 549,686 522,700 476,688 449,701 428,687 399,691"/>
                <Baseline points="404,726 429,728 455,728 481,726 507,726 532,726 558,725 584,725 610,725 636,725"/>
                <TextEquiv>
                    <Unicode>Hec ex Guill.</Unicode>
                </TextEquiv>
            </TextLine>
            <TextLine id="r3l20" custom="readingOrder {index:9;}">
                <Coords points="393,824 613,805 668,831 1107,821 1166,808 1166,747 445,748 393,769"/>
                <Baseline points="398,806 436,806 474,806 512,807 550,807 588,807 626,807 665,807 703,807 741,807 779,807 817,807 855,807 893,807 932,807 970,807 1008,806 1046,806 1084,806 1122,806 1161,804"/>
                <TextEquiv>
                    <Unicode>¶ Utrum deus iuste permittit mala fie¬</Unicode>
                </TextEquiv>
            </TextLine>
            <TextLine id="r3l22" custom="readingOrder {index:10;}">
                <Coords points="412,868 1155,873 1171,814 412,824"/>
                <Baseline points="417,855 454,855 491,854 529,854 566,853 604,852 641,852 679,852 716,852 754,852 791,852 828,852 866,852 903,852 941,852 978,852 1016,852 1053,852 1091,852 1128,852 1166,851"/>
                <TextEquiv>
                    <Unicode>ti. Et arguitur quod no. quia vt scribitur in canone. lxxxiii.</Unicode>
                </TextEquiv>
            </TextLine>
            <TextLine id="r3l24" custom="readingOrder {index:11;}">
                <Coords points="409,902 1165,908 1165,869 1110,857 409,866"/>
                <Baseline points="414,897 451,897 488,896 525,896 563,896 600,894 637,894 675,894 712,894 749,894 787,894 824,894 861,894 898,894 936,894 973,894 1010,894 1048,894 1085,894 1122,893 1160,893"/>
                <TextEquiv>
                    <Unicode>di. c. error. Cum possis prohibere peruersos et non facus</Unicode>
                </TextEquiv>
            </TextLine>
            <TextLine id="r3l26" custom="readingOrder {index:12;}">
                <Coords points="405,946 1169,940 1169,908 1114,897 405,903"/>
                <Baseline points="410,939 447,938 485,938 523,938 560,938 598,936 636,936 673,936 711,936 749,936 787,936 824,936 862,936 900,936 937,936 975,936 1013,936 1050,936 1088,936 1126,936 1164,936"/>
                <TextEquiv>
                    <Unicode>nil aliud est quam fouere illos. Sed quia deus est omnipotens et</Unicode>
                </TextEquiv>
            </TextLine>
            <TextLine id="r3l28" custom="readingOrder {index:13;}">
                <Coords points="396,993 1171,986 1171,941 395,948"/>
                <Baseline points="401,983 439,981 477,980 515,980 554,979 592,978 630,978 668,978 707,978 745,978 783,977 821,977 860,977 898,977 936,977 974,977 1013,978 1051,978 1089,978 1127,978 1166,977"/>
                <TextEquiv>
                    <Unicode>potest prohibere et facere vt nulla fiant mala. hoc autem non</Unicode>
                </TextEquiv>
            </TextLine>
            <TextLine id="r3l30" custom="readingOrder {index:14;}">
                <Coords points="403,1027 1137,1031 1168,1026 1168,985 402,992"/>
                <Baseline points="408,1023 445,1023 483,1022 521,1022 559,1020 596,1020 634,1020 672,1020 710,1020 747,1020 785,1020 823,1020 861,1020 898,1020 936,1020 974,1020 1012,1020 1049,1020 1087,1020 1125,1020 1163,1019"/>
                <TextEquiv>
                    <Unicode>fac. ergo videtur quod sit contra bonitatem dei si permittat mala</Unicode>
                </TextEquiv>
            </TextLine>
            <TextLine id="r3l32" custom="readingOrder {index:15;}">
                <Coords points="393,1076 1172,1074 1155,1025 393,1027"/>
                <Baseline points="398,1062 436,1062 474,1062 513,1062 551,1061 590,1061 628,1061 667,1061 705,1061 744,1062 782,1062 820,1062 859,1062 897,1062 936,1062 974,1062 1013,1062 1051,1062 1090,1062 1128,1062 1167,1061"/>
                <TextEquiv>
                    <Unicode>fieri in modo: quia videtur consentire. Unde et Rho i. Di¬</Unicode>
                </TextEquiv>
            </TextLine>
            <TextLine id="r3l34" custom="readingOrder {index:16;}">
                <Coords points="399,1119 1169,1112 1169,1077 1128,1067 399,1073"/>
                <Baseline points="404,1109 442,1107 480,1107 518,1106 556,1104 594,1104 632,1104 670,1103 708,1103 746,1103 784,1103 822,1103 860,1103 898,1104 936,1104 974,1104 1012,1104 1050,1104 1088,1104 1126,1104 1164,1104"/>
                <TextEquiv>
                    <Unicode>gni sunt morte: non solum qui faciunt mala: sed est qui consen¬</Unicode>
                </TextEquiv>
            </TextLine>
            <TextLine id="r3l36" custom="readingOrder {index:17;}">
                <Coords points="390,1157 1171,1158 1170,1112 1125,1106 390,1120"/>
                <Baseline points="395,1146 433,1146 472,1148 510,1148 549,1148 587,1148 626,1148 664,1148 703,1148 741,1148 780,1146 819,1146 857,1146 896,1146 934,1146 973,1145 1011,1145 1050,1145 1088,1145 1127,1146 1166,1146"/>
                <TextEquiv>
                    <Unicode>tiunt facientibus. Et Aug. xix. de ciui. dici dicit. Ad offici¬</Unicode>
                </TextEquiv>
            </TextLine>
            <TextLine id="r3l38" custom="readingOrder {index:18;}">
                <Coords points="397,1196 1178,1202 1178,1158 1124,1148 397,1155"/>
                <Baseline points="402,1190 440,1189 479,1188 517,1188 556,1188 594,1188 633,1188 671,1188 710,1188 748,1188 787,1188 826,1188 864,1187 903,1187 941,1187 980,1187 1018,1188 1057,1188 1095,1188 1134,1188 1173,1188"/>
                <TextEquiv>
                    <Unicode>um innocentis partinet: n solum nemi malum inferre: sed a</Unicode>
                </TextEquiv>
            </TextLine>
            <TextLine id="r3l40" custom="readingOrder {index:19;}">
                <Coords points="399,1245 726,1228 1098,1247 1181,1232 1181,1202 399,1203"/>
                <Baseline points="404,1232 442,1232 481,1232 519,1230 558,1230 597,1230 635,1230 674,1230 712,1230 751,1230 790,1230 828,1230 867,1230 905,1230 944,1230 983,1230 1021,1230 1060,1230 1098,1229 1137,1229 1176,1229"/>
                <TextEquiv>
                    <Unicode>peccato cohibere. ergo etc. Ad hec respondendo Nota primo</Unicode>
                </TextEquiv>
            </TextLine>
            <TextLine id="r3l42" custom="readingOrder {index:20;}">
                <Coords points="409,1279 1157,1286 1187,1272 1187,1226 632,1254 607,1234 408,1236"/>
                <Baseline points="414,1272 452,1272 490,1272 529,1272 567,1272 606,1274 644,1274 682,1274 721,1274 759,1274 798,1274 836,1274 874,1274 913,1274 951,1272 990,1272 1028,1272 1066,1272 1105,1271 1143,1271 1182,1271"/>
                <TextEquiv>
                    <Unicode>secundum Rich. super i. di. xl vi. q. iii. quod Canon praedictus in¬</Unicode>
                </TextEquiv>
            </TextLine>
            <TextLine id="r3l44" custom="readingOrder {index:21;}">
                <Coords points="398,1323 1170,1326 1187,1276 398,1286"/>
                <Baseline points="404,1313 442,1313 481,1314 520,1314 559,1314 598,1314 637,1314 676,1314 715,1314 754,1314 793,1314 831,1314 870,1313 909,1313 948,1313 987,1313 1026,1314 1065,1314 1104,1314 1143,1314 1182,1314"/>
                <TextEquiv>
                    <Unicode>telligitur de illo qui non hbet vniuersalem prouidentiam: sed parti</Unicode>
                </TextEquiv>
            </TextLine>
            <TextLine id="r3l46" custom="readingOrder {index:22;}">
                <Coords points="402,1363 1161,1363 1168,1324 401,1323"/>
                <Baseline points="407,1358 444,1358 482,1356 520,1356 558,1356 596,1356 633,1356 671,1355 709,1355 747,1355 785,1355 822,1355 860,1355 898,1356 936,1356 974,1356 1011,1356 1049,1356 1087,1356 1125,1355 1163,1355"/>
                <TextEquiv>
                    <Unicode>cularem. qui non potest ex omnibus malis maiora bomoa elice</Unicode>
                </TextEquiv>
            </TextLine>
            <TextLine id="r3l48" custom="readingOrder {index:23;}">
                <Coords points="408,1410 1091,1415 1175,1403 1175,1362 408,1372"/>
                <Baseline points="413,1398 450,1398 488,1398 526,1398 564,1398 602,1397 640,1397 677,1397 715,1397 753,1397 791,1397 829,1397 867,1398 905,1398 942,1398 980,1398 1018,1398 1056,1398 1094,1398 1132,1397 1170,1397"/>
                <TextEquiv>
                    <Unicode>re. sicut est rex terrenus vel princeps. et similiter de talibus intel</Unicode>
                </TextEquiv>
            </TextLine>
            <TextLine id="r3l50" custom="readingOrder {index:24;}">
                <Coords points="394,1447 1172,1448 1160,1402 394,1404"/>
                <Baseline points="399,1440 437,1440 475,1442 514,1442 552,1442 591,1442 629,1442 667,1442 706,1442 744,1440 783,1440 821,1440 859,1440 898,1440 936,1440 975,1439 1013,1439 1051,1439 1090,1439 1128,1440 1167,1440"/>
                <TextEquiv>
                    <Unicode>ligende ster auctoritates praedicte. Deus autem est potestatis omnimo</Unicode>
                </TextEquiv>
            </TextLine>
            <TextLine id="r3l52" custom="readingOrder {index:25;}">
                <Coords points="405,1489 1180,1489 1180,1443 405,1447"/>
                <Baseline points="410,1484 448,1484 486,1484 524,1484 563,1484 601,1484 639,1484 677,1484 716,1482 754,1482 792,1482 830,1482 869,1482 907,1482 945,1482 983,1482 1022,1481 1060,1482 1098,1482 1136,1482 1175,1482"/>
                <TextEquiv>
                    <Unicode>de: et potest elicere maiora bona. ideo iuste permittit ma</Unicode>
                </TextEquiv>
            </TextLine>
            <TextLine id="r3l54" custom="readingOrder {index:26;}">
                <Coords points="418,1534 1187,1529 1169,1486 418,1488"/>
                <Baseline points="423,1524 462,1524 502,1524 542,1523 582,1523 622,1523 662,1523 702,1523 742,1523 782,1523 822,1523 862,1523 902,1523 942,1523 982,1523 1022,1524 1062,1524 1102,1524 1142,1524 1182,1524"/>
                <TextEquiv>
                    <Unicode>la fieri in mundo: vt patebit statim. His concor. Fran.</Unicode>
                </TextEquiv>
            </TextLine>
            <TextLine id="r3l56" custom="readingOrder {index:27;}">
                <Coords points="408,1574 1184,1578 1176,1527 408,1530"/>
                <Baseline points="413,1568 451,1568 489,1566 527,1566 566,1566 604,1566 642,1566 681,1565 719,1565 757,1565 796,1565 834,1565 872,1565 910,1565 949,1566 987,1566 1025,1566 1064,1566 1102,1566 1140,1565 1179,1565"/>
                <TextEquiv>
                    <Unicode>di. x ¶ Secundo nota secundum Tho. in scrip. primi. di. xl vii.</Unicode>
                </TextEquiv>
            </TextLine>
            <TextLine id="r3l58" custom="readingOrder {index:28;}">
                <Coords points="408,1614 1180,1610 1180,1579 1147,1565 855,1588 408,1574"/>
                <Baseline points="413,1610 451,1608 489,1607 527,1607 565,1606 603,1605 641,1605 679,1605 717,1606 755,1607 794,1607 832,1607 870,1607 908,1607 946,1607 984,1607 1022,1607 1060,1607 1098,1605 1136,1605 1175,1604"/>
                <TextEquiv>
                    <Unicode>art. ii in solutione quarti argu. quod prohibere debet quis</Unicode>
                </TextEquiv>
            </TextLine>
            <TextLine id="r3l60" custom="readingOrder {index:29;}">
                <Coords points="414,1664 672,1638 705,1663 1176,1658 1189,1610 414,1613"/>
                <Baseline points="419,1649 457,1649 495,1648 533,1647 572,1647 610,1647 648,1647 686,1647 725,1647 763,1647 801,1647 839,1647 878,1647 916,1647 954,1647 992,1647 1031,1647 1069,1647 1107,1647 1145,1647 1184,1646"/>
                <TextEquiv>
                    <Unicode>peccata. non nisi secundum conditionem libtatis arbitrii aliorum. Non</Unicode>
                </TextEquiv>
            </TextLine>
            <TextLine id="r3l62" custom="readingOrder {index:30;}">
                <Coords points="411,1696 1118,1703 1189,1694 1189,1656 705,1663 671,1638 613,1664 411,1667"/>
                <Baseline points="416,1691 454,1690 492,1689 531,1689 569,1688 608,1688 646,1688 684,1688 723,1688 761,1689 800,1689 838,1689 876,1689 915,1689 953,1689 992,1689 1030,1689 1068,1689 1107,1689 1145,1689 1184,1688"/>
                <TextEquiv>
                    <Unicode>enim debet rex vel princeps ligare homines qui vellent fu</Unicode>
                </TextEquiv>
            </TextLine>
            <TextLine id="r3l64" custom="readingOrder {index:31;}">
                <Coords points="406,1739 1178,1744 1159,1691 1077,1709 406,1698"/>
                <Baseline points="411,1733 449,1733 487,1731 525,1731 563,1731 601,1731 639,1730 677,1730 715,1730 753,1730 792,1730 830,1730 868,1730 906,1731 944,1731 982,1731 1020,1731 1058,1731 1096,1731 1134,1731 1173,1731"/>
                <TextEquiv>
                    <Unicode>rari. ne scilicet furentur: quia iniustum esset ligare eos antequam</Unicode>
                </TextEquiv>
            </TextLine>
            <TextLine id="r3l66" custom="readingOrder {index:32;}">
                <Coords points="430,1775 1175,1781 1175,1745 1147,1735 430,1740"/>
                <Baseline points="435,1772 471,1773 508,1773 545,1773 582,1773 618,1773 655,1773 692,1773 729,1773 765,1773 802,1773 839,1773 876,1773 912,1773 949,1772 986,1773 1023,1773 1059,1773 1096,1773 1133,1773 1170,1773"/>
                <TextEquiv>
                    <Unicode>eccarent. sed per admonitionem debet prohibere: salua</Unicode>
                </TextEquiv>
            </TextLine>
            <TextLine id="r3l68" custom="readingOrder {index:33;}">
                <Coords points="415,1821 1183,1821 1164,1777 415,1784"/>
                <Baseline points="420,1815 457,1814 495,1814 533,1814 571,1814 609,1815 647,1815 685,1815 723,1815 761,1815 799,1815 836,1815 874,1815 912,1815 950,1815 988,1815 1026,1815 1064,1815 1102,1815 1140,1814 1178,1814"/>
                <TextEquiv>
                    <Unicode>libentate arbitrii illorum. Ita et deus saluata conditione.</Unicode>
                </TextEquiv>
            </TextLine>
            <TextLine id="r3l70" custom="readingOrder {index:34;}">
                <Coords points="421,1864 1181,1865 1181,1821 1146,1817 1058,1842 1030,1818 421,1820"/>
                <Baseline points="426,1857 463,1857 501,1856 538,1856 576,1856 613,1856 651,1856 688,1856 726,1857 763,1857 801,1857 838,1857 876,1857 913,1857 951,1857 988,1859 1026,1859 1063,1859 1101,1859 1138,1859 1176,1859"/>
                <TextEquiv>
                    <Unicode>humane libeatatis peccata prohibet suis legibus ¶ Tertio</Unicode>
                </TextEquiv>
            </TextLine>
            <TextLine id="r3l72" custom="readingOrder {index:35;}">
                <Coords points="414,1905 1187,1905 1187,1871 1146,1864 415,1869"/>
                <Baseline points="419,1899 457,1898 495,1898 533,1898 571,1898 609,1899 647,1899 686,1899 724,1899 762,1899 800,1899 838,1899 876,1899 914,1899 953,1900 991,1901 1029,1901 1067,1899 1105,1899 1143,1899 1182,1899"/>
                <TextEquiv>
                    <Unicode>nota secundum Bona. ea. di. xl vii. q. iii. similis et Rich. supra. ac</Unicode>
                </TextEquiv>
            </TextLine>
            <TextLine id="r3l74" custom="readingOrder {index:36;}">
                <Coords points="420,1949 1181,1945 1181,1911 1144,1903 420,1908"/>
                <Baseline points="425,1943 462,1941 500,1941 537,1940 575,1940 612,1940 650,1940 687,1940 725,1940 762,1940 800,1940 838,1940 875,1941 913,1941 950,1941 988,1941 1025,1941 1063,1941 1100,1941 1138,1941 1176,1941"/>
                <TextEquiv>
                    <Unicode>Guill. ea. di. xl vii. colligendo. quod mala a deo permitti</Unicode>
                </TextEquiv>
            </TextLine>
            <TextLine id="r3l76" custom="readingOrder {index:37;}">
                <Coords points="408,1991 1116,2001 1184,1992 1185,1946 408,1954"/>
                <Baseline points="413,1982 451,1982 489,1982 527,1982 566,1982 604,1982 642,1982 681,1982 719,1982 757,1982 796,1982 834,1983 872,1983 910,1983 949,1983 987,1983 1025,1983 1064,1983 1102,1983 1140,1983 1179,1983"/>
                <TextEquiv>
                    <Unicode>iusticia exigi ¶ primo ex ordie rerum vniuersi: qui exi¬</Unicode>
                </TextEquiv>
            </TextLine>
            <TextLine id="r3l78" custom="readingOrder {index:38;}">
                <Coords points="414,2038 1161,2037 1180,1996 414,1997"/>
                <Baseline points="419,2028 456,2027 494,2025 532,2024 570,2024 608,2023 645,2022 683,2022 721,2022 759,2024 797,2024 834,2024 872,2024 910,2025 948,2025 986,2025 1023,2025 1061,2025 1099,2025 1137,2024 1175,2024"/>
                <TextEquiv>
                    <Unicode>git pro sui perfectione: vt in mundo esset creatura aliqua arbi</Unicode>
                </TextEquiv>
            </TextLine>
            <TextLine id="r3l80" custom="readingOrder {index:39;}">
                <Coords points="408,2072 1162,2083 1193,2073 1193,2029 408,2040"/>
                <Baseline points="413,2066 451,2066 490,2066 529,2066 568,2066 606,2066 645,2066 684,2066 723,2066 761,2066 800,2066 839,2066 878,2066 916,2067 955,2067 994,2067 1033,2067 1071,2067 1110,2067 1149,2066 1188,2066"/>
                <TextEquiv>
                    <Unicode>trio libera: quae peccare posset de se et sue libeatati dimit</Unicode>
                </TextEquiv>
            </TextLine>
            <TextLine id="r3l82" custom="readingOrder {index:40;}">
                <Coords points="421,2115 1156,2120 1196,2113 1196,2074 421,2078"/>
                <Baseline points="426,2108 464,2108 502,2108 540,2108 579,2108 617,2108 655,2108 693,2108 732,2108 770,2108 808,2109 846,2109 885,2109 923,2109 961,2109 999,2109 1038,2109 1076,2109 1114,2109 1152,2109 1191,2109"/>
                <TextEquiv>
                    <Unicode>ti deberet: vt est angelus et homo. Ideo Aug. vii. dici ciui. dei</Unicode>
                </TextEquiv>
            </TextLine>
            <TextLine id="r3l84" custom="readingOrder {index:41;}">
                <Coords points="418,2164 1184,2172 1184,2119 418,2117"/>
                <Baseline points="423,2151 460,2151 498,2151 536,2151 574,2151 612,2150 649,2150 687,2150 725,2150 763,2150 801,2150 838,2150 876,2150 914,2150 952,2150 990,2151 1027,2151 1065,2151 1103,2151 1141,2153 1179,2153"/>
                <TextEquiv>
                    <Unicode>dicit. Sic res quas condidit deus administrat: vt eas pro¬</Unicode>
                </TextEquiv>
            </TextLine>
            <TextLine id="r3l86" custom="readingOrder {index:42;}">
                <Coords points="421,2201 1178,2199 1178,2167 1135,2157 421,2165"/>
                <Baseline points="426,2193 463,2193 500,2192 538,2192 575,2192 612,2192 650,2191 687,2191 724,2192 762,2192 799,2192 836,2192 874,2192 911,2192 948,2193 986,2193 1023,2193 1060,2193 1098,2193 1135,2193 1173,2193"/>
                <TextEquiv>
                    <Unicode>prios motus agere sinat. Nam vt est Dio. in fi. Ecci</Unicode>
                </TextEquiv>
            </TextLine>
            <TextLine id="r3l88" custom="readingOrder {index:43;}">
                <Coords points="421,2244 1181,2246 1169,2198 421,2201"/>
                <Baseline points="426,2234 463,2234 501,2234 538,2234 576,2234 613,2234 651,2234 688,2234 726,2234 763,2234 801,2234 838,2234 876,2234 913,2234 951,2234 988,2235 1026,2235 1063,2235 1101,2235 1138,2235 1176,2235"/>
                <TextEquiv>
                    <Unicode>hierar. dicit. Iustum est vt non hebeamus vitam coactam: sed li¬</Unicode>
                </TextEquiv>
            </TextLine>
            <TextLine id="r3l90" custom="readingOrder {index:44;}">
                <Coords points="423,2284 921,2273 1054,2292 1180,2282 1180,2246 423,2248"/>
                <Baseline points="428,2276 465,2276 502,2275 540,2274 577,2274 614,2275 652,2276 689,2276 726,2276 764,2276 801,2276 838,2277 876,2277 913,2277 950,2277 988,2277 1025,2277 1062,2277 1100,2277 1137,2277 1175,2276"/>
                <TextEquiv>
                    <Unicode>pero vtamur arbitrio a deo nobis data etc. ¶ Secundo</Unicode>
                </TextEquiv>
            </TextLine>
            <TextLine id="r3l92" custom="readingOrder {index:45;}">
                <Coords points="411,2330 1144,2335 1183,2327 1183,2281 411,2289"/>
                <Baseline points="416,2318 454,2318 492,2318 530,2318 568,2318 606,2319 644,2319 682,2319 720,2319 758,2319 797,2319 835,2319 873,2319 911,2318 949,2318 987,2318 1025,2318 1063,2318 1101,2318 1139,2319 1178,2319"/>
                <TextEquiv>
                    <Unicode>mala permitti: iustum est ex decentia bonitatis dei quam</Unicode>
                </TextEquiv>
            </TextLine>
            <TextLine id="r3l94" custom="readingOrder {index:46;}">
                <Coords points="418,2373 1086,2380 1193,2363 1194,2323 418,2328"/>
                <Baseline points="423,2357 461,2357 499,2358 537,2358 576,2358 614,2360 652,2360 690,2360 729,2360 767,2360 805,2361 843,2361 882,2361 920,2361 958,2361 996,2361 1035,2361 1073,2361 1111,2361 1149,2360 1188,2360"/>
                <TextEquiv>
                    <Unicode>decet et iusticia exigit manifestari. tam quo ad mtienam in</Unicode>
                </TextEquiv>
            </TextLine>
            <TextLine id="r3l96" custom="readingOrder {index:47;}">
                <Coords points="411,2417 1156,2417 1190,2412 1190,2365 411,2368"/>
                <Baseline points="416,2403 454,2403 492,2403 531,2402 569,2402 608,2402 646,2402 685,2402 723,2402 762,2402 800,2402 838,2402 877,2403 915,2403 954,2403 992,2403 1031,2403 1069,2403 1108,2403 1146,2403 1185,2403"/>
                <TextEquiv>
                    <Unicode>percendo peccatori penitenti: quam quo ad iusticiam in punien</Unicode>
                </TextEquiv>
            </TextLine>
            <TextLine id="r3l98" custom="readingOrder {index:48;}">
                <Coords points="424,2451 1186,2458 1186,2413 1132,2409 424,2411"/>
                <Baseline points="429,2441 466,2441 504,2442 541,2442 579,2444 617,2444 654,2444 692,2444 729,2444 767,2445 805,2445 842,2445 880,2445 917,2445 955,2445 993,2445 1030,2445 1068,2444 1105,2444 1143,2444 1181,2445"/>
                <TextEquiv>
                    <Unicode>do impios: quam quo ad sapientiam. in eliciendo exim maiora</Unicode>
                </TextEquiv>
            </TextLine>
            <TextLine id="r3l100" custom="readingOrder {index:49;}">
                <Coords points="417,2495 1183,2503 1177,2456 417,2449"/>
                <Baseline points="422,2484 459,2484 497,2484 535,2486 573,2486 611,2486 648,2486 686,2486 724,2486 762,2487 800,2487 837,2487 875,2487 913,2487 951,2487 989,2487 1026,2487 1064,2487 1102,2487 1140,2487 1178,2487"/>
                <TextEquiv>
                    <Unicode>hoa ¶ Tertio mala permitti: iustum est ex parte electorum</Unicode>
                </TextEquiv>
            </TextLine>
            <TextLine id="r3l102" custom="readingOrder {index:50;}">
                <Coords points="414,2539 1187,2536 1187,2502 1066,2486 414,2500"/>
                <Baseline points="419,2526 457,2526 495,2526 533,2526 571,2526 609,2526 647,2526 686,2526 724,2526 762,2526 800,2528 838,2528 876,2528 914,2528 953,2528 991,2528 1029,2528 1067,2528 1105,2528 1143,2528 1182,2528"/>
                <TextEquiv>
                    <Unicode>christi. vt per mala tribulationum a deo permissa: a pecca</Unicode>
                </TextEquiv>
            </TextLine>
            <TextLine id="r3l104" custom="readingOrder {index:51;}">
                <Coords points="411,2577 1158,2585 1181,2581 1181,2536 411,2544"/>
                <Baseline points="416,2570 454,2570 492,2569 530,2568 568,2570 606,2570 644,2570 682,2570 720,2570 758,2570 796,2570 834,2570 872,2570 910,2570 948,2571 986,2571 1024,2571 1062,2571 1100,2571 1138,2571 1176,2571"/>
                <TextEquiv>
                    <Unicode>tis purgentur: et a futuris lapsibus praeseruentur. et et me</Unicode>
                </TextEquiv>
            </TextLine>
            <TextLine id="r3l105" custom="readingOrder {index:52;}">
                <Coords points="414,2621 1127,2629 1196,2622 1197,2583 415,2586"/>
                <Baseline points="420,2609 458,2609 497,2609 535,2609 574,2610 612,2610 651,2610 689,2610 728,2610 766,2612 805,2612 844,2612 882,2612 921,2613 959,2613 998,2613 1036,2613 1075,2613 1113,2613 1152,2612 1191,2612"/>
                <TextEquiv>
                    <Unicode>ritis patie gloriosiores reddantur. Non ei esset quis mar</Unicode>
                </TextEquiv>
            </TextLine>
            <TextLine id="r3l107" custom="readingOrder {index:53;}">
                <Coords points="427,2661 1029,2656 1096,2676 1181,2670 1182,2620 427,2622"/>
                <Baseline points="432,2651 469,2651 506,2651 543,2652 580,2652 618,2652 655,2652 692,2652 729,2653 766,2654 804,2654 841,2654 878,2655 915,2655 952,2655 990,2656 1027,2657 1064,2657 1101,2658 1138,2658 1176,2660"/>
                <TextEquiv>
                    <Unicode>tyr si nullus occideret illum. ¶ Proinde Aug. xi</Unicode>
                </TextEquiv>
            </TextLine>
            <TextLine id="r3l109" custom="readingOrder {index:54;}">
                <Coords points="420,2723 461,2700 546,2714 602,2696 1048,2700 1034,2658 420,2660"/>
                <Baseline points="425,2691 455,2692 486,2693 517,2693 548,2694 579,2694 610,2694 641,2694 672,2694 703,2694 734,2694 764,2694 795,2694 826,2694 857,2694 888,2695 919,2696 950,2696 981,2696 1012,2696 1043,2697"/>
                <TextEquiv>
                    <Unicode>de ciui. dei. et Anselmus. de lapsu mundi. vbi scilicet</Unicode>
                </TextEquiv>
            </TextLine>
            <TextLine id="r3l111" custom="readingOrder {index:55;}">
                <Coords points="388,2769 752,2752 1165,2773 1202,2767 1203,2720 930,2699 759,2722 461,2700 426,2721 389,2702"/>
                <Baseline points="393,2753 433,2751 473,2751 513,2751 553,2751 594,2751 634,2752 674,2753 714,2753 754,2753 795,2754 835,2754 875,2754 915,2756 955,2756 996,2756 1036,2756 1076,2756 1116,2756 1156,2756 1197,2756"/>
                <TextEquiv>
                    <Unicode>¶ Querit quire deus permisit in mudo</Unicode>
                </TextEquiv>
            </TextLine>
            <TextLine id="r3l113" custom="readingOrder {index:56;}">
                <Coords points="411,2813 805,2805 1077,2829 1198,2808 1191,2764 411,2755"/>
                <Baseline points="416,2801 454,2800 493,2799 532,2799 571,2798 610,2798 649,2799 687,2799 726,2799 765,2801 804,2801 843,2802 882,2802 921,2804 959,2804 998,2805 1037,2805 1076,2805 1115,2805 1154,2804 1193,2802"/>
                <TextEquiv>
                    <Unicode>plures esse malos quam bonos: Respondent quod ideo: quia si</Unicode>
                </TextEquiv>
            </TextLine>
            <TextEquiv>
                <Unicode>essent mala. et potuisset facere absolute: vt nec an
geli peccassent nec homines: et nullum esset vicium. sed no¬
luit: quia permisit eos vti libero arbitrio. Unde dio. in 
fi. ecclesiastice hierarchie dicit quod deus nemini dedit vi¬
tam coactam. sed liberum dedit arbitrium vt per merita ascen¬
deret ad primia. Nam gloriosius erat beatis angelis meru¬
isse praemiu: quam ipsum habere sine merito. sicut patet de milite
in bello scilicet gloriose triumphante: et sic praemium adquirente.
Hec ex Guill.
¶ Utrum deus iuste permittit mala fie¬
ti. Et arguitur quod no. quia vt scribitur in canone. lxxxiii.
di. c. error. Cum possis prohibere peruersos et non facus
nil aliud est quam fouere illos. Sed quia deus est omnipotens et
potest prohibere et facere vt nulla fiant mala. hoc autem non
fac. ergo videtur quod sit contra bonitatem dei si permittat mala
fieri in modo: quia videtur consentire. Unde et Rho i. Di¬
gni sunt morte: non solum qui faciunt mala: sed est qui consen¬
tiunt facientibus. Et Aug. xix. de ciui. dici dicit. Ad offici¬
um innocentis partinet: n solum nemi malum inferre: sed a
peccato cohibere. ergo etc. Ad hec respondendo Nota primo
secundum Rich. super i. di. xl vi. q. iii. quod Canon praedictus in¬
telligitur de illo qui non hbet vniuersalem prouidentiam: sed parti
cularem. qui non potest ex omnibus malis maiora bomoa elice
re. sicut est rex terrenus vel princeps. et similiter de talibus intel
ligende ster auctoritates praedicte. Deus autem est potestatis omnimo
de: et potest elicere maiora bona. ideo iuste permittit ma
la fieri in mundo: vt patebit statim. His concor. Fran.
di. x ¶ Secundo nota secundum Tho. in scrip. primi. di. xl vii.
art. ii in solutione quarti argu. quod prohibere debet quis
peccata. non nisi secundum conditionem libtatis arbitrii aliorum. Non
enim debet rex vel princeps ligare homines qui vellent fu
rari. ne scilicet furentur: quia iniustum esset ligare eos antequam
eccarent. sed per admonitionem debet prohibere: salua
libentate arbitrii illorum. Ita et deus saluata conditione.
humane libeatatis peccata prohibet suis legibus ¶ Tertio
nota secundum Bona. ea. di. xl vii. q. iii. similis et Rich. supra. ac
Guill. ea. di. xl vii. colligendo. quod mala a deo permitti
iusticia exigi ¶ primo ex ordie rerum vniuersi: qui exi¬
git pro sui perfectione: vt in mundo esset creatura aliqua arbi
trio libera: quae peccare posset de se et sue libeatati dimit
ti deberet: vt est angelus et homo. Ideo Aug. vii. dici ciui. dei
dicit. Sic res quas condidit deus administrat: vt eas pro¬
prios motus agere sinat. Nam vt est Dio. in fi. Ecci
hierar. dicit. Iustum est vt non hebeamus vitam coactam: sed li¬
pero vtamur arbitrio a deo nobis data etc. ¶ Secundo
mala permitti: iustum est ex decentia bonitatis dei quam
decet et iusticia exigit manifestari. tam quo ad mtienam in
percendo peccatori penitenti: quam quo ad iusticiam in punien
do impios: quam quo ad sapientiam. in eliciendo exim maiora
hoa ¶ Tertio mala permitti: iustum est ex parte electorum
christi. vt per mala tribulationum a deo permissa: a pecca
tis purgentur: et a futuris lapsibus praeseruentur. et et me
ritis patie gloriosiores reddantur. Non ei esset quis mar
tyr si nullus occideret illum. ¶ Proinde Aug. xi
de ciui. dei. et Anselmus. de lapsu mundi. vbi scilicet
¶ Querit quire deus permisit in mudo
plures esse malos quam bonos: Respondent quod ideo: quia si</Unicode>
            </TextEquiv>
        </TextRegion>
        <TextRegion orientation="0.0" id="TextRegion_1611333852512_3294" custom="readingOrder {index:1;}">
            <Coords points="1214,231 2061,231 2061,2815 1214,2815"/>
            <TextLine id="r3l3" custom="readingOrder {index:0;}">
                <Coords points="1236,408 2009,400 2008,336 1946,323 1236,338"/>
                <Baseline points="1241,392 1279,392 1317,390 1355,389 1393,389 1431,387 1469,387 1508,387 1546,386 1584,386 1622,386 1660,386 1698,386 1736,386 1775,386 1813,386 1851,386 1889,386 1927,387 1965,387 2004,387"/>
                <TextEquiv>
                    <Unicode>pauciores essent mali non essent ausi insurgere contra</Unicode>
                </TextEquiv>
            </TextLine>
            <TextLine id="r3l5" custom="readingOrder {index:1;}">
                <Coords points="1245,448 2005,439 2005,402 1929,394 1245,402"/>
                <Baseline points="1250,434 1287,432 1325,432 1362,432 1400,432 1437,431 1475,431 1512,431 1550,431 1587,429 1625,429 1662,429 1700,429 1737,429 1775,429 1812,429 1850,429 1887,429 1925,429 1962,429 2000,429"/>
                <TextEquiv>
                    <Unicode>nultos bonos exercendo illos ¶ Preterea Quar</Unicode>
                </TextEquiv>
            </TextLine>
            <TextLine id="r3l7" custom="readingOrder {index:2;}">
                <Coords points="1237,485 2009,480 2008,439 1979,435 1237,445"/>
                <Baseline points="1242,476 1280,476 1318,476 1356,475 1394,474 1432,474 1470,474 1508,474 1546,473 1584,473 1623,473 1661,471 1699,471 1737,471 1775,471 1813,471 1851,470 1889,470 1927,470 1965,471 2004,471"/>
                <TextEquiv>
                    <Unicode>to ex Ric. Mala permitti iustu e: ex parte humani de</Unicode>
                </TextEquiv>
            </TextLine>
            <TextLine id="r3l9" custom="readingOrder {index:3;}">
                <Coords points="1234,531 1961,528 2002,519 2002,478 1233,485"/>
                <Baseline points="1238,518 1277,518 1317,516 1357,516 1397,516 1437,516 1477,515 1517,515 1557,515 1597,515 1637,515 1677,513 1717,513 1757,513 1797,513 1837,513 1877,513 1917,513 1957,512 1997,512"/>
                <TextEquiv>
                    <Unicode>meriti: quia exigentia demeritorum exigit iusto iudicon:</Unicode>
                </TextEquiv>
            </TextLine>
            <TextLine id="r3l11" custom="readingOrder {index:4;}">
                <Coords points="1240,571 1571,557 1689,589 1988,586 2015,581 2015,519 1240,536"/>
                <Baseline points="1245,561 1283,561 1321,561 1359,560 1398,559 1436,558 1474,558 1512,558 1551,557 1589,557 1627,557 1665,557 1704,557 1742,557 1780,557 1818,557 1857,557 1895,557 1933,558 1971,558 2010,558"/>
                <TextEquiv>
                    <Unicode>vt homo propter peccatum permittatur ruere in aliud pec</Unicode>
                </TextEquiv>
            </TextLine>
            <TextLine id="r3l13" custom="readingOrder {index:5;}">
                <Coords points="1242,615 1368,622 1386,606 1419,605 1481,625 1496,611 1566,625 1603,608 1633,622 1642,569 1591,573 1569,557 1551,572 1521,562 1405,577 1323,577 1302,563 1241,573"/>
                <Baseline points="1247,603 1273,603 1299,603 1325,602 1351,602 1377,602 1403,602 1429,602 1455,601 1481,600 1507,600 1533,600 1559,600 1585,600 1611,600 1637,600"/>
                <TextEquiv>
                    <Unicode>catum: vt patuit. supra. § sexto.</Unicode>
                </TextEquiv>
            </TextLine>
            <TextLine id="r3l16" custom="readingOrder {index:6;}">
                <Coords points="1233,695 2007,700 2006,639 1971,628 1427,648 1232,622"/>
                <Baseline points="1238,687 1276,687 1314,688 1352,689 1390,689 1428,689 1466,689 1505,687 1543,687 1581,687 1619,687 1657,686 1695,686 1733,686 1772,686 1810,685 1848,684 1886,686 1924,686 1962,686 2001,687"/>
                <TextEquiv>
                    <Unicode>¶ Utrum mala fieri sit verum. Respondetur</Unicode>
                </TextEquiv>
            </TextLine>
            <TextLine id="r3l18" custom="readingOrder {index:7;}">
                <Coords points="1242,741 2017,738 2016,702 1881,687 1845,707 1242,696"/>
                <Baseline points="1247,734 1285,734 1323,734 1361,734 1400,732 1438,732 1476,732 1514,732 1553,731 1591,731 1629,730 1667,729 1706,729 1744,729 1782,729 1820,729 1859,729 1897,729 1935,729 1973,731 2012,731"/>
                <TextEquiv>
                    <Unicode>secundum Bona. e. di. xl vi. q. iiii. breviter. quod si loquimur</Unicode>
                </TextEquiv>
            </TextLine>
            <TextLine id="r3l19" custom="readingOrder {index:8;}">
                <Coords points="1243,782 2024,780 2024,745 1915,733 1243,742"/>
                <Baseline points="1248,777 1286,776 1325,776 1363,774 1402,774 1440,773 1479,773 1517,771 1556,771 1594,771 1633,771 1672,770 1710,770 1749,770 1787,770 1826,771 1864,771 1903,771 1941,772 1980,773 2019,774"/>
                <TextEquiv>
                    <Unicode>de veritate signi: concedendum est. quod mala fieri est verum.</Unicode>
                </TextEquiv>
            </TextLine>
            <TextLine id="r3l21" custom="readingOrder {index:9;}">
                <Coords points="1242,824 2014,827 2027,777 1241,796"/>
                <Baseline points="1247,818 1285,818 1324,818 1363,816 1402,816 1440,816 1479,816 1518,815 1557,815 1595,815 1634,815 1673,813 1712,813 1750,813 1789,813 1828,813 1867,813 1905,813 1944,813 1983,813 2022,813"/>
                <TextEquiv>
                    <Unicode>quia vere intelligitur. et enunciatur. et ab ipso deo qui est</Unicode>
                </TextEquiv>
            </TextLine>
            <TextLine id="r3l23" custom="readingOrder {index:10;}">
                <Coords points="1251,865 2020,861 2019,826 1973,818 1251,839"/>
                <Baseline points="1256,860 1295,858 1335,858 1375,858 1415,858 1455,858 1495,857 1535,857 1575,857 1615,857 1655,857 1695,855 1735,855 1775,855 1815,855 1855,855 1895,855 1935,855 1975,855 2015,855"/>
                <TextEquiv>
                    <Unicode>umma veritas enunciatur in scriptura. quod mala fiunt</Unicode>
                </TextEquiv>
            </TextLine>
            <TextLine id="r3l25" custom="readingOrder {index:11;}">
                <Coords points="1254,912 2027,908 2020,861 1254,866"/>
                <Baseline points="1259,902 1297,900 1335,900 1373,900 1411,900 1449,900 1487,900 1525,899 1563,899 1601,899 1640,899 1678,899 1716,899 1754,899 1792,899 1830,899 1868,899 1906,899 1944,899 1982,899 2021,899"/>
                <TextEquiv>
                    <Unicode>in terris realiter. et hoc est verum. quia dicente philosopho. lib. Peri</Unicode>
                </TextEquiv>
            </TextLine>
            <TextLine id="r3l27" custom="readingOrder {index:12;}">
                <Coords points="1242,959 1999,948 2024,945 2024,909 1242,910"/>
                <Baseline points="1247,944 1285,944 1324,943 1362,942 1401,942 1440,942 1478,941 1517,941 1555,941 1594,941 1633,939 1671,939 1710,939 1748,939 1787,939 1826,939 1864,939 1903,939 1941,939 1980,941 2019,941"/>
                <TextEquiv>
                    <Unicode>her. Ab eo quod res est vel non est: ono dicitur vera vel fla etc.</Unicode>
                </TextEquiv>
            </TextLine>
            <TextLine id="r3l29" custom="readingOrder {index:13;}">
                <Coords points="1254,994 2019,989 2018,945 1968,941 1892,960 1254,954"/>
                <Baseline points="1259,983 1296,984 1334,984 1372,984 1409,984 1447,984 1485,984 1522,983 1560,983 1598,983 1636,983 1673,983 1711,983 1749,983 1786,981 1824,981 1862,981 1899,981 1937,981 1975,981 2013,981"/>
                <TextEquiv>
                    <Unicode>Sed si loquimur de vero rei: sic verum et ens et bonum</Unicode>
                </TextEquiv>
            </TextLine>
            <TextLine id="r3l31" custom="readingOrder {index:14;}">
                <Coords points="1260,1035 1880,1022 1985,1040 2024,1036 2024,988 1259,995"/>
                <Baseline points="1265,1026 1302,1026 1340,1026 1378,1026 1415,1026 1453,1026 1491,1026 1528,1026 1566,1025 1604,1025 1642,1025 1679,1025 1717,1025 1755,1025 1792,1025 1830,1025 1868,1025 1905,1025 1943,1025 1981,1025 2019,1026"/>
                <TextEquiv>
                    <Unicode>buertuntur. vi. Metap. Sed quia malum sub ratione qua</Unicode>
                </TextEquiv>
            </TextLine>
            <TextLine id="r3l33" custom="readingOrder {index:15;}">
                <Coords points="1248,1078 1996,1080 2030,1072 2030,1037 1248,1044"/>
                <Baseline points="1253,1070 1291,1068 1330,1068 1368,1068 1407,1068 1446,1067 1484,1067 1523,1067 1561,1067 1600,1067 1639,1067 1677,1067 1716,1067 1754,1067 1793,1067 1832,1067 1870,1067 1909,1067 1947,1067 1986,1068 2025,1068"/>
                <TextEquiv>
                    <Unicode>malum: non est verum. quia non est bonum fieri. ergo nec verum</Unicode>
                </TextEquiv>
            </TextLine>
            <TextLine id="r3l35" custom="readingOrder {index:16;}">
                <Coords points="1293,1124 1966,1125 2029,1113 2029,1073 1293,1081"/>
                <Baseline points="1298,1112 1334,1110 1370,1110 1406,1110 1443,1110 1479,1109 1515,1109 1552,1109 1588,1109 1624,1109 1661,1109 1697,1109 1733,1109 1769,1109 1806,1109 1842,1109 1878,1109 1915,1109 1951,1109 1987,1109 2024,1109"/>
                <TextEquiv>
                    <Unicode>Unde si arguatur sic. Bonum et verum conuertuntur. ergo omne</Unicode>
                </TextEquiv>
            </TextLine>
            <TextLine id="r3l37" custom="readingOrder {index:17;}">
                <Coords points="1258,1162 1944,1168 2033,1153 2033,1112 1437,1132 1258,1113"/>
                <Baseline points="1263,1155 1301,1154 1339,1154 1377,1154 1416,1153 1454,1152 1492,1152 1530,1152 1569,1151 1607,1151 1645,1151 1683,1151 1722,1151 1760,1151 1798,1151 1836,1151 1875,1151 1913,1151 1951,1151 1989,1151 2028,1151"/>
                <TextEquiv>
                    <Unicode>verum est bonum. Concedo. sed istum furari est verum. ergo istum</Unicode>
                </TextEquiv>
            </TextLine>
            <TextLine id="r3l39" custom="readingOrder {index:18;}">
                <Coords points="1249,1210 1989,1210 2021,1202 2021,1157 1249,1160"/>
                <Baseline points="1254,1197 1292,1196 1330,1196 1368,1196 1406,1196 1444,1195 1482,1194 1520,1194 1558,1194 1596,1194 1635,1194 1673,1194 1711,1193 1749,1193 1787,1193 1825,1193 1863,1193 1901,1193 1939,1193 1977,1194 2016,1194"/>
                <TextEquiv>
                    <Unicode>furari est bonum. Talem instantiam fac magister. dist. iiii. supra.</Unicode>
                </TextEquiv>
            </TextLine>
            <TextLine id="r3l41" custom="readingOrder {index:19;}">
                <Coords points="1248,1244 2030,1241 2029,1204 2001,1201 1248,1212"/>
                <Baseline points="1253,1239 1291,1239 1330,1239 1368,1238 1407,1238 1446,1238 1484,1236 1523,1236 1561,1236 1600,1236 1639,1236 1677,1236 1716,1235 1754,1235 1793,1235 1832,1235 1870,1235 1909,1235 1947,1235 1986,1235 2025,1236"/>
                <TextEquiv>
                    <Unicode>in littera. Dicendum secundum. e. Bona. quod non valet consequentia. quia</Unicode>
                </TextEquiv>
            </TextLine>
            <TextLine id="r3l43" custom="readingOrder {index:20;}">
                <Coords points="1251,1288 2024,1285 2035,1238 1251,1246"/>
                <Baseline points="1256,1281 1294,1280 1333,1280 1372,1278 1410,1278 1449,1278 1488,1277 1526,1277 1565,1277 1604,1277 1643,1277 1681,1277 1720,1277 1759,1277 1797,1277 1836,1277 1875,1277 1913,1277 1952,1277 1991,1277 2030,1277"/>
                <TextEquiv>
                    <Unicode>est fallacia accidentis: quoniam ibi fit variatio in vero si¬</Unicode>
                </TextEquiv>
            </TextLine>
            <TextLine id="r3l45" custom="readingOrder {index:21;}">
                <Coords points="1248,1338 2015,1332 2033,1284 1248,1288"/>
                <Baseline points="1253,1326 1291,1325 1330,1324 1369,1322 1408,1321 1446,1320 1485,1320 1524,1320 1563,1320 1601,1320 1640,1320 1679,1320 1718,1320 1756,1320 1795,1320 1834,1320 1873,1320 1911,1320 1950,1320 1989,1320 2028,1320"/>
                <TextEquiv>
                    <Unicode>gni et vero rei. Similiter non valet sic arguere. Oen verum</Unicode>
                </TextEquiv>
            </TextLine>
            <TextLine id="r3l47" custom="readingOrder {index:22;}">
                <Coords points="1260,1374 2024,1367 2024,1340 1983,1326 1260,1340"/>
                <Baseline points="1265,1367 1302,1365 1340,1365 1378,1364 1415,1364 1453,1364 1491,1362 1528,1362 1566,1362 1604,1362 1642,1362 1679,1362 1717,1362 1755,1362 1792,1362 1830,1362 1868,1362 1905,1364 1943,1364 1981,1364 2019,1364"/>
                <TextEquiv>
                    <Unicode>est a deo. Istum peccare est verum. ergo istum peccare est a deo.</Unicode>
                </TextEquiv>
            </TextLine>
            <TextLine id="r3l49" custom="readingOrder {index:23;}">
                <Coords points="1266,1432 2027,1414 2027,1368 1266,1373"/>
                <Baseline points="1271,1409 1308,1407 1346,1407 1383,1407 1421,1407 1458,1406 1496,1406 1533,1406 1571,1406 1608,1406 1646,1406 1684,1406 1721,1406 1759,1406 1796,1406 1834,1406 1871,1406 1909,1406 1946,1406 1984,1406 2022,1406"/>
                <TextEquiv>
                    <Unicode>Est enim fallacia accidentis: vt dictum est. Hec ex Bon.</Unicode>
                </TextEquiv>
            </TextLine>
            <TextLine id="r3l51" custom="readingOrder {index:24;}">
                <Coords points="1248,1498 1358,1478 2020,1483 2020,1420 1739,1440 1707,1418 1576,1416 1355,1442 1248,1416"/>
                <Baseline points="1253,1472 1291,1473 1329,1473 1367,1475 1405,1475 1443,1475 1481,1475 1519,1475 1557,1475 1595,1475 1634,1473 1672,1473 1710,1473 1748,1473 1786,1473 1824,1473 1862,1473 1900,1473 1938,1475 1976,1476 2015,1478"/>
                <TextEquiv>
                    <Unicode>¶ Utrum mala fieri sit bonum. Cum enim</Unicode>
                </TextEquiv>
            </TextLine>
            <TextLine id="r3l53" custom="readingOrder {index:25;}">
                <Coords points="1267,1530 1782,1518 1973,1537 2030,1525 2030,1481 1267,1484"/>
                <Baseline points="1272,1521 1309,1521 1347,1521 1384,1520 1422,1520 1460,1520 1497,1518 1535,1518 1573,1518 1610,1518 1648,1517 1686,1517 1723,1517 1761,1517 1799,1517 1836,1517 1874,1517 1912,1517 1949,1517 1987,1518 2025,1518"/>
                <TextEquiv>
                    <Unicode>non sit verum reale: quomodo potst esse bonum: Ad hoc dicendum</Unicode>
                </TextEquiv>
            </TextLine>
            <TextLine id="r3l55" custom="readingOrder {index:26;}">
                <Coords points="1260,1571 2036,1572 2036,1529 2003,1523 1260,1529"/>
                <Baseline points="1265,1565 1303,1563 1341,1563 1379,1563 1418,1562 1456,1562 1494,1560 1533,1560 1571,1560 1609,1559 1648,1559 1686,1559 1724,1559 1762,1559 1801,1559 1839,1559 1877,1559 1916,1560 1954,1560 1992,1562 2031,1563"/>
                <TextEquiv>
                    <Unicode>secundum Rich. e. dis. xl vi i. libri. Prenotando quod malum</Unicode>
                </TextEquiv>
            </TextLine>
            <TextLine id="r3l57" custom="readingOrder {index:27;}">
                <Coords points="1257,1612 2039,1611 2039,1573 1993,1565 1257,1572"/>
                <Baseline points="1262,1605 1300,1605 1339,1605 1377,1604 1416,1604 1455,1603 1493,1602 1532,1602 1570,1602 1609,1602 1648,1601 1686,1601 1725,1601 1763,1601 1802,1601 1841,1602 1879,1602 1918,1602 1956,1602 1995,1602 2034,1604"/>
                <TextEquiv>
                    <Unicode>sub ratione qua malum: non est aliqua res positiua. quia est defor</Unicode>
                </TextEquiv>
            </TextLine>
            <TextLine id="r3l59" custom="readingOrder {index:28;}">
                <Coords points="1257,1654 1990,1663 2032,1652 2032,1611 1257,1613"/>
                <Baseline points="1262,1647 1300,1647 1338,1646 1376,1646 1415,1646 1453,1646 1491,1644 1529,1644 1568,1644 1606,1644 1644,1644 1682,1643 1721,1643 1759,1643 1797,1644 1835,1644 1874,1644 1912,1644 1950,1646 1988,1646 2027,1647"/>
                <TextEquiv>
                    <Unicode>mitas et carentia boni debiti. Io Aug. xi. de ciui.</Unicode>
                </TextEquiv>
            </TextLine>
            <TextLine id="r3l61" custom="readingOrder {index:29;}">
                <Coords points="1269,1697 2030,1701 2029,1658 1931,1645 1269,1658"/>
                <Baseline points="1274,1689 1311,1688 1349,1688 1386,1688 1424,1688 1461,1686 1499,1686 1536,1686 1574,1685 1611,1685 1649,1685 1687,1685 1724,1685 1762,1685 1799,1685 1837,1685 1874,1685 1912,1686 1949,1686 1987,1688 2025,1689"/>
                <TextEquiv>
                    <Unicode>dei. c. x. dicit. Mali nulla natura est: sed amissio bo¬</Unicode>
                </TextEquiv>
            </TextLine>
            <TextLine id="r3l63" custom="readingOrder {index:30;}">
                <Coords points="1260,1744 2033,1739 2033,1703 1963,1686 1260,1696"/>
                <Baseline points="1265,1733 1303,1731 1341,1731 1379,1731 1417,1730 1455,1730 1493,1730 1532,1728 1570,1728 1608,1728 1646,1728 1684,1728 1722,1728 1760,1728 1799,1728 1837,1728 1875,1728 1913,1728 1951,1730 1989,1731 2028,1731"/>
                <TextEquiv>
                    <Unicode>ni: mali nomen accepit. Unde malum inquantum malum</Unicode>
                </TextEquiv>
            </TextLine>
            <TextLine id="r3l65" custom="readingOrder {index:31;}">
                <Coords points="1266,1781 2013,1787 2027,1743 1266,1746"/>
                <Baseline points="1271,1773 1308,1773 1346,1772 1383,1772 1421,1772 1458,1772 1496,1772 1533,1770 1571,1770 1608,1770 1646,1770 1684,1770 1721,1770 1759,1770 1796,1770 1834,1770 1871,1770 1909,1770 1946,1770 1984,1772 2022,1772"/>
                <TextEquiv>
                    <Unicode>non hbet causam efficientem per se: sed tantum per accisus scilicet ratione</Unicode>
                </TextEquiv>
            </TextLine>
            <TextLine id="r3l67" custom="readingOrder {index:32;}">
                <Coords points="1263,1812 2036,1820 2036,1780 1263,1783"/>
                <Baseline points="1268,1815 1306,1815 1344,1814 1382,1814 1420,1814 1458,1814 1496,1812 1535,1812 1573,1812 1611,1812 1649,1811 1687,1811 1725,1811 1763,1811 1802,1811 1840,1811 1878,1812 1916,1812 1954,1814 1992,1815 2031,1815"/>
                <TextEquiv>
                    <Unicode>substrati actus vel essentie. Causa eius est mala vo¬</Unicode>
                </TextEquiv>
            </TextLine>
            <TextLine id="r3l69" custom="readingOrder {index:33;}">
                <Coords points="1261,1864 2036,1863 2036,1822 1261,1822"/>
                <Baseline points="1266,1857 1304,1857 1342,1857 1380,1856 1419,1856 1457,1856 1495,1856 1533,1854 1572,1854 1610,1854 1648,1854 1686,1854 1725,1854 1763,1854 1801,1854 1839,1854 1878,1854 1916,1854 1954,1856 1992,1856 2031,1857"/>
                <TextEquiv>
                    <Unicode>luntas. de qua Aug. xii. de ciui. dici dicit. c. vi. Male vo¬</Unicode>
                </TextEquiv>
            </TextLine>
            <TextLine id="r3l71" custom="readingOrder {index:34;}">
                <Coords points="1257,1910 2036,1906 2036,1864 2011,1858 1257,1864"/>
                <Baseline points="1262,1901 1300,1901 1338,1899 1377,1899 1415,1898 1454,1898 1492,1897 1531,1896 1569,1896 1608,1896 1646,1896 1684,1896 1723,1896 1761,1896 1800,1897 1838,1898 1877,1898 1915,1898 1954,1898 1992,1899 2031,1899"/>
                <TextEquiv>
                    <Unicode>luntatis causa efficiens: si quaeratur nil inuenitur. Unde peccatum</Unicode>
                </TextEquiv>
            </TextLine>
            <TextLine id="r3l73" custom="readingOrder {index:35;}">
                <Coords points="1260,1950 1948,1958 2027,1947 2027,1905 1260,1918"/>
                <Baseline points="1265,1943 1302,1943 1340,1941 1378,1941 1416,1940 1454,1940 1492,1940 1529,1938 1567,1938 1605,1938 1643,1938 1681,1938 1719,1938 1757,1938 1794,1938 1832,1938 1870,1939 1908,1940 1946,1940 1984,1941 2022,1941"/>
                <TextEquiv>
                    <Unicode>est a peccante. non effectiue sed defectiue: quia peccatum non</Unicode>
                </TextEquiv>
            </TextLine>
            <TextLine id="r3l75" custom="readingOrder {index:36;}">
                <Coords points="1260,1997 2036,1988 2011,1942 1260,1949"/>
                <Baseline points="1265,1986 1303,1985 1341,1983 1379,1983 1418,1983 1456,1982 1494,1982 1533,1982 1571,1980 1609,1980 1648,1980 1686,1980 1724,1980 1762,1980 1801,1980 1839,1981 1877,1982 1916,1982 1954,1983 1992,1983 2031,1985"/>
                <TextEquiv>
                    <Unicode>hent causam efficientem sed deficientem. ergo malum est privatiuum.</Unicode>
                </TextEquiv>
            </TextLine>
            <TextLine id="r3l77" custom="readingOrder {index:37;}">
                <Coords points="1269,2039 1968,2040 2036,2030 2036,1988 1269,1993"/>
                <Baseline points="1274,2025 1311,2025 1349,2025 1387,2025 1425,2024 1463,2024 1501,2024 1538,2022 1576,2022 1614,2022 1652,2022 1690,2021 1728,2021 1766,2021 1803,2021 1841,2022 1879,2022 1917,2022 1955,2024 1993,2024 2031,2025"/>
                <TextEquiv>
                    <Unicode>Priuatio autem non est res: sed tantum ens rationis. inquantum</Unicode>
                </TextEquiv>
            </TextLine>
            <TextLine id="r3l79" custom="readingOrder {index:38;}">
                <Coords points="1263,2078 1984,2081 2042,2069 2042,2026 1263,2038"/>
                <Baseline points="1268,2067 1306,2067 1344,2067 1383,2067 1421,2067 1460,2067 1498,2067 1537,2066 1575,2066 1614,2066 1652,2066 1690,2064 1729,2064 1767,2064 1806,2064 1844,2064 1883,2064 1921,2064 1960,2066 1998,2066 2037,2067"/>
                <TextEquiv>
                    <Unicode>est in intellectu. et per consequens: malum non est verum reale. sicut</Unicode>
                </TextEquiv>
            </TextLine>
            <TextLine id="r3l81" custom="readingOrder {index:39;}">
                <Coords points="1269,2115 2026,2120 2026,2082 1917,2066 1269,2083"/>
                <Baseline points="1274,2109 1311,2109 1348,2109 1386,2108 1423,2108 1460,2108 1498,2108 1535,2108 1572,2108 1610,2108 1647,2108 1684,2108 1722,2108 1759,2108 1796,2108 1834,2108 1871,2108 1908,2108 1946,2108 1983,2109 2021,2109"/>
                <TextEquiv>
                    <Unicode>nec ens simpliciter nec bonum etc. ¶ Ad quaesitum ergo dicen¬</Unicode>
                </TextEquiv>
            </TextLine>
            <TextLine id="r3l83" custom="readingOrder {index:40;}">
                <Coords points="1267,2161 2042,2163 2042,2121 1978,2112 1267,2116"/>
                <Baseline points="1272,2150 1310,2150 1348,2150 1386,2150 1425,2150 1463,2150 1501,2150 1539,2150 1578,2150 1616,2148 1654,2148 1692,2148 1731,2148 1769,2148 1807,2148 1845,2148 1884,2148 1922,2149 1960,2150 1998,2151 2037,2151"/>
                <TextEquiv>
                    <Unicode>dum secundum. e. Rich. supra. q. vi. quod mala fieri: esse bonum in </Unicode>
                </TextEquiv>
            </TextLine>
            <TextLine id="r3l85" custom="readingOrder {index:41;}">
                <Coords points="1270,2200 2036,2200 2035,2164 2008,2158 1270,2160"/>
                <Baseline points="1275,2192 1312,2193 1350,2192 1388,2192 1426,2192 1464,2192 1501,2192 1539,2192 1577,2190 1615,2190 1653,2190 1690,2190 1728,2189 1766,2189 1804,2189 1842,2189 1879,2189 1917,2190 1955,2190 1993,2191 2031,2192"/>
                <TextEquiv>
                    <Unicode>telligitur dupliciter. Uno modo simpliciter. et sic malum vt ma</Unicode>
                </TextEquiv>
            </TextLine>
            <TextLine id="r3l87" custom="readingOrder {index:42;}">
                <Coords points="1263,2250 2044,2247 2044,2196 1262,2200"/>
                <Baseline points="1268,2235 1306,2235 1345,2235 1383,2234 1422,2234 1460,2234 1499,2234 1537,2234 1576,2232 1614,2232 1653,2232 1692,2232 1730,2232 1769,2232 1807,2232 1846,2232 1884,2232 1923,2232 1961,2234 2000,2234 2039,2235"/>
                <TextEquiv>
                    <Unicode>lum fieri non est bonum simpliciter. quia secundum Aug. xii. de ci¬</Unicode>
                </TextEquiv>
            </TextLine>
            <TextLine id="r3l89" custom="readingOrder {index:43;}">
                <Coords points="1260,2282 1999,2290 2036,2284 2036,2244 1260,2249"/>
                <Baseline points="1265,2276 1303,2276 1341,2276 1379,2276 1418,2276 1456,2276 1494,2276 1533,2276 1571,2276 1609,2274 1648,2274 1686,2274 1724,2274 1762,2274 1801,2274 1839,2274 1877,2274 1916,2274 1954,2274 1992,2276 2031,2276"/>
                <TextEquiv>
                    <Unicode>ui. dei. c. vii. Malum fieri inquantum malum: est incipere</Unicode>
                </TextEquiv>
            </TextLine>
            <TextLine id="r3l91" custom="readingOrder {index:44;}">
                <Coords points="1260,2332 2030,2330 2030,2288 1969,2279 1260,2285"/>
                <Baseline points="1265,2319 1303,2318 1341,2318 1379,2316 1417,2316 1455,2316 1493,2316 1531,2315 1569,2315 1607,2315 1645,2315 1683,2315 1721,2315 1759,2315 1797,2316 1835,2316 1873,2316 1911,2316 1949,2316 1987,2316 2025,2318"/>
                <TextEquiv>
                    <Unicode>habere malam voluntatem. et sic est auerti et deficere a sum¬</Unicode>
                </TextEquiv>
            </TextLine>
            <TextLine id="r3l93" custom="readingOrder {index:45;}">
                <Coords points="1266,2368 1944,2377 2032,2364 2032,2329 1266,2334"/>
                <Baseline points="1271,2360 1308,2360 1346,2358 1384,2358 1422,2358 1460,2358 1497,2358 1535,2357 1573,2357 1611,2357 1649,2357 1686,2357 1724,2357 1762,2357 1800,2357 1838,2358 1875,2358 1913,2358 1951,2358 1989,2359 2027,2360"/>
                <TextEquiv>
                    <Unicode>mo bono scilicet deo. ergo non est bonum. Alio modo malum</Unicode>
                </TextEquiv>
            </TextLine>
            <TextLine id="r3l95" custom="readingOrder {index:46;}">
                <Coords points="1269,2412 1975,2417 2033,2410 2033,2364 1269,2366"/>
                <Baseline points="1274,2402 1311,2402 1349,2402 1387,2400 1424,2400 1462,2400 1500,2400 1537,2399 1575,2399 1613,2399 1651,2399 1688,2399 1726,2400 1764,2400 1801,2400 1839,2400 1877,2400 1914,2401 1952,2402 1990,2402 2028,2402"/>
                <TextEquiv>
                    <Unicode>fieri: esse bonum intelligitur. non simpliciter sed alicui. et hoc</Unicode>
                </TextEquiv>
            </TextLine>
            <TextLine id="r3l97" custom="readingOrder {index:47;}">
                <Coords points="1261,2450 2003,2455 2038,2452 2038,2408 1261,2412"/>
                <Baseline points="1266,2445 1304,2445 1342,2444 1381,2444 1419,2443 1457,2442 1496,2442 1534,2442 1572,2442 1611,2442 1649,2441 1687,2441 1726,2441 1764,2441 1802,2442 1841,2442 1879,2442 1917,2442 1956,2443 1994,2444 2033,2444"/>
                <TextEquiv>
                    <Unicode>dupliciter. scilicet aut per se. et sic est flunum: quia fieri mala nulli</Unicode>
                </TextEquiv>
            </TextLine>
            <TextLine id="r3l99" custom="readingOrder {index:48;}">
                <Coords points="1267,2498 2041,2493 2041,2452 1267,2451"/>
                <Baseline points="1272,2487 1310,2487 1348,2486 1386,2486 1424,2486 1463,2486 1501,2484 1539,2484 1577,2484 1615,2484 1654,2484 1692,2484 1730,2484 1768,2484 1806,2484 1845,2484 1883,2484 1921,2485 1959,2486 1997,2486 2036,2486"/>
                <TextEquiv>
                    <Unicode>est bonum per se: imo nocet. Aut per accisens. et sic est verum.</Unicode>
                </TextEquiv>
            </TextLine>
            <TextLine id="r3l101" custom="readingOrder {index:49;}">
                <Coords points="1263,2534 2035,2542 2035,2495 2006,2488 1263,2498"/>
                <Baseline points="1268,2531 1306,2529 1344,2528 1382,2527 1420,2526 1458,2526 1496,2525 1534,2525 1572,2525 1610,2525 1649,2526 1687,2526 1725,2526 1763,2526 1801,2526 1839,2528 1877,2528 1915,2528 1953,2528 1991,2528 2030,2528"/>
                <TextEquiv>
                    <Unicode>quia malum fieri potest esse bonum alicui per accisens. ut. scilice</Unicode>
                </TextEquiv>
            </TextLine>
            <TextLine id="r3l103" custom="readingOrder {index:50;}">
                <Coords points="1266,2582 2042,2585 2042,2540 1949,2531 1266,2535"/>
                <Baseline points="1271,2571 1309,2571 1347,2570 1385,2570 1424,2570 1462,2570 1500,2570 1539,2570 1577,2570 1615,2570 1654,2570 1692,2570 1730,2570 1768,2571 1807,2571 1845,2571 1883,2571 1922,2571 1960,2571 1998,2571 2037,2571"/>
                <TextEquiv>
                    <Unicode>humilior fiat et fortior resurgat: vt patet de Petro</Unicode>
                </TextEquiv>
            </TextLine>
            <TextLine id="r3l106" custom="readingOrder {index:51;}">
                <Coords points="1266,2632 1309,2627 1324,2618 1466,2619 1477,2615 1477,2577 1464,2574 1436,2584 1416,2573 1401,2583 1384,2575 1359,2582 1348,2574 1327,2586 1286,2588 1266,2582"/>
                <Baseline points="1271,2615 1296,2613 1321,2612 1346,2612 1371,2612 1396,2612 1421,2613 1446,2613 1472,2612"/>
                <TextEquiv>
                    <Unicode>apostolo etc.</Unicode>
                </TextEquiv>
            </TextLine>
            <TextLine id="r3l108" custom="readingOrder {index:52;}">
                <Coords points="1251,2681 2011,2683 2045,2668 2045,2625 1250,2634"/>
                <Baseline points="1256,2669 1295,2670 1334,2670 1373,2670 1412,2670 1452,2672 1491,2672 1530,2672 1569,2672 1608,2672 1648,2672 1687,2670 1726,2670 1765,2670 1804,2669 1844,2669 1883,2669 1922,2668 1961,2667 2000,2667 2040,2666"/>
                <TextEquiv>
                    <Unicode>¶ Sed quo peca mortalia et omnia ma¬</Unicode>
                </TextEquiv>
            </TextLine>
            <TextLine id="r3l110" custom="readingOrder {index:53;}">
                <Coords points="1266,2727 2041,2722 2041,2681 1266,2680"/>
                <Baseline points="1271,2717 1309,2715 1347,2715 1385,2714 1424,2714 1462,2714 1500,2714 1538,2712 1577,2712 1615,2712 1653,2712 1691,2713 1730,2714 1768,2714 1806,2714 1844,2714 1883,2715 1921,2715 1959,2715 1997,2717 2036,2717"/>
                <TextEquiv>
                    <Unicode>la cooperantur in bonum electis; Respondetur secundum Bon. et Ri¬</Unicode>
                </TextEquiv>
            </TextLine>
            <TextLine id="r3l112" custom="readingOrder {index:54;}">
                <Coords points="1276,2771 2066,2776 2067,2718 1276,2722"/>
                <Baseline points="1281,2756 1320,2756 1359,2757 1398,2757 1437,2757 1476,2757 1515,2757 1554,2757 1593,2756 1632,2756 1671,2756 1710,2756 1749,2756 1788,2756 1827,2756 1866,2756 1905,2757 1944,2757 1983,2759 2022,2759 2061,2760"/>
                <TextEquiv>
                    <Unicode>char. supra. quod sicut ait apostolus. Rho. viii. Diligentibus de¬</Unicode>
                </TextEquiv>
            </TextLine>
            <TextLine id="r3l114" custom="readingOrder {index:55;}">
                <Coords points="1266,2822 1482,2806 1633,2830 1704,2808 2012,2829 2050,2812 2050,2767 1266,2771"/>
                <Baseline points="1271,2804 1309,2802 1348,2802 1387,2802 1425,2802 1464,2802 1503,2802 1541,2802 1580,2802 1619,2802 1658,2802 1696,2802 1735,2802 1774,2802 1812,2804 1851,2804 1890,2804 1928,2802 1967,2802 2006,2802 2045,2801"/>
                <TextEquiv>
                    <Unicode>um omnia cooperantur in bonum. Ubi glo. dicit quod etiam</Unicode>
                </TextEquiv>
            </TextLine>
            <TextEquiv>
                <Unicode>pauciores essent mali non essent ausi insurgere contra
nultos bonos exercendo illos ¶ Preterea Quar
to ex Ric. Mala permitti iustu e: ex parte humani de
meriti: quia exigentia demeritorum exigit iusto iudicon:
vt homo propter peccatum permittatur ruere in aliud pec
catum: vt patuit. supra. § sexto.
¶ Utrum mala fieri sit verum. Respondetur
secundum Bona. e. di. xl vi. q. iiii. breviter. quod si loquimur
de veritate signi: concedendum est. quod mala fieri est verum.
quia vere intelligitur. et enunciatur. et ab ipso deo qui est
umma veritas enunciatur in scriptura. quod mala fiunt
in terris realiter. et hoc est verum. quia dicente philosopho. lib. Peri
her. Ab eo quod res est vel non est: ono dicitur vera vel fla etc.
Sed si loquimur de vero rei: sic verum et ens et bonum
buertuntur. vi. Metap. Sed quia malum sub ratione qua
malum: non est verum. quia non est bonum fieri. ergo nec verum
Unde si arguatur sic. Bonum et verum conuertuntur. ergo omne
verum est bonum. Concedo. sed istum furari est verum. ergo istum
furari est bonum. Talem instantiam fac magister. dist. iiii. supra.
in littera. Dicendum secundum. e. Bona. quod non valet consequentia. quia
est fallacia accidentis: quoniam ibi fit variatio in vero si¬
gni et vero rei. Similiter non valet sic arguere. Oen verum
est a deo. Istum peccare est verum. ergo istum peccare est a deo.
Est enim fallacia accidentis: vt dictum est. Hec ex Bon.
¶ Utrum mala fieri sit bonum. Cum enim
non sit verum reale: quomodo potst esse bonum: Ad hoc dicendum
secundum Rich. e. dis. xl vi i. libri. Prenotando quod malum
sub ratione qua malum: non est aliqua res positiua. quia est defor
mitas et carentia boni debiti. Io Aug. xi. de ciui.
dei. c. x. dicit. Mali nulla natura est: sed amissio bo¬
ni: mali nomen accepit. Unde malum inquantum malum
non hbet causam efficientem per se: sed tantum per accisus scilicet ratione
substrati actus vel essentie. Causa eius est mala vo¬
luntas. de qua Aug. xii. de ciui. dici dicit. c. vi. Male vo¬
luntatis causa efficiens: si quaeratur nil inuenitur. Unde peccatum
est a peccante. non effectiue sed defectiue: quia peccatum non
hent causam efficientem sed deficientem. ergo malum est privatiuum.
Priuatio autem non est res: sed tantum ens rationis. inquantum
est in intellectu. et per consequens: malum non est verum reale. sicut
nec ens simpliciter nec bonum etc. ¶ Ad quaesitum ergo dicen¬
dum secundum. e. Rich. supra. q. vi. quod mala fieri: esse bonum in 
telligitur dupliciter. Uno modo simpliciter. et sic malum vt ma
lum fieri non est bonum simpliciter. quia secundum Aug. xii. de ci¬
ui. dei. c. vii. Malum fieri inquantum malum: est incipere
habere malam voluntatem. et sic est auerti et deficere a sum¬
mo bono scilicet deo. ergo non est bonum. Alio modo malum
fieri: esse bonum intelligitur. non simpliciter sed alicui. et hoc
dupliciter. scilicet aut per se. et sic est flunum: quia fieri mala nulli
est bonum per se: imo nocet. Aut per accisens. et sic est verum.
quia malum fieri potest esse bonum alicui per accisens. ut. scilice
humilior fiat et fortior resurgat: vt patet de Petro
apostolo etc.
¶ Sed quo peca mortalia et omnia ma¬
la cooperantur in bonum electis; Respondetur secundum Bon. et Ri¬
char. supra. quod sicut ait apostolus. Rho. viii. Diligentibus de¬
um omnia cooperantur in bonum. Ubi glo. dicit quod etiam</Unicode>
            </TextEquiv>
        </TextRegion>
    </Page>
</PcGts>
