2233 3288
389 321 1167 410 non turbat ordinem vniuersi vt probat idem Guil.
407 382 1159 451 quia expresse Aug. xi. de ciui. dei dicit inter alia exem¬
405 423 1168 489 pla quod ita se videtur habere malum ad vniuersum sicut
395 468 1165 528 somnus ad vigiliam. Somnus ei est privatio vigilie. con
395 509 1174 571 fert tantum ad sanitatem animalis. nam vt philosophus primo de som.
411 554 1168 611 et vi. dicit Animal nequit diu durare sine somno. sic in propo
408 589 1181 660 sito malum est privatio boni tamen confert mundo. Etem si
402 635 1169 695 nullum peccatum foret multae perfectiones deessent vniuer
408 674 1183 737 so scilicet merita passionis et mortis christi. Et martyrii vi
396 728 1174 779 ctoria ac corona. Et poenitentie praemia et huiusmodi. Ad hec
407 768 721 837 ubi Potentia. §. lxix.
407 802 1170 890 ¶ Quomodo autem possit deus velle bonum
413 864 1180 929 quod ex malo elicitur et non ipsum malum: Uide vbi agetur
411 906 1183 974 de Permissione. § vi.  ¶ Item de malo plura. vbi Pre
406 949 1018 1031 ceptum et vbi Uolutas. Item etiam lib. ii.
380 1042 1173 1115 ¶ An ergo vniuersum si foret sine
423 1091 1183 1151 omni malo esset melius et pulcrius ordinatum. permanendo in
413 1135 1186 1196 statu innocentie quam sit modo cum videlicet pro nunc tot
417 1177 1180 1239 et tanta fiunt mala in vniuerso: Respondetur secundum Guil. Cum
420 1223 1189 1280 Bona. vbi. supra. q. ultimo. quod quo ad ordinem accidenta¬
416 1260 1180 1320 lem vel perfectionem: status praesens videtur excedere statum
407 1310 1192 1361 innocentie. Sed quo ad innocentiam: status inno¬
417 1346 1189 1407 centie excedit praesentem statum ita quod se habent sicut exce¬
422 1395 1187 1449 dentia et excessa. Unde se habent sicut due facies in qua
401 1433 1188 1489 rum vna nulla est macula. In alia autem est cicatrix
417 1478 1189 1532 bene sita que videtur faciem venustare sicut dicit de¬
416 1514 1187 1580 Helena phrigius Dares quod hebebat in facie quam¬
410 1557 1184 1617 dam concauitatem miro modo es venustantem. Et de sancto
411 1599 1201 1660 Bernardino de senis dicitur quod in labio superiori habebat
407 1642 1106 1717 quamdam pustulam innatam ipsum venustantem etc.
426 1687 1199 1766 ¶ Sed quis horum statuum modi est sim¬
422 1738 1189 1805 plicitur melior Respondet idem Guil. cum Bona. quod sal¬
425 1785 1186 1839 uo meliori iudicio potest dici quod decor qui nunc est
427 1828 1186 1887 magis excedit. Ratio huius est quia voluntas diui¬
421 1867 1199 1924 na eliciens bonum ex malo praepotens est malo Et ideo
420 1907 1189 1966 bonum quod inde elicit praeualet malo quod bonum corrum¬
417 1950 1189 2015 pit. Unde plus valet vniuersum nunc quam valuisset tunc
426 1994 1183 2047 in quo nunc commendatur sapientia creatoris Unde Greg.
420 2036 1201 2090 in benedictione cerei pascalis dicit O felix culpa que talem
425 2078 1187 2132 ac tantum meruit habere redemptorem. Nisi em Adam
413 2130 1186 2180 peccasset per mortem christi redempti non fuissemus
435 2160 1183 2219 In quo etiam maxima dei apparuit charitas vt dicit apostolus
426 2204 1201 2267 Gals. iiii. Exemplum ponit idem Bona. de scyph li¬
423 2254 1192 2309 gneo vel testeo et frangitur qui fractus religatur aureo
414 2299 1198 2350 circulo vel filo nam melior est post fractionem quam fue
426 2339 1195 2383 rat ante. Non quidem ratione fractionis sed religationis per
426 2373 1192 2425 aureum circulum sic in proposito Unde non dicit nobis esse
420 2415 1196 2474 dubium quod deus de malis praesentibus maius bonum eli¬
429 2457 1205 2530 cit semper licet quale sit illud ignoramus Hec ex Guil.
435 2503 1185 2572 ¶ Si adhuc petas Nonne melius
425 2571 1195 2613 esset vniuersum si nullus hominum esset damnatus nec
423 2612 1201 2663 angelus aliquis sed omnes essent beati et habuissent libe
427 2651 1192 2698 rum arbitrium confirmatum in bono quam sit modo cum quidam
426 2694 1207 2749 sunt beati et quidam miseri perditi et damnati etc Respondetur secundum
426 2740 1195 2785 eundem Guil. supra cum Bonauen. quod si homo perstitisset
421 2780 1202 2825 ipsi reprobi non fuissent. quia Greg. dicente Si pri¬
1236 298 2014 386 mi parentes non peccassent: nequaquam ex se filios gehenne
1248 363 2008 424 generassent. sed hi tantummodo nati fuissent qui electi sunt.
1256 402 2014 465 Ideo non plures peruenissent ad beatitudinem quam modo sunt
1238 446 2017 510 peruenturi. Unde mali sunt praeter intentionem status innocentie:
1253 487 2018 556 Ideo tamquam superfiui non sunt digni in computatione apud deum et
1235 534 2017 598 apud homines. et per consequens tunc non esset vniuersum melius et etc.
1229 566 2020 662 ¶ De materia prima vide libro secundo.
1427 648 2017 744 MEns. Iste termi
1409 713 2021 779 nus secundum Guil. in i. est di. iii per l. q. iii. tripliciter
1419 768 2014 815 dicitur. Uno modo a metior metiris: et sic po
1237 790 2023 874 tentia excogitatiua dicitur mens: quia plura metitur et colli¬
1257 849 2029 915 git. et sic accipit Damasce. ii. sententiarum. Dum ponit men¬
1254 895 2016 951 tem intentionem et fronesim. Unde dic quod fronesis dila
1263 935 2018 990 tata fatum excogitationem  ¶ Sed Catholi. dicit. quod fro
1256 982 2024 1032 nos grece dicitur prudens latine. et fronesis prudentia.
1277 1015 2033 1078 Inde fronitus id est prudens. et infronitus id est insipiens
1268 1055 2035 1115 insulsus. Ideo Ecci. c. xiii. Sapiens dicit. Animo irre
1258 1101 2024 1164 uerenti et infronito ne tradas me domine. Secundo modo
1256 1145 2030 1212 mens capitur proportione supiori anime id est eleuate ad su¬
1270 1186 2023 1245 perna. Isto modo mens dicitur ab eminendo. et sic capitur
1266 1227 2038 1289 cum dicitur. quod in mente seu intelligentia consistit imago tri¬
1265 1276 2038 1328 nitatis divine. Unde vt sic mens accipitur pro ipsa anima rationali.
1269 1310 2029 1377 ¶ Tertio modo capitur prout mens dicitur a meminisse:
1260 1354 2038 1411 et sic respondet memorie. Unde Augustinus sic loquitur. ix. de tri
1259 1401 2032 1456 ni. dicit quod in his tribus videlicet mente id est memoria: et no¬
1264 1436 2041 1513 ticia et amore consistit imago trinitatis. Hec Guill.
1241 1519 2038 1604 ¶ Quo autem in mente consistat ima¬
1265 1581 1925 1664 go trinitatis. Uide. c. Imago. et c. Actus animae.
1443 1630 2061 1721 Eritum. Quid sit
1445 1711 2044 1770 nota secundum doctorem subtilem: et post eum
1435 1757 2041 1809 Guill super id est di. xvii. q. scilicet art. principali
1271 1779 2042 1857 diffinitur sic. Meritum est acius libere voluntati: median¬
1269 1840 2044 1898 te dono gratiae elicitus a divina voluntate acceptus vt prae¬
1276 1887 2050 1939 miabilis beatitudine. Et dicitur meritum a mereor me
1265 1928 1900 1988 reris. quia meretur premium heatirudinis.
1278 1960 2066 2034 ¶ Unde nota secundum eundem ibidem. quod in
1280 2024 2054 2087 merito sunt tria praecipua. Primum est ipsius actus substantia:
1277 2072 2038 2122 et istud est quoddam ens reale. Secundm est productio
1290 2113 2053 2160 passiua. quia iste actus a voluntate elicitur: et sic est respe¬
1281 2164 2053 2213 ctus quidam. Tertium est acceptatio diuina ad pre
1278 2199 2048 2247 mium beatitudinis: et hoc est ens solum rationis: et dici¬
1269 2246 2054 2291 tur formale meriti. Unde quilibet tantum meretur
1284 2280 2044 2339 quantum est deo acceptabilis etc. Accpitur autem meritum
1282 2326 2047 2376 aliquando proprie: vt ad solum bonum ordinatur: et sic nomi
1278 2361 2051 2416 natur meritum. Aliquando accipitur vt ordinatur ad ma
1278 2409 2054 2461 lum seu ad penam: et sic dicitur meritum malum secundum Au
1284 2450 2050 2509 gusti. lib. de libero arbitrio. hoc etiam proprie demeri
1284 2498 2044 2564 tum nominatur. Aliquando autem accipitur communiter pro hoc et pro
1281 2536 1554 2597 illo. Hec Guill.
1261 2563 2076 2650 ¶ Quottuplex distinguitur meritum.
1276 2630 2053 2695 Nota secundum Guil. super primo. di. xli. cum Bon. e. dist.
1275 2682 2057 2735 xli. q. i. quod triplex est meritum. scilicet de congruo. et
1277 2716 2063 2779 de digno et de condigno ¶ Meritum scilicet de con¬
1265 2764 2057 2839 gruo dicitur quando peccaor facit quod in se est vt gratiam dei percipi
