2277 3311
232 304 1031 375 spondetur secundum Bonauem. e. di. xvi. libri primi. q. iii. Quod
240 368 1019 420 exquo finis mouet causam et imponit necessitatem
237 407 1019 455 his que sunt ad finem vt dicitur. ii. Phy. Ideo propter di¬
249 453 1025 499 uersum finem apparitionis et operationis accipienda est
243 495 1019 536 ratio huius diuersitatis. Nam quia filius apparebat in
249 536 1016 588 carne vt esset mediator dei et hominim et saluator ad
244 575 1013 624 btitudinem perducens. Sed medium sapit naturam ex¬
247 620 1021 667 tremorum vel participat vt dicitur. v. Phy. Ideo debuit
241 663 1016 708 apparere vt eet deus et homo deo vnibilis. et sic beatifica
237 702 1025 753 bilis. Etiquia mediator inter duo: vnus est secundum apsltum
250 745 1013 798 Ideo fuit appearitio vnica. ¶ Denique. quia spiritus sanctus
250 797 1023 837 non apparebat vt esset mediator. sed vt eet doctor
244 834 1010 881 veritatis Ioam. vi. Cum venerit ille scilicet spiritus veritatis
238 877 1020 923 docebit vos omnem veritatem. Et quia apperuit in crea¬
240 912 1021 961 tura vt signatum in signo. vsui autem significationis
249 958 1016 1003 pure: magis conuenit creatura irrationalis quam rationa¬
249 989 1019 1051 lis. ne forte crederetur vnita et non tantummodo signifi
243 1040 1028 1087 causas ideo apparuit in irrationali creatura tali qua habet
249 1087 1009 1136 conuenientem proprietatem ad significandum Sicut flatis
243 1128 1018 1181 significat spirationem spiritus sancti a christo. Ignis chari
249 1170 1015 1219 tatem. columba redemptionem etc. Et quia spiritus sanctus non
249 1212 1018 1256 assumpsit istas creaturas irrationales in vnitatem
240 1252 1021 1304 persone. Sed tantummodo formando et instituendo or
243 1305 1021 1348 dinabat ad significandum. Ideo similis cum apperitione in
250 1336 1022 1384 ceperunt et desierunt esse. Rursus. propter donorum mil¬
250 1377 1022 1429 tiplicitatem spiritus sanctus non potuit perfecte significari
247 1420 1023 1476 in vnico signo. ideo oportuit plures spes forma¬
249 1456 1022 1515 ri pro significatione spiritus sancti apparentis. vnde quamuis equi
253 1506 1018 1550 nobilis sit persona spiritus sancti sicut et filii. tamen propter ali
250 1548 1031 1602 um et alium finem ac modum debuit fieri aliter apperi¬
243 1586 670 1647 tio filii et aliter spiritus sancti etc.
258 1630 1027 1703 ¶ Item cur spiritus sanctus in alia specie
255 1693 1030 1740 apparuit super christum quam super apulos Ad hoc Respon¬
244 1742 1025 1785 detur secundum Bonauem. ibidem quod ideo. quia in christo manife
250 1778 1022 1837 stabat plenitudinem redundantie tamquam ex capite ad
250 1823 1025 1873 menbra que fuit perfectissima gratia per omnem modum.
249 1862 1019 1904 et per redemptionem. Ideo in specie columbe apperuit ad
249 1904 1022 1956 id significandum vt patuit supra. § xxviii. Sed in di¬
249 1946 1018 1997 scipulis manifestabat redundantiam per adminstrat
249 1987 1009 2035 onem sactrorum et doctrie ¶ Unde secundum Scotorlis. e. di. xv
258 2030 1021 2085 q. iii. duplex distinguit gratia. Una personalis. Alia
249 2075 1031 2123 causalis scilicet quo ponitur in capite per redundantiam ad
250 2116 1022 2161 mebra. et hec fuit in christo manifestata per aduentum
261 2156 1021 2209 spiritus sancti super eum. Personalis autem fuit plenitudo
258 2204 1030 2260 gratie in apostolis redundans in alios per adminstrati
252 2239 589 2305 onem. ergo patet propositum etc.
273 2286 1030 2347 ¶ Utrum columba illa in qua appa¬
261 2342 1024 2391 ruit spiritus sanctus formabatur et mouebatur immediate a
267 2388 1033 2432 deo. An per misterium angeli: Respondetur secundum Bonauen.
270 2432 1028 2476 e. di. xvi concor. Rich. ibidem. q. iiii. quod sicut Aug. iiii. de
271 2471 1029 2524 tri. dicit probabile est quod illa columba in qua apperuit spiritus
274 2513 1036 2561 sanctus: secundum misterium angeli formabatur et mouebatur
274 2557 1028 2599 verum tamen vt Bonauem. dicit. Super hoc aliquid inuenire
274 2598 1028 2646 difficile est. Ettemere affirmare non expedit. Quod
283 2638 1034 2691 si obiicitur. quia scriptura dicit quod spiritus sanctus mittebatur vel
274 2684 1031 2732 aduenit in tali specie Rich. dicit quod vere spiritus sanctus
280 2726 1035 2788 mittebatur in illa specie qui non videbatur Et spiritus sanctus
1086 298 1874 365 apparebat tamum in illis apperitionibus Angelus operaba
1089 365 1877 407 tur minsterialiter formando et mouendo. Nam vt
1083 412 1870 455 etiam Magister dicit in littera di. e. xvi. Non tempora
1093 451 1871 496 li motu venit tunc vel descendit spiritus sanctus quia
1090 492 1868 541 deus ipse est immobilis et vbique Sed per illum tem¬
1087 539 1878 584 poralem motum specierum. que scilicet motum faciebat an
1092 575 1865 624 gelussignificata est inuisibilis missio spiritus sancti
1099 614 1861 670 vt latius patuit. supra. §. xii. Euod si adhuc petas ¶ Num
1095 658 1873 708 quid deus possit per seipum facere vel fecisse talem
1083 697 1871 748 formationem et motum creature. Respondetur secundum Rich.
1095 740 1876 795 Ibidem quod optime potuisset si voluisset. Sed ad
1087 790 1871 839 ondendum affluentiam bonitatis sue et maiestatis: vo
1089 827 1877 876 luit illa facere mediante causa secunda. Et huic sententie con¬
1092 871 1870 925 cordant doc scilicet Aug. vbi. supra. Item Diony. ca. iiii. de
1105 911 1871 964 Angelica Hieris. dicit quod sapienter docent theologi¬
1092 955 1877 999 ci per angelos legem ad nos peruenire tamquam diuino
1093 996 1868 1045 legali ordine Item Gre. dicit quod angelus loque
1096 1040 1871 1092 batur Moysi in persona dei dum dabat legem in mon¬
1090 1082 1865 1124 te Sinai. Et consimiliter dicit fore in aliis apperitio
1089 1124 1874 1169 nibus factis patribus vereris testamenti Und
1098 1163 1870 1218 et apostolus dicit quod lex ordinata est per angelos Gal.
1086 1205 1864 1253 iii. Et Heb. ii. Et pluribuscripturis patet. ¶ Nec
1099 1250 1859 1306 valet siquis obiiciat quod angelus dixit Mo. Ego
1099 1294 1870 1337 um deus israel etc. Quia in talibus semper ange¬
1088 1334 1870 1385 lus loquebatur et operabatur vt dicit Rich. vbi. supra. can¬
1101 1377 1877 1428 quam vicarius dei. representans ipsum deum Ideo ipsa
1092 1420 1871 1471 actio deo attribuitur. non angelo. Sicut madatum per prae
1093 1464 1865 1508 conem factum eloquendo: regi attribuitur vel iudici
1092 1503 1874 1552 non preconi. Unde non dicitur. Ita dicit praeco: sed ita
1089 1542 1873 1593 dicit Rex. ¶ Sed circa hec adhuc difficultates
1086 1591 1684 1642 restant de quibusdam scripturis Scilicet
1143 1630 1855 1700 ¶ Quid de illa voce Pic est fili¬
1087 1697 1871 1741 meus dilectus etc. Mat. iii. Similiter de illa vo
1090 1729 1871 1787 ce que venit de celo super christum. di. Et clarificaui
1089 1775 1870 1832 et iterum clarificabo etc. Ioan. xii. De his Lyra di¬
1091 1815 1880 1861 cit quod fuit formata a tota trinitate cum eius opera
1101 1861 1877 1913 sint indiuisa. Tamen fuit vox dei patris quia fuit
1090 1900 1870 1953 formata ad representandum personam patris. Sed
1092 1948 1870 1994 sanctus Gre. xxviii. moralis. versus fi. dicit sic Uer
1101 1984 1868 2037 bis namque per angelum loquitur deus cum nil in imagi
1095 2035 1870 2078 ne ostenditur sed superne verba locutionis adiungun
1101 2070 1871 2118 tur Sicut dicente domino Pater clarifica filium tuum vt fi
1101 2111 1870 2163 lius tuus clarificet te: protinus Respondetur: et clarifi
1095 2153 1871 2206 caui et iterum clarificabo. De celo enim deus loquens
1107 2196 1877 2249 verba ista sua que ab homnibus audiri voluit: ro¬
1095 2234 1872 2297 nali creatura adminstrante formauit. Hec Greg.
1092 2278 1878 2337 Concorditer Aug. iii. de trini. c. xi. Et. iiii. de trini.
1097 2321 1871 2371 c. vl. sentit. Unde satis probabiliter potest dici quod huiusmodi
1104 2363 1874 2411 voces sint a deo facte vel formate principaliter Et in
1113 2410 1879 2461 quantum inuisibiliter sunt a deo. tamen sensibiliter in
1089 2452 1874 2508 aere et articulatim sunt formate minsterio angelico.
1109 2490 1871 2557 ¶ Sed exquo deus immediate
1095 2551 1870 2604 formauit corpus christi in quo apperuit filius dei
1101 2593 1873 2644 Cura simili columbam et ignem no sola dei virtus
1090 2645 1873 2686 formasse dicitur. sed Angelus pro spiritus sancti apperitio¬
1099 2676 1874 2732 ne Respondetur secundum Rich. supra. et doctur. quod non est simile
1106 2720 1866 2784 Nam filius vniuit sibi humanam naturam vel corpus
