2236 3269
333 315 1121 404 cipalis. et sic mundus nil aliud est nisi esse rerum
333 368 1107 446 creabilium cognitum. seu Idea. vt sunt incom¬
335 404 1104 480 plexa necessaria. aut voluntatis determinatione vt
333 444 1110 527 luti contingentia. De isto mundo loquitur Boe. iii.
326 482 1101 566 de consol. metro. x. ad deum dcit. Tum cuncta superno du
334 532 1100 612 cis ab exemplo pulcrum pulcerrimus ipse Mun
322 570 1098 659 dum mente gerens similique imagine formas. Et isto
321 616 1098 697 modo accipiendo mundum dicitur a mundicia quia in
319 645 1097 738 tali mundo sine labe aut vicio decor est vniuer¬
322 695 1093 782 sus ¶ Secundo mundus dicitur exemplum illius mum
321 734 1098 821 di exemplaris in deo constituti. Et sic a summo an
321 774 1086 854 gelo seraphin vsque ad vltimum et infimum indiui
321 827 1092 897 duum totum dicitur mundus. Et a platonicis dicitur
322 862 1093 948 mundus sensibilis. capiendo sensibile communi¬
304 903 1096 989 ter pro intelligibili et sensibili. Et sic capiendo Ari
309 942 1078 1033 sto. lib. de mundo quem misit Alexandro diffini
304 987 1084 1074 d. Mundus est quidam decor per deos et pro diis re
302 1023 1082 1116 fiuatus. Uocat aut deos intelligentias seu an¬
315 1080 1065 1155 gelos. sicut dicitur in psalm. Deus deorum dominus locut
303 1119 1083 1198 est etc Isto modo modos dicitur a modo quia a modo exempla
307 1159 1071 1231 ri in deo hic mundus egressus est. Tertio mun
307 1200 1069 1276 dus dicitur inclusum sub globo lunari. vbi sum
287 1251 1067 1317 rerum corruptiones et generationes continue. Et sic ac
291 1280 1068 1364 cipitur mundus cum dicitur Incipit liber de celo et mun
286 1327 1065 1409 do. per caelum emim intelligitur tota sphera superior a glo
290 1359 1064 1441 bolunari. per mundum inferior. et sic dicitur mun
298 1412 1069 1486 dus a motu secundum Isido. iii. Etynm. quia semper est
291 1453 1065 1526 in motu in rerum generatione et corruptione. Hec
292 1492 1070 1573 Guil. Item vt dicitur lib. catholicon. quamuis mun¬
295 1542 1059 1615 dus dicitur a mouendo quia semper in motu est. cum
280 1572 1058 1664 nulla sit requies in elementis. tamen o mutatur in
285 1619 1061 1707 v. et sic debet scribi mundus per v. in prima sylla¬
285 1655 1057 1735 ba. Et accipitur quandoque pro macrocosmo id est maio¬
272 1707 1050 1778 ri modo. quandoque pro microcosmo id est minori mu
279 1741 1049 1828 do. hoc est pro homine qui dicitur microcosmus. quoes
267 1790 1053 1885 ad similitudinem mundi magni celum rationis et
278 1826 613 1890 terram corporis habet
281 1865 1046 1994 ¶ Rundi hierarcha quis sit vide¬
275 1938 519 2021 sub lictera H¬
267 2019 1053 2128 ¶ Nota etiam secundum Bonauem. super. ii dist. i. ar. ii.
263 2085 1046 2175 q. i. Et Lyram in postilla aliosque quod in sacra scriptu
264 2137 1040 2210 ra mundus variis modis accipitur. Aliquando
267 2172 1033 2257 enim capitur pro mundana creatura. vt cum dicitur
273 2212 1032 2289 Et mundus per ipsum factus est. Ibi nomine mundi o¬
268 2255 1036 2337 mnis creatura intelligitur. Aliquando autem accipitur pro mnun¬
269 2292 1026 2381 dana conuersatione siue pro mundanis homnibus
264 2340 1026 2415 mundialiter viuentibus. vt cum dicitur. et mundus
273 2385 1032 2464 eum non cognouit Ioam i. Et iterum cum christus
266 2418 1028 2502 ait Regnum meum non est de hoc mundo id est de
276 2459 1027 2551 mundana conuersatione. quia christus non regnat
276 2499 1020 2595 in malis homnibus sed in bonis Sic etiam aliquando
268 2547 1032 2633 accipitur mundus pro mundi delectabilibus et viciis
274 2580 1020 2666 vt. i. Ioam. ii Nolite diligere mundum id est mundi de
282 2623 1022 2725 lectabilia inordinate. Neque ea que in mundo sunt
269 2662 731 2745 id est vicia etc. Hec sufficiant.
1207 348 1957 448 ¶ Item de mundo et eius crea¬
1172 405 1957 507 tione plurima vide lib. ii Item hoc lib. vbi Poten¬
1180 459 1602 536 tia. vii. et vbi Praxis. §. iii.
1194 525 1945 647 ¶ An extra mundum sit imaginan
1176 603 1943 690 dum spacium infinitum. Nam vniuersum est finitum. ergo clats
1162 651 1952 733 ditur aliquo. Et de illo quiro sicut de modo scilicet quo illud clauditur
1171 693 1943 772 et sic in infinitum Hec fuit ratio antiquorum philosophorum
1170 725 1941 817 ad probandum infinitum esse. Sed rsacuntntur secundum Scotorlis.
1161 772 1932 862 in primo di. xliii. Cum philosopho. iii. physi. Quod imagina
1163 819 1938 891 tioni tali non est credendum quia imaginatio debet se
1170 854 1939 932 qui ens. non econuerso scilicet ens imaginationem ¶ Ad
1168 902 1926 974 argumentum dicendum secundum philosophum ibidem. quod aliud est
1159 938 1932 1021 claudi siue terminari et aliud est finiri Nam quod
1149 990 1931 1067 clauditur: aliquo ciauditur. sed quod finitur potest seipso fi¬
1150 1031 1921 1099 niri. Unde dico inquit quod vniuersum est finitum. cum ergo
1150 1070 1925 1156 infers quod aliquo clauditur Nego inquit sed concedo
1155 1109 1791 1195 quod fiuitur in se. Ad idem vbi Tocus. §. fi.
1307 1151 1915 1272 Atura et natura.
1304 1227 1915 1326 le nota secundum Guil. in primo dis. vi. quod quam¬
1306 1287 1919 1365 uis nomen nature secundum philosophum dicatur de his
1149 1299 1914 1405 tribus scilicet materia: forma: et composito tamen principalius
1150 1367 1920 1445 dicitur de forma. Unde hac ratione Generatio dicitur natu
1137 1404 1912 1493 ralis vt patet. ii physi. Et quia dei filius generatur
1137 1452 1814 1531 a patre Ideo dicitur emanare per modum nature.
1167 1484 1897 1592 ¶ Quo differunt hec tria scilicet natu
1135 1544 1899 1633 ra. naturale. et secundum naturam vel naturaliter. Nota
1131 1591 1899 1675 vt potest haberi ex Auicen. Primo naturalium: secundum
1125 1629 1908 1716 quod dicit Guil. ibidem differunt hec tria sic Na: ura enim
1137 1676 1898 1755 dicitur fundamentum rei seu illud vnde cetera effluunt
1125 1711 1902 1797 scilicet rei essetia. Sed naturale dicitur proprietas ex huiusmodi
1125 1758 1897 1838 fundamento exiens Sicut homoni naturale est risibis
1128 1798 1895 1880 litas. Secundum naturam vero dicitur operatio ex huiusmodi prin
1120 1843 1905 1936 cipiis progrediens Sicut praeter naturam et supra na
1122 1882 1770 1963 turam dicitur quod aliunde capit sua principia
1140 1924 1885 2031 ¶ Natura distinguitur triplex.
1121 1986 1893 2068 Prima est naturam largissime dicta secundum eundem
1114 2029 1893 2115 Guil. ibide scilicet Quicquid ab intellectu quodammo¬
1116 2070 1895 2151 do capi potest. et sic omne ens dicitur natura Sic loquitur
1110 2116 1890 2195 Boetius de ea lib. de duabus naturis et vnica per¬
1110 2154 1878 2246 sona christi. Secunda est natura naturans scilicet deus quai
1120 2193 1878 2283 est primus omnium artifex vt patet ex glo. super Rho.
1102 2234 1878 2324 ix. Tertio est natura naturata scilicet omne ens citra deum
1104 2278 1872 2367 Isto modo solus deus dicitur supernaturalis Tetera
1105 2331 1711 2403 autem dicuntur naturalia Hec ex Guil. supra.
1101 2365 1874 2467 ¶ Quomodo natura dicitur de
1102 2428 1872 2509 deo: Nota quod secundum philosophum. v. metaph. plures tradun
1092 2477 1859 2551 tur modi nature. Primo modo natura dicitur gene
1085 2515 1875 2594 ratio viuentium. Unde natura dicitur a nascentia viuen
1082 2556 1861 2636 tis. Secundo modo dicitur natura vniuersale princi¬
1095 2600 1858 2677 pium motus et quietis secundum se Unde. ii physi. philosophus di¬
1083 2642 1860 2724 finit sic Natura est principium et causa motus et quo¬
1084 2682 1870 2765 etis eius in quo est secundum se et non secundum accidens In¬
1076 2726 1858 2800 de est quod natura grauis esse dicitur deorsum tende
1077 2759 1863 2852 re. et leuis sursum etc. Tertio modo natura dicitur
