2243 3292
302 376 1058 482 materia ipsa ex qua primo aliquid fit. Sicut dici¬
302 441 1060 521 mus quod vas eneum est de natura erea et corpus hu
300 480 1058 564 manum est nature terree quia primo est factum de terri¬
311 520 1067 607 et praedominatur in eo terre elementum ergo etc. Quarto
307 564 1071 642 modo natura dicitur forma. Nam exquo materia de
302 605 1079 687 se est informis nec habet speiem nisi a forma. Unde pris
307 644 1084 737 mo physi. et. vii. metaph. Forma est que dat esse
315 691 1073 767 rei scilicet formale: materia autem dat esse fundamenta
317 728 1082 813 le propter quod dicitur fundamentum nature secundum Auerroim
318 765 1080 849 cum ait In fundamento nature id est in materia de se
321 816 1084 892 nil est distinctum sed forma distinguit. Ideo na
328 855 1090 935 tura principalius dicitur de forma. Quinto modo na
324 892 1094 974 tura dicitur secundum eundem Guil. Ens completum perfectam ha¬
332 936 1091 1018 bens essentiam. Sexto modo dicitur forma totius vt est
340 985 1091 1067 quiditas rei. Hec ex. v. metaph Primo modo na
330 1024 1091 1099 tura conuenit generationi filii dei. Secundo modo et tertio
345 1062 1102 1140 modo et quarto modo non conuenit dici de deo cum sit
344 1106 1102 1184 immobilis. nec habens materiam nec formam in materia
338 1148 1113 1232 Sed quinto modo scilicet inquantum deus est ens comple
348 1191 1107 1268 tum perfectissime essentie. sic dicitur quod tres persone sunt in
356 1231 1109 1313 vna natura diuina et sic dicitur natura de deo. Sed
359 1270 1121 1353 de sexto modo prout natura dicit quiditatem non dicitur
353 1313 1116 1390 de deo quia deus non habet quiditatem proprie vt patu
355 1377 867 1439 it supra Cognoscere deum. §. vi.
397 1433 1131 1538 ¶ Item natura in diuinis cap itu
366 1508 1090 1597 quadrupliciter. Uide vbi Spiritus sanctus. §. viii.
376 1576 1127 1694 ¶ Quomodo differunt ista quattuor sailice
362 1644 1137 1721 Substantia: natura: essentia: et quiditas: Nota
366 1688 1142 1763 secundum Guil. super i. di. ii. quod ista se habent per ordinem
381 1729 1133 1810 secundum sub etsupra differenter. Nam omnis substantia est nati
383 1776 1135 1850 ra Sed non econtra. Quia Qualitas est natu
375 1814 1136 1901 ra non substantia. Item omnis natura est essentia: non
381 1861 1140 1930 econtra quia relatio est essentia non tamen est natura
387 1893 1142 1978 non enim proprie est alicuius actionis principium ergo rela
380 1943 1145 2017 tio non est natura proprie Sed quod sit essentia patet et
388 1978 1145 2057 famosa autoritate philosophi. v. physi. dicit. Essentie predi
393 2029 1149 2097 camentorum sunt impermixte. ergo relationis est essentia cum
391 2060 1166 2139 sit vnum praedicamentorum. Denique omnis essentia est quidi
398 2103 1154 2180 tas. non econtra. nam in deo multe sunt quiditates sed
401 2144 1164 2224 vnica essentia diuina Unde patet quod praedicta differunt
396 2185 1166 2266 quia substantia non est accidentium. natura autem est non
401 2227 1160 2307 solum substantiarum sed etiam accidentium absolutorum
405 2269 1180 2348 Sed essentia est substantiarum et accidentium non so
402 2308 1175 2389 lum absolutorum sed etiam relatiuorum et communis est
397 2356 1194 2442 in diuinis Quiditas vero plurificatur stante vni¬
402 2420 594 2486 tate essentie
624 2441 1167 2552 Ecessitas secundum
624 2527 1178 2597 Guil. in primo distin. vi. dicitur de
615 2567 1175 2647 non et cesso cessas quasi non cessans
621 2611 1191 2677 esse. Unde nota secundum Bonauen. ea.
416 2653 1181 2729 distin. questi. i. et ii Ac Richardum et Thomam
432 2692 1196 2771 ibidem concor. colligendo quod necessitas distin¬
428 2732 1196 2819 guitur multipliciter. Primo quedam dicitur ne
422 2774 1200 2874 cessitas violentie que mouet contra naturam
1126 335 1892 434 vt lapis proiectus necessitatur sursum moueri. Se
1126 398 1895 477 cunda dicitur necessitas coactionis que est contra volun
1137 434 1898 521 tatem. Tertia dicitur indigentie vt cibi et potus in pau
1144 474 1906 556 bere etc. Quarta ineuitabilitatis sicut est in pri¬
1130 518 1907 603 mis motibus de quibus psalm. De necessitatibus me¬
1148 560 1911 640 is eripe me. Quinta dicitur exigentie que est in ma¬
1140 599 1907 685 teria disponenda ad formam vel disposita. Sexta
1146 640 1913 725 dicitur necessitas immutabilitatis eterne sicut sor¬
1144 683 1910 775 lem lucere. Hec sola vltima necessitas eadit in de¬
1146 723 1910 809 um. et nulla alia. Ratio quia hec necessitas immu
1154 765 1922 849 tabilitatis non repugnat libertati voluntatis sed
1148 803 1926 898 solum vertibilitati. Isto modo ergo accipitur neces¬
1151 851 1928 935 sitas cum dicitur quod deus pater necessario gignit
1162 890 1928 973 filium. vnde Augu. contra maxim. dicit Pater eo mo¬
1154 932 1944 1019 do quo deus est genuit. Sed pater necessario de
1169 973 1925 1058 us est. ergo genuit necessario scilicet non necessitate
1172 1015 1937 1103 coactionis vel indigentie et etc. sed tantummodo necessi
1166 1057 1938 1148 tate immutabilitatis eterne. Et de hoc latissime pa
1173 1114 1740 1196 tuit vbi Seneratio. §. xxx. et. xxxi. et se
1186 1128 1944 1250 ¶ Quibus modis dicuntur aliqua
1178 1203 1950 1297 necessaria fore vel euenire. vbi Prescientia. §. ix.
1224 1286 1959 1398 ¶ Item necessariorum regula pri¬
1186 1358 1805 1451 ma quid sit. vide vbi Uoluntas. §. xii.
1366 1431 1967 1567 Egatio secundum do¬
1374 1519 1973 1600 ctore subtilem in primo dist. xxiii. in solu
1379 1572 1970 1647 tione secundi dubii. Et post eum Guil. e.
1208 1605 1958 1692 primi dist. xxviii. tripliciter capitur. Nam prima dicitum
1208 1649 1965 1730 negatio extra genus scilicet que omnem negat entitatem
1213 1689 1973 1780 Et nil funditus ponit de qua est primum principi¬
1211 1734 1970 1810 um scilicet De qualibet affirmatio vel negatio et de nul¬
1221 1771 1975 1850 o ambo simul. Secunda dicitur negatio priuas et est
1212 1815 1974 1902 illa que aliquid negat ab aliquo. ponit tamen apti
1224 1855 1982 1934 tudinem ad essendum. et sic pater in diuinis non dici¬
1220 1899 1982 1983 tur ingenitus. quia non habet aptitudinem vt gi¬
1228 1946 1983 2030 gnatur. Tertia dicitur negatio in genere et est illa que
1227 1982 1995 2066 aliquid ponit in quo fundatur. differt tamenm a negati
1229 2024 1992 2102 one privante. quia non ponit aptitudinem. Isto modo pa
1232 2064 2001 2149 ter bene dicitur ingenitus vt patuit supra Ingenitum
1223 2134 1536 2210 etc. §. i. et. ix. clarius.
1423 2170 2031 2290 otio quid sit no
1417 2253 1998 2326 ta secundum Guil. in primo dist. xxvi. quod no
1410 2294 2001 2366 tio a nosco noscis dicitur. quia notiones
1241 2341 2009 2421 faciunt nos venire in cognitionem diuinorum. vn¬
1240 2390 2004 2463 de secundum Boetium. Notio communiter accipiendo est sim
1242 2421 2019 2514 plex conceptus mentis quo res cognoscitur. Sic
1250 2462 2010 2543 autem non accipitur in diuinis Sed proprie secundum quod est in
1258 2514 2016 2584 diuinis sic dicit formam relatiuam secundum quod est princi
1251 2546 2009 2636 pium innotescendi personas diuinas. vnde notio
1256 2590 2034 2676 proprie est formale principium cognoscendi personas
1266 2652 1644 2719 etc. Hec theologi communiter.
1316 2681 2027 2766 ¶ Quot modis capitur notio Re
1267 2731 2061 2826 spondetur secundum Guil. suser quod tripliciter. ¶ Uno mo¬
