2281 3312
160 304 920 384 do communiter pro omni manuductiuo nostri intellectus
168 350 926 427 in cognitionem diuinorum. Isto modo sunt infinite
168 397 930 465 notiones. quia quelibet creatura potest nos manu¬
163 434 935 511 ducere in generali ad cognoscendum deum. et sic an¬
167 475 936 551 tiqui doc. ponebant notiones infinitas sed ni¬
161 522 935 593 mis improprie ¶ Secundo modo dicitur notio impro¬
173 570 921 633 prie secundum numerum diuinarum personarum accepta ita quod
173 612 928 678 sicut tres persone sunt note. sic tres sunt notiones
167 650 935 718 quibus noscuntur scilicet ingeneratio in patre. et genera
173 688 944 758 tio in filio. et processio in spiritu sancto. Sicut dicit Dama¬
171 727 944 802 sce. lib. i. c. viii. Omnia inquit in diuinis sunt vnum
182 783 946 850 praeter ingenerationem generationem et processionem.
188 809 956 890 Et isto modo acceperunt antiqui quidam docto¬
192 851 949 929 res notionem sed adhuc improprie etc. ¶ Tertio
185 896 943 974 modo notio capitur proprie. et sic dicitur quelibet diui¬
191 936 949 1010 na originatio siue dicatur negatiue sicut innascibi
185 979 952 1054 litas siue affirmatiue sicut cetere notiones Ponum
197 1028 953 1101 tur enim a magistris communius tantum quinque notiones pro¬
197 1068 952 1142 prie. et sic ordinatur quod tres sunt in patre. scilicet imna¬
191 1106 958 1184 scibilitas et generatio actiua et spiratio actia. Iem
194 1150 956 1218 due sunt in filio. scilicet generatio passiua. et spira¬
197 1193 957 1266 tio actiua. Denique vnica ponitur in spiritu sancto. scilicet spi¬
209 1235 944 1316 ratio passiua. ¶ Ad hec plura vbi Ingenitum.
263 1288 955 1362 ¶ An notio et relatio et proprie¬
215 1329 972 1407 tas differant in diuinis Respondetur secundum Guil. supra et
208 1381 971 1461 Tho. in scripto primi e. dist. vi. q. v. quod ista tria praedi¬
221 1418 978 1493 cta sunt idem re. sed differut rone in hoc quod rela¬
225 1461 977 1531 tio dicitur relatiue ad suum terminum vel obiectum
225 1497 971 1576 Sed proprietas dicitur inquantum constituit personam. Non
219 1544 980 1616 tio vero dicitur inquantum ducit in cognitionem perso¬
214 1590 987 1660 ne divine. Exemplum. paternitas dicitur relatio secundum
227 1628 981 1705 quod ad filium refertur Et dicitur proprietas inquantum soli
236 1670 994 1748 patri conuenit. Sed dicitur notio inquantum no¬
237 1735 488 1794 tificat patrem etc.
261 1759 1001 1846 ¶ Quid ergo etiam de numero pro¬
257 1816 992 1884 rietatum et relationum: Respondetur secundum Rich. e. di. Et
251 1860 1001 1930 Tho. ac Aureo. aliosque communiter. quod quamuis notiones
242 1902 998 1981 sint. v. vt patuii. §. ii. Ueruntamen ex eisdem qui¬
240 1953 1009 2022 quam notionibus tres dicuntur proprietates personales
240 1987 1012 2062 eo quod personas constinunt et eas proprie distinguunt.
251 2027 1003 2109 puta paternitas et fliatio et spiratio passiua siue
252 2070 1018 2149 processio. Alie autem due sunt proprietates persone
258 2112 1010 2182 sed non dicuntur proprieates personales. puta inna¬
252 2160 1011 2228 scibilitas et communis iratio. Ratio huius est.
257 2192 1016 2277 quia proprietas personalis est illa que vni soli perso¬
264 2239 1016 2311 ne conuenit. et eam ab otani alia persona distin¬
270 2285 1017 2362 guit. sicut paternitas filiatia etc. Sed innascibus
260 2324 1026 2397 litas licet sit proprium persone patris. Et similiter con
264 2373 1030 2435 munis spiratio. Tamen non proprie et simpliciter
275 2406 1028 2488 dicuntur proprtetates sed secundum quid scilicet inquantum non
279 2450 1024 2529 conueniunt omnibus tribus. sed tantum duabus. puta in
296 2496 1031 2560 nascibilitas conuenit patri et etiam spiritui sancto: ad
299 2533 1043 2605 cipiendo innascibilitatem communiter. et communis spiri
293 2584 1044 2643 ratio conuenit patri et filio. ergo etc. ¶ Ad hec etiam
299 2615 1042 2685 vbi Proprietas. §. iiii. ¶ Relationes vero sunt
299 2659 1052 2728 tantum quattuor. Quia vna est patris ad filium scilicet pa¬
311 2702 1067 2788 ternitas. Secunda est econuerso filii ad pate scilicet filia
984 274 1758 349 tio. Tertia est patris et filii ad spiritum sanctum scilicet commu
990 335 1760 396 nis spiratio. Quarta est econuerso spiritus sancti ad pa
990 369 1757 432 trem et filium scilicet processio vel spiratio passiua. Nam inna
989 408 1760 475 scibilitas proprie non est relatio sed privat. Unde pro captu
999 451 1759 514 ecundum ordine numeralem: aduerte quod vna est notio in
992 494 1757 572 spiritu sancto scilicet praecessio. due notiones sunt in filio tres
1004 535 1770 609 patre. Denique due ste propetates persone non tamen persona
989 579 1771 646 les. tres ster proprietates personales. quattuor ste relatio
989 618 1775 690 nes. et quinque sunt notiones. Ex dictis patet secundum Bo
990 662 1780 732 nauem. e. di. vi. q. vlti. Ratio istius inequalitatis
1004 703 1783 769 numeri. quia nomen notionis est in plus quam relatio
1002 745 1795 817 nis et proprietatis. Et nomen relationis proprie loquin
1002 785 1789 858 do est in plus quam nomen proprietatis. vnde plures sunt
1006 832 1789 899 notiones quam relationes. et relationes plures sunt quam¬
1010 871 1730 956 proprietates personales. Hec sufficiant quo ad hec.
1080 925 1787 1011 ¶ Que requiruntur ad esse notio¬
1005 1002 1790 1060 nis in diuinis ex necessitate. ita quod sine illis non
1025 1037 1795 1109 potest dici notio. Respondetur secundum Rich. e. dist. xxvi.
1022 1075 1793 1143 q. vlti. Et Tho. concor. aliosque quod ¶ Primo neces¬
1025 1122 1785 1184 sario requiritur quod sit proprietas pertinens ad origi
1031 1161 1803 1243 ginem. quia relationibus originis distinguuntur per¬
1038 1205 1817 1269 one. Ideo respectus ideales dei ad creaturam qui¬
1032 1249 1817 1312 bus deus nobis innotescit non sunt notiones
1040 1291 1812 1353 Et tales respectus vel proprietates relatiue sunt
1035 1335 1814 1402 multi nec important respectum distinguentem perso
1038 1370 1813 1440 nam a persona. propterea non sunt notiones sicut pa
1038 1416 1804 1480 tet de his. dominus. creator. conseruator. arti¬
1049 1453 1817 1518 fex omnium et similibus. Similiter nec proprietates es¬
1046 1502 1816 1564 sentiales sicut bonitas. iusticia. et huiusmodi. sunt no
1049 1545 1822 1611 tiones. quia non sunt proprietates originis qua vna
1052 1577 1829 1656 persona est ab alia. ergo etc. ¶ Secundo requiri¬
1047 1624 1826 1690 tur quod sit proprietas partinens ad dignitatem. quia
1058 1660 1823 1742 persona est hypostasis distincta proprietate ad di
1064 1701 1838 1789 gnitatem pertinente. Ideoque ingenitus in spiritus
1055 1742 1824 1819 sancto non est notio. quamuis in patre sit notio. Ra
1067 1788 1836 1857 tio quia ingenitus de patre negat esse ab alio vni
1059 1836 1831 1900 uersaliter et simpliciter. ergo dicit dignitatem. et
1070 1869 1837 1941 sic est notio. Sed ingenitus cum dicitur de spiritu
1064 1912 1838 1986 sancto non negat esse ab alio simpliciter sed tantum
1061 1954 1843 2032 negat esse ab alio per generationem. ideo non dicit
1076 1994 1844 2068 dignitatem. Et per consequens non est notio in spiritu¬
1072 2039 1847 2111 sancto. ¶ Tertio requiritur quod sit proprietas dicens ali
1083 2081 1849 2162 quod speciale vel determinatum quo persona deter
1076 2121 1851 2196 minate habet cognosci et distingui. Nam commu
1079 2165 1850 2241 ne non est sufficiens principium innotescendi. pro¬
1079 2208 1853 2294 pterea relationes penes essentialia sumpte vt
1082 2255 1860 2332 equalitas. similitudo. et communes proprietates
1085 2293 1855 2360 vt infinitas. eternitas. sicut etiam essentiales pro
1105 2333 1859 2409 ietates scilicet bonitas. sapientia etc. non sunt no¬
1094 2382 1859 2449 tiones eo quod non sunt proprietates determinate et spe
1100 2414 1868 2489 ciales. sed communiter conueniunt tribus et etiam eo quod non di¬
1100 2454 1864 2533 cunt respectum originis. Denique propterea etiam ingeni
1100 2499 1864 2574 tus in spiritu sancto non est notio. quia per eam spiritus sanctus non
1107 2540 1872 2620 cognoscitur determinate etc. Item propter hoc secundum Th. esse ab
1104 2584 1885 2659 alio. et a quo alius. neutrum est notio. quia non dicunt deter¬
1103 2624 1879 2700 minatum modum origis. sed saluantur in notionibus dua
1102 2674 1907 2760 bus. scilicet filiatione et processione ¶ Quarto additur quod vt sit
