2246 3294
394 296 1156 367 cum quodlibet illorum seorsum sit nomen dei. si coniun¬
393 360 1166 410 gantur simul erit idem nomen dei. vt volunt peritissi¬
399 403 1168 449 mi hebreorum. Unde per hoc nomen innuitur mysterium
403 447 1160 489 trinitatis in diuinis. scilicet quod sicut in hoc nomine sunt
403 483 1169 532 tres dictiones. ita in deo sunt tres persone. et queli¬
393 523 1166 575 bet personarum est deus sicut et ipsa natura diuina est
400 570 1168 620 deus. et tote tres persone vnus deus Media quoque littera
399 610 1171 658 scilicet e. geminatur. quia media persona tantum scilicet filii per incar¬
402 649 1169 721 nationem consistit in natura gemia scilicet diuina et huana etc.
374 740 1168 813 ¶ Ad idem vide Li. iii. Ubi de nomine
425 797 504 849 Iesu
417 832 1166 911 ¶ Quare hoc nomen deus non ap
412 899 1171 953 propriatur ipsi deo. Sicut hoc nomen. Qui est. vel
409 945 1165 991 nomen domini tetragrammaton. Respondetur secundum Rich
409 986 1174 1034 e. di. xxii. quod ideo. quia sicut Damasce. lib. i. c. viii. dicit
412 1025 1174 1074 Hoc nomen deus dicitur a theos quod significat cogno¬
411 1072 1184 1115 scere omnia vel operari. Sed Qui est. significat esse.
403 1106 1177 1157 magis autem propria est nominatio que imponitur ab esse
404 1148 1180 1199 quam que imponitur a cognitione vel operatione. vnde et hoc
409 1191 1183 1245 nomen deus est nomen appellatiuum et conuenit crea¬
415 1236 1171 1288 turis participatiue. iuxta illud Psalmus. Ego dixi dii
409 1284 1180 1336 estis etc. Et iterum. deus deorum dominus id est angelorum et regum etc.
412 1351 1184 1437 ¶ De aliquo nomine diuino parti¬
412 1417 1177 1472 culari sicut est nomen persone vel substantie vel trinita
403 1464 1189 1530 tis et aliorum huiusmodi. vide diuersis passibus sub litte
403 1504 791 1581 ris fuis congruentibus etc.
598 1574 1178 1686 Omen diuinum.
592 1678 1177 1730 tertio. scilicet de modo praedicandi. Queritur.
594 1723 1177 1770 Qualiter ipsa nomina diuina habeant de
405 1750 1178 1821 se inuicem praedicari theologico modo regulari ¶ Ad
411 1809 1171 1858 quod nota secundum Bonaue. di. xxii. primi libri Et di
417 1857 1180 1903 xxxiii. ac Rich. e. di. xxxiii. et alios recolligendo
411 1893 1186 1943 quod varie regule elici possunt de modo praedicandi et
417 1932 1180 1990 supponendi nominm diuinorum secundum quod distinguuntur
409 1983 1175 2029 modi praedicandi de deo. scilicet vel per modum substantie. vel per
414 2021 1180 2066 modum relationis. Et etiam secundum quod ipsa diuina nomina
418 2060 1184 2111 unt in multiplici differentia puta aliqua essen¬
411 2111 1184 2155 tialia. Et quedam eorum substantiua. vt deus deitas
414 2147 1181 2196 creator. etc. Quedam adiectiua vt eternus. bonus
408 2184 1183 2241 immensus. iustus etc. Alia sunt personalia vt pater fili
414 2226 1181 2281 us et spiritus sanctus. alia notionalia. vt paternitas. fi
417 2265 1188 2323 liatio. spiratio. innascibilitas etc. Alia propria vt gi
408 2311 1186 2366 gnens genitus. alia appropriata vel attributa vt
408 2356 1171 2405 sapientia filio. potentia patri. bonitas spiritui sancto.
418 2395 1174 2448 Alia collectiua vt trinitas trinus. Alia partitiua
417 2433 1181 2484 vt solus. alius. vnus. Alia relatima vt equalis simi
412 2478 1184 2531 lis. Alia eternaliter de deo dicta. Alia temporaliter. Alia
408 2524 1178 2570 translatiue. et sic de aliis varietatibus. vt patet ex praece¬
402 2562 1168 2607 dentibus. Proinde plures regule passim tradun
408 2603 1177 2675 tur a theologis e quibus saltem praecipuas proponemus.
438 2643 1171 2703 Prima regula de essentialibus adiectiuis. Quod
396 2683 1181 2761 adiectiua essentialia que respiciunt diuinam essen¬
1223 280 2015 354 tiam in esse diuerso vel apposito ad creaturam. bene
1237 350 2012 397 prdicantur de proprietatibus. vt hec adiectia. immensus
1226 385 2017 438 increatus. eternus et huiusmodi. patet. nam hec vera est pa¬
1230 432 2009 484 ternitas est immensa vel eterna etc ¶ Secunda est. quod
1239 471 2000 520 adiectiua que dicuntur de essentia diuina vt est com
1228 510 2014 563 munis. non praedicantur de proprietatibus. sicut sunt communi¬
1230 550 2018 606 cabile vel coe. vel vnam esse tribus etc. Unde hec
1233 591 2020 651 est falsa. Proprietas est communis. vel paternitas est
1242 629 2020 687 ommunicabilis. vel paternitas est vna tribus etc ¶ Tertia est
1248 681 2016 727 econuerso. Quod adiectiua que important modum di
1254 716 2016 773 stinguendi proprietatis vel modum distinctum persone.
1245 756 2036 813 non praedicantur de essentia. Ratio. quia sicut dicit etiam Tho.
1248 799 2027 857 e. di. xxxiii. Essentie modus est esse ctommune Modus
1243 843 2021 903 autem persone est esse distinctum. Et modus proprietatis
1248 885 2024 940 est esse distinguens. vnde si talium modorum praedicatio
1247 926 2030 986 permiscetur falsa erit propositio. vt dicendo essentia est
1254 969 2024 1021 distincta vel distinguens. Similiter dicendo. persona est
1257 1011 2030 1066 distinguens. quia persona non distinguit sed distin¬
1254 1052 2035 1114 guitur. Similiter dicendo. propetas est disticta persona. sed hoc
1254 1097 2033 1149 est vera Proprietas est distinguens. Et hec persona est
1254 1137 2030 1191 distincta. et hec essentia est communis ¶ Quarta regu
1251 1176 2033 1233 la. Quod adiectiua que dicuntur de essentia vt est prin
1251 1222 2024 1276 cipium actionis quamuis dicantur de tribus personis. non
1254 1266 2024 1318 tamen dicuntur de proprietatibus nec de essentia proprie lo¬
1254 1304 2024 1361 quendo. sicut est intelligere. velle. creare. et huiusmodi
1248 1349 2033 1403 vnde quamuis hec conceditur. paternitas est essentia diui¬
1249 1388 2036 1446 na scilicet identice. paternitas est intellectio diuina. vel
1248 1437 2038 1490 paternitas est voluntas diuina. sicut essentia est
1263 1475 2033 1529 voluntas etc. per identitatem tamtum iste non conceduntur. pater¬
1261 1517 2036 1566 nitas intelligit. paternitas vult. paternitas cre¬
1251 1558 2039 1609 at etc. Nam actus sunt suppositorum id est personarum di¬
1254 1599 2030 1654 uinarum que sunt supposita diuine nature. non ergo
1247 1639 2023 1692 attribui possunt proprietati: loquendo proprie sed solu
1248 1682 2023 1738 personis. Hec regula ex Rich. ¶ Quinta regula
1254 1727 2035 1777 de substantiuis. Quod nomen essentiale substantiuum
1254 1770 2029 1819 in abstracto nullo modo potest trahi ad supponen¬
1248 1808 2041 1864 dum pro persona. vnde iste propositiones sunt false. essen¬
1254 1857 2026 1904 tia genuit essentiam. vel deitas genuit deitatem. Se
1249 1897 2030 1942 cus est in concreto. quia sic possunt trahi ad suppo¬
1249 1941 2035 1986 nendum pro praesona. Dicendo deus genuit deum. creator
1252 1977 2029 2025 creatore. ¶ Sexta quod nomina diuina significantia es
1258 2020 2029 2069 entiam vel essentialia. Si capiuntur substantiue non
1254 2060 2036 2115 dicuntur in plurali etiam in concreto. sicut non dicitur tres
1254 2111 2026 2156 omnipotentes. tres eterni. Ad id vbi Numerus. §. x.
1295 2152 2029 2232 Sed quibus modis nomina essen¬
1242 2228 2033 2278 tialia concreta possunt trahi ad supponendum pro per¬
1242 2268 2033 2317 sona: Dicendum secundum theolo. communiter. quod duobus mo¬
1243 2317 2027 2366 dis. Uno modo per verba notionalia. vt dicendo
1248 2354 2024 2403 creator vel deus genuit creatorem vel deum. deus spirat
1241 2393 2023 2440 deum. Alio modo per propositiones notionales. vt di¬
1247 2433 2011 2489 cendo deus de deo. creator de creatore. Similiter est de no
1245 2478 2023 2533 minibus mediis. vt lumen de lumine etc ¶ Si obii
1250 2513 2029 2568 citur contra regulam istam. quod hoc nomen sapientia est
1242 2563 2019 2610 nomen abstractum. et tamen supponit pro per¬
1248 2605 2015 2650 iona. quia vere dicitur sapientia de sapientia pro per¬
1229 2644 2022 2694 sona. Nam sapientia genita est de sapientia ingeni
1240 2685 2029 2763 ta vt dicit Aug. Respondetur secundum Aureo. in compen. et Tho.
