2256 3305
226 305 1007 377 relatiue que in deo numerantur potest plurificari. et
231 365 1003 413 pluraliter dici numerando tres personas diuinas
229 407 845 469 Hec ex Bonauem. concor. communiter doctores.
240 445 1001 524 ¶ Quid de illis locutionibus hu
228 503 988 569 iusmodi quae negat Athanasius in symbolo dicit quod non
216 554 997 600 sunt tres omnipotentes sed vnus omnipotens. non tres
225 597 1002 646 eterni sed vnus eternus. Sicut non tres increati
222 640 991 694 nec tres immensi. sed vnus increatus et vnus immen¬
221 674 995 740 sus. non tres domini sed vnus dominus. Similiter est secundum doc.
228 722 991 787 de illa non tres creatores. sed vnus creator ¶ Re
219 760 998 812 spondet Fran. Mayro. in conflat. primi di. xii. q. i. ar.
217 809 1000 872 ii. quod huiusmodi locutiones de vi sermonis non essent negan¬
222 853 1001 903 de qua negat athanasius sed propter timorem erroris. ne
207 892 1000 944 tres deos suspicaremur dicendo tres eternos
204 934 989 989 tres omnipotentes et huiusmodi. Sed Guil. e. di. xii. dicit quod
222 974 995 1031 hoc ideo est quia nomina diuina substantiue sumpta si
213 1018 986 1063 gnificantia essentiam non dicuntur in plurali. sicut non
216 1061 998 1106 dicitur tres dii vel domini vel omnipotentes. nisi termini isti
222 1104 999 1153 caperentur adiectiue. Et patet vbi Nomen diuinum. ter¬
210 1140 989 1211 tio vice. §. xxiiii. ex regula sexta ibi posita. Ad idem
216 1179 682 1251 aliqua vbi Principium. §. x. et. xi.
441 1239 992 1329 Bduratio Quid
411 1315 996 1370 sit et vnde dicatur. Nota secundum Guil. in pri
426 1360 989 1403 mo di. xli. iuxta sententiam Aug. lib. de
213 1373 1001 1452 Predestina. sanctorum. Quod obdurari est obuiare dei man
219 1449 998 1506 datis et resistere diuine inspirationi ex voluntatis ma
217 1481 995 1536 licia. Unde secundum Bonauen. in primo dist. xl. ar. iii. q. i.
223 1531 998 1576 concor. Rich. e. dist. Obduratio in spiritualibus transla
216 1573 995 1623 tiue dicitur a duricia corporali. Nam vt dicitur. iiii. Methe.
214 1611 995 1663 Durum in corporalibus est quod non cedit tactui. Et ita
220 1656 998 1703 cor humanum dicitur obduratum quando non cedit tactui di¬
210 1694 997 1745 uine inspirationis et praeceptis diuinis rebellat. Et de
220 1741 1000 1788 tali scribitur. Ecci. iii. Cor durum male habebit in no
216 1782 907 1843 uissimo. Et qui amat periculum peribit in illo etc.
218 1822 989 1907 ¶ Utrum obduratio sit culpa an
226 1863 987 1941 pena: Respondetur secundum Bona. vbi supra et Rich. aliosque
232 1921 998 1974 Quod sicut durum corporaliter habet tres proprietates.
234 1972 998 2022 Prima quod non suscipit impressionem. patet de sigillo quod
222 2011 991 2062 non imprimitur cere dure. Secunda quod stabilis est ad per¬
222 2055 991 2102 manendum in se dure patet in lapide. Tertia quod for
225 2098 990 2147 titer resistit tactui. Ita spiritualiter anima dicitur indurata
216 2138 991 2187 Primo quando non est habilis ad susceptionem gratiae eo
216 2182 986 2233 quod deus in penam peccati commissi subtrahit gratiam qua ha¬
216 2220 988 2278 beret mollificare cor hominis. et sic est passio consequens
217 2270 995 2314 culpam. Et hoc modo ita est pena quod non culpa vt pa¬
216 2304 991 2360 tebit infra Secundo quando firmiter adheret pecatis et perti
228 2343 994 2395 naciter stat in eis in tantum quod decedit in voluntate
215 2400 1001 2446 obdurata. et sic est dispositio peccati praecedentis in homine
229 2429 991 2486 Tertio quando est rebellis diuinis madatis et fortiter
216 2477 999 2529 resistit inspirationi dei. Et quia huiusmodi rebellio ex ma
219 2514 998 2570 litia procedit. Ideo est peccatum graue. Nam et secundum moder
235 2564 992 2619 nos doc. potest quis peccare ex malicia dupliciter. Uno
237 2599 995 2654 modo ex malicia id est ex habitu vicioso malicie inclinan
225 2640 998 2693 te ad eligendum malum. et sic est peccatum sed non in spiritum¬
235 2679 1005 2743 sanctum. Alio modo ex malicia certa ita quod studiose con¬
243 2726 1002 2792 tendit abiicere omne illud quod posset impedire ele¬
1074 305 1855 379 ctionem peccati. et contemnit dei inspirationem ac abiicit vt
1080 375 1846 420 liberius peccet et hoc est peccatum in spiritum sanctum et per con
1072 415 1853 478 sequens grauissimum. vt patet in sum. Ange. et Anthon.
1083 459 1852 537 ¶ Utrum obduratio cordis sit a
1072 518 1853 568 deo: arguitur quod sic. quia Rho. ix. dicitur quod deus cuius vult
1065 564 1844 623 miseretur et quem vult indurat. Item. ii Corum. iiii. De
1081 609 1850 657 us huius seculi excecauit mentes infidelium. Et Exo.
1063 642 1840 703 iiii. dicit dominus. Ego indurabo cor pharaon. In oppo
1065 687 1837 745 situm Psalmus dicit psalm. xciiii. Hodie si vocem domini aud. no
1077 730 1852 780 ite obdurare corda vestra. ergo hominis est obdurare
1086 772 1838 819 Item Aug. dicit quod deo autore non fit homo deterior. hoc
1065 818 1840 872 autem fieret si deus esset causa obdurationis. ergo etc ¶ Dicen¬
1074 853 1843 904 dum ergo ad obiecta ex scipturis praetactis quod omnes huiusmodi
1072 898 1841 945 auctoritates quae sonant quod a deo est obduratio: intelli¬
1074 942 1844 987 gende sunt permissiue tantum. Et per accidens inquantum scilicet
1062 982 1843 1030 deus non impertitur gratiam emollientem cor hominis illi qui non
1074 1025 1852 1070 vult eam habere. Et hoc iusto iudicio vt infra patebit
1075 1064 1844 1122 statim. Non sunt autem intelligende sic quod deus sit causa ob
1074 1109 1840 1162 durationis operatiue vel causatiue scilicet imittendo ma
1074 1154 1847 1208 liciam obdurationis etc. ¶ Respondetur ergo ad quaesitum recol¬
1074 1193 1847 1240 igendo secundum Bonauem. Rich. et Tho. in scripto primi
1074 1239 1847 1285 di. xl. q. vlti. nec non Lyram in postil. super Heb. iii. etc
1065 1281 1846 1330 quod de obduratione dupliciter est loqui. et sic diuersimo¬
1068 1325 1852 1369 de potest attribui. deo vel homini sicut idem effectus di¬
1066 1361 1849 1407 uersis causis ¶ Uno modo enim obduratio dicit men
1068 1406 1846 1457 tem obstinatam in malo culpe. Et quia sic est peccatum. ideo
1077 1450 1840 1499 non est a deo. quia deus non est causa peccati vt dicit Augu.
1069 1489 1853 1543 Sed est a voluntate mala hominis inchoatiue et deme¬
1068 1529 1850 1584 ritorie inquantum per liberum arbitrium adheret peccato. et per
1074 1575 1843 1623 consequens auersus a deo totaliter quantum in se est: deme¬
1065 1617 1852 1668 retur quod deus subtrahat sibi gratiam suam mollificantem
1074 1662 1853 1701 cor. ideo per peccatum homo obduratur ¶ Alio modo obdura
1059 1700 1837 1751 tio est quedam pena iuste inflicta. et sic dicit priuatio¬
1062 1743 1850 1789 nem gratiae quae est in penam peccati perpetrati. Et sic est a deo in
1075 1784 1853 1835 quantum est pena iuste inflicta. Nam omne iustum est bo¬
1066 1832 1805 1879 num. et omne bonum est a deo. ergo etc. Et declaratur sic.
1072 1869 1852 1916 Quero namque vnde est quod iste peccator non habet gratiam
1075 1916 1843 1964 mollificantem cor. Ad hoc Diony. Aug. Anselmus. ac san¬
1065 1954 1841 1998 cti communiter dicunt quod non ideo. quia deus nollet dare gratiam
1068 1997 1841 2052 cum praesto sit omnibus dare vt patet per scripturas. Sed
1062 2037 1844 2085 ideo quia ipse homo non vult gratiam recipere vel ha¬
1065 2081 1841 2125 bere nec vult petere aut praeparare se ad eam vt de
1078 2120 1856 2172 bet. Propterea deus non infundit sibi. et hoc est iu¬
1071 2167 1849 2209 stum vt gratia non detur ei qui non vult eam. Sicut iu
1065 2207 1853 2255 stum est vt rex non det donum suum ei qui non vult
1066 2249 1844 2302 accipere Et sol non det lucem ei qui claudit oculos
1075 2292 1834 2338 ne videat. sic ergo fit iusto iudicio vt peccator obdu
1062 2335 1841 2383 retur ex malicia sua de se. et non est hoc a deo nisi
1074 2378 1717 2442 inquantum pena iusta pro peccato hominis illius etc.
1113 2415 1843 2495 ¶ Sed difficultas est. quia idem
1068 2477 1844 2534 per sui praesentiam et absentiam est causa contrariorum vt di¬
1077 2516 1843 2566 citur. ii. Phy. Nauta enim per sui praesentiam est causa
1074 2563 1838 2616 salutis nauis et per sui absentiam est causa periclitati
1059 2611 1837 2652 onis eiusdem. Sed deus per sui praesentiam est causa
1071 2651 1852 2699 mollificationis cordis. ergo per sui absentiam est
1069 2696 1850 2744 causa obdurationis hominis. Item habetur extra de
1072 2737 1853 2794 iniur.. et dam. dato c. Si culpa. Qui occasionem
