2265 3305
238 292 1021 380 quia pertinax et indignatio eorum quia dura etc. ¶ Ui¬
237 363 1010 418 timo indurat emende contemptus etiam per flagella. Et
238 406 1013 455 ideo Greg. dicit. Quos praesentia flagella non corri¬
237 454 1007 497 gunt ad futura supplicia perpetua perducunt. Nam
238 494 1016 539 Ecci. iii. Cor durum male habebit in nouissimo.
231 529 1013 585 Exemplum de iudeis a deo multipliciter flagellatis
241 567 832 633 et de regno eiectis et adhuc induratis
288 624 1001 691 ¶ An homo qui cadit a iusticia¬
228 676 1012 726 induratur in malicia coronam suam sic perdat quod alius
234 721 1010 771 resurgens a malicia illam accipiat: Ad hoc scriptu¬
232 757 1007 804 ra satis clara est Apoc. iii dicit. Tene quod habes no
238 800 1016 844 alius accipiat coronam tuam Super quo Aug. lib. de
238 842 1007 893 praedestina. sanctorum dicit sic. Predestinatorum ita certus
234 889 1007 939 est numerus vt nec addatur eis quicquam. nec minu¬
228 929 1007 983 atur ex eis. Tene ergo quod habes ne alius accipi
228 973 1011 1022 at coronam tuam. Si autem alius non est accepturus
226 1011 1009 1061 nisi iste perdideritcertus est numerus electorum Hec
237 1054 1013 1096 ille. Ex auibus patet ad quesitum ¶ Sed restant du
231 1093 1003 1139 bia scilicet ¶ Quo coronam suam homo dicitur perdere. Ad
225 1138 1004 1188 quod respondetur secundum Tho. prima parte. q. xxiii. ar. vi. in sol¬
234 1178 1007 1232 primi argumenti dicit quod corona dicitur esse alicuius du
234 1220 1009 1274 pliciter vicem. Uno modo ex praedestinatione diuina.
225 1266 1001 1318 et sic nullus perdit coronam suam quam deus ille prae
228 1308 1000 1359 uidit. Alio modo ex merito gratie. Quod enim me
244 1347 1013 1400 remur quodammodo nostrum est. Et sic homo quam¬
237 1397 1009 1440 diu est in gratia meretur coronam. Et potest illam perdere
231 1437 1021 1484 per peccatum subsequens etc. Qui si iterum conuertitur ad pe
235 1481 1019 1521 nitentiam recuperare potest eam. Si aut induratur non
235 1519 1010 1566 recuprabit. Sed in tali duricia moriens in pecca
233 1558 1022 1602 tis in eternum peribit ¶ Sed quomodo coronam vnius
237 1599 1013 1651 perditam alter accipiat Tho. ibidem dicit quod duo¬
235 1647 1013 1693 bus modis. Uno modo inquantum in officium eius
240 1687 1013 1732 vel in locum illius surrogatur. quia vt ait idem et
238 1728 1015 1777 concor. Lyra in postilla super Apoc. iii. Deus non sic
237 1773 1012 1822 permittit aliquos cadere quin alios erigat secundum il¬
237 1817 1015 1859 lud Iob. xxxiiii. Conteret multos et inumerabiles
240 1854 1015 1905 alios stare faciet pro eis. Sic enim in locum caden
234 1897 1016 1946 tium angelorum substituti sunt homines. Et in lo¬
237 1936 1013 1986 cum Iude apostolis Matthias. Et in locum gentis iu¬
238 1980 1013 2027 daice christiani. Alio modo inquantum de bonis
240 2020 1012 2082 que alius fecit in patria gaudebit iste specialiter
231 2065 1003 2119 substitutus. Nam ibi vnusquisque gaudebit de bo
231 2106 1007 2161 nis tam a se quam ab aliis factis. Hec ex Tho. Item
243 2152 1009 2198 exemplum de. xl. Martyribus quorum vnus ceci¬
240 2189 1007 2241 dit et eius coronam clauicularius ad fidem conuei
243 2231 647 2299 sus accepit patet in legenda:
448 2279 1013 2377 Biectum. de hoc
429 2364 1000 2414 nota secundum Guil. in primo di. xxxv. quod
429 2408 1019 2448 obiectum dicitur quod se obiicit seu praesentat
237 2422 1021 2497 potentie operanti puta color dicitur obiectum vi
241 2485 1019 2535 sus. Et sonus obiectum auditus. Item ens vel ve
240 2536 1022 2582 rum est obiectum intellectus nostri. Et essentia
243 2572 788 2634 diuina est obiectum intellectus dei
328 2611 1007 2688 ¶ Sed quod est obiectum prima¬
249 2678 1022 2727 rium intellectus diuini. Respondetur secundum eundem
253 2721 1028 2791 Guil. Scotistam aliosque communiter quod respectu diuini
1086 321 1864 371 intellectus primo se obiicit diuina essentia con¬
1083 368 1861 419 templanda. propterea dicitur obiectum primarium Et se
1087 408 1849 460 habet respectu diuini intellectus in ratione mo
1086 454 1864 498 uentis et terminantis capiendo mouens large.
1090 492 1871 537 Denique ibidem dicit idem Guil. quod sub isto prima
1087 537 1874 587 rio obiecto comprehenduntur modi intrinseci deita
1090 581 1865 637 tis et attributa diuina et persone divine etc. vsque ad
1093 622 1816 673 rerum esse cognitum. quod est secundarium obiectum.
1086 649 1864 718 Secundo itaque respectu diuini intellectus se obii.
1093 705 1867 750 ciunt creature in esse essentie cognito seu intelli¬
1095 747 1862 802 gibili. Et istud esse intelligibile non mouet intel¬
1084 790 1859 843 lectum diuinum. sed solum terminat. et ideo obiectum
1085 829 1861 875 nominatur secundarium et producitur in tali esse per co
1090 871 1863 928 gnitionem obiecti primarii. et sic patet. Tertio se
1089 914 1858 963 obiiciunt creature in esse realis existentie Et iste
1083 959 1865 1001 nec terminant nec mouent intellectum diuinum. Sed
1086 994 1864 1049 solummodo est ipsarum creaturarum respectus ad deum
1083 1043 1859 1097 de tertio modo relatiuorum. ita quod ad deum referun¬
1086 1088 1855 1139 tur. non deus ad eas vt patet vbi de Relatione. §. x
1090 1124 1868 1181 Et pluribus passibus. Ex istis patet quid sit obiectum
1085 1166 1866 1233 primarium et quid secundarium ac tertiarium intellectus
1083 1206 1205 1263 diuini.
1131 1251 1866 1350 ¶ Sed quod est obiectum primarium
1080 1320 1862 1391 intellectus nostri. vide vbi Cognoscere. §. iiii. Et
1083 1368 1393 1441 vbi Habitus. §. ii.
1255 1445 1868 1524 Biectiua potentia. de hoc
1257 1521 1844 1579 vbi Esse. §. xxvii. Et vbi Idea. §. viii.
1269 1601 1862 1693 Mnipotentia. vide de
1270 1665 1688 1733 hoc vbi Potentia dei etc.
1303 1751 1854 1852 Dinio. circa hoc
1276 1833 1859 1891 queritur. Utrum contrarie opinari de no
1269 1881 1850 1935 tionibus diuins vel proprietatibus sit peccatum
1086 1916 1858 1976 Arguitur quod sic. quia vt Augu. dicit. Mendacium
1077 1966 1858 2015 in christiana religione est peccatum grauissimum
1098 2004 1864 2057 Idem etiam lib. i. de trini. dicit quod nec alicubi pericu¬
1080 2048 1840 2106 losius erratur quam circa diuina. Preterea idem Aug
1074 2092 1858 2140 dicit quod non solum ille mentitur qui dicit falsum. sed
1077 2133 1849 2181 etiam qui asserit dubium. Sed ad propositum constati
1086 2174 1850 2229 quod contrarie opinantibus circa notiones diuinas ne
1083 2215 1864 2272 cessarium est alterum illorum dicere falsum etc. vel er¬
1090 2260 1862 2314 rare. aut asserere dubium quid circa diuina et in
1084 2299 1860 2359 religione christiana. ergo peccatum est. ¶ Sed in
1083 2345 1850 2399 oppositum est. quia vt Hiero. dicit Quod de scripturl
1083 2385 1855 2441 non habet autoritatem eadem facilitate contemnitur
1083 2427 1849 2473 qua approbatur. Sed notiones non habent auto.
1081 2472 1849 2526 ritatem expressam ex scripturis. nam inuente sunt
1083 2513 1849 2558 a magistris theologie Nec etiam numerus notio
1083 2552 1855 2607 numi et proprietatum in diuinis: est de illis que sunt
1087 2600 1862 2648 necessaria ad salutem. ergo licet in talibus secundum ra¬
1092 2634 1868 2688 tiones contrarie opinari Sicut et plurimi sancti opi
1090 2664 1852 2740 nati sunt etiam de scripturis aliquibus in quibus
1096 2722 1856 2788 non habetur determinata veritas ab ecclesia¬
