2253 3291
366 307 1144 390 Respondetur ergo adquesitum secundum Bonauen. in dimo
360 359 1139 424 dist. xxvii. q. vlti. concor. Tho. in scripto eiusde pri
372 411 1127 467 mi dist. xxxiii. ar. vlti. quod de his que spectant ad do
369 450 1127 506 ctrinam christianam distinguendum est. ¶ Primo
375 494 1139 547 namque quedam sunt de necessitate fidei. Et circa ista
364 545 1139 590 opinari contraria simpliciter est peccatum in altero
372 580 1144 637 scilicet qui falsum opinatur. Etsi sit simplex tantum opinio
362 631 1141 676 est peccatum erroris. Si autem assit assertio et defen
374 646 1138 717 sio talis opinionis heresis est dicenda ¶ Secundo
370 714 1145 758 quedam alia sunt non de necessitate fidei absolute
369 752 1147 800 sed de ce rttiudine sacre scripture et in his si con¬
377 790 1144 840 traria opinio veniat ex ignorantia non est culpa. vt
379 832 1138 885 si vnus simplex homo credat quod Iacob fuerit pa
379 878 1151 925 ter Isaac. Alter econuerso credat opinando. Scien¬
379 922 1138 967 ti aut scripturam peccatum est si scripture contrarium
381 958 1147 1019 opinatur simpliciter. Qui si defendat hereticus est
379 995 1151 1049 iudicandus. quia contradicit sacre scripture. ¶ Ter
378 1042 1149 1090 tio quedam sunt annexa fidei vel scripture vt illa
376 1083 1152 1136 que faciunt ad fidei explicationem et scripture ex¬
385 1131 1144 1182 positionem. Et in bis illa opinio que magis con
390 1168 1151 1215 cordat et sequitur ad fidem et scripturam est tenenda
391 1208 1154 1266 Illa autem opinio que sequitur oppositum: si teneatur
384 1253 1153 1303 ante partractationem et determinationem tanquam opi¬
385 1297 1153 1342 nio: potest sine peccato teneri Sed post partracta
393 1333 1162 1387 tione et determinationem tenere est peccatum. sicut
391 1375 1148 1426 et opinari falsum de his que determinata sunt per
391 1419 1157 1468 fidem et scripturam. Si autem in his que sunt an¬
384 1464 1162 1513 nexa fidei vel scripture. opinetur quis tale quod non
393 1506 1166 1553 sequitur ad fidem vel scripturam. nec tamen repu
398 1542 1162 1605 gnat eo quod dubium est. bene licet opinari etiamsi sic
394 1592 1160 1638 talsum de facto. puta opinari quod Ioannes euange
399 1626 1154 1675 lista sit translatus in paradisum terrestrem. vel quod
394 1675 1166 1721 sit glorificato corpore in celo. Sed tamen non li¬
400 1712 1162 1762 cet asserere dubium circa deum. Quia opinari est
394 1753 1168 1806 rationis conferentis. Sed asserere dubium circa de¬
399 1799 1154 1846 um est rationis superbientis. Concedendum est ergo quod
399 1846 1159 1890 opinantes contraria de notionibus diuinis vel pro
405 1889 1159 1930 prietatibus cum iste sint de his que sunt annexa
397 1922 1166 1972 fidei. Si vterque teneat suam opinionem vt opinio
406 1958 1175 2018 nem: non asserendo partinaciter non peccant Sed si
400 2004 1169 2054 asserat: vterque peccat. non propter errorem vel ignoram.
394 2048 1166 2100 tiam. sed propter praesumptionem. quia dubium asserit
403 2086 1168 2137 circa deum et fidem. ¶ Unde ad argumenta in
399 2133 1178 2194 principio obiecta ex dictis Augu. Respondetur secundum eun
399 2171 1166 2229 dem Bonauem. Ad primum dicendum quod taliteriopinan
406 2220 1177 2262 tes scilicet opinionc simplici de bis que sunt annexa
400 2260 1165 2308 fidei non dicunt mendacium in religione christiana
411 2303 1174 2359 quia neuter dicit contra mentem et credulitatem cum
411 2341 1144 2387 hoc non sit de necessitate fidei sic vel fic credere
412 2373 1178 2434 Similiter ad secundum dictum Augustini Respondetur quod
414 2430 1180 2474 error talis periculosus esset si esset contrarius fidei
412 2467 1168 2523 sed non sic est in proposito de notionibus et proprietatibus
408 2504 1186 2566 que non spectant ad fidem de necessitate. ¶ Ad ter¬
409 2545 1177 2600 tium autem dictum Augu. concedendum est quod qui asserit
408 2590 1174 2638 dubium mentitur si assertiue loquitur vel si defendit ta
414 2633 1178 2690 le dubium quod propria autoritate de deo affirmat quod
412 2674 1180 2726 nec scriptura dicit nec fides. nec ad illas sequitur
407 2716 1183 2796 per certitudinem. ideo peccat. et tanquam praesumptuosus
1199 297 1972 374 est iudicandus etiamsi verum sit quod dicat Etsi dubi
1196 367 1968 416 tet corde et affirmat ore mendax est. Si vtroque mo
1212 410 1980 458 do asserit: superbus est. sed si tantummodo opinatur
1199 451 1975 503 nec asserit sed vt opinionem tenet in talibus non pec¬
1202 496 1564 553 cat Hec ex Bonauen.
1256 520 2062 599 ¶ Sed quid de opinione Silberti §r
1206 598 1990 652 porritani circa proprietates. qui dice bat illas non
1214 639 1985 685 esse deum. sed quod essent extrinsece aduenientes et assi¬
1206 675 1989 730 stentes essentie diuine: Ad hoc respondetur secundum Bona. ibi¬
1216 722 1982 773 dem et communiter doc. quod illa opinio est Erronea quia ad
1221 762 2002 822 eam sequitur contrarium fidei. videlicet quod si proprieta¬
1215 801 2000 853 tes diuine non essent idem quod deus in re. Cum eccle
1210 843 1996 895 sia adoret ipsas proprietates tunc adoraret non deum
1221 888 1981 941 verum. et sic ecclesiia erraret adorando eas. aut non
1215 925 1991 980 deus esset adorandus que sunt fidei contraria. et sic
1215 969 1994 1026 erronea Ideo Bern. contra eum dicit illam proprietatem qua
1218 1011 2003 1071 deus non est non mihi adorabilem credo. Sed quia
1226 1052 1997 1107 adorantur proprietates ab ecclesia. ergo etc. ¶ Uide ad
1221 1093 2006 1148 idem vbi Prope. §. vi. Unde postquam sibi fuit osten¬
1217 1135 2008 1194 sum hoc esse inconueniens et falsum: si non retra
1227 1181 2009 1234 ctasset fuisset hereticus iudicatus. Sed retracta
1228 1228 1810 1280 uit in consilio Remensi vt dicit Bern
1269 1268 2006 1334 Item quid de opinione Ioa¬
1222 1331 2009 1374 chrium abbatis cuius dicta reducit Guil. in primo
1229 1368 2018 1419 lib. dist. v. praecipue ad tria. Primo enim dicit quod essen¬
1223 1418 2008 1463 tia generat et generatur in diuinis Et de hoc satis
1241 1451 2025 1504 patuit supra. Ubi Essetia diuina. §. xxiii. Secun¬
1235 1505 2020 1546 do idem Ioachim dicit quod tres persone divine solum
1230 1538 2014 1586 sunt vnum quasi vnitate specifica. et sic collectiue et
1227 1578 2021 1627 non identice sicut Petrus Iacobus et Ioannes. sunt
1227 1618 2017 1673 tres persone humane. Et in vno aliquo opere simul
1238 1662 2020 1712 operantes sunt vnum scilicet collectiue et vnitate specifica.
1242 1709 2017 1756 Et hic est error pessimus et damnatus per Papam
1241 1745 2020 1800 et concilium ecclesie generale. Extra de sum. trini. et fide
1240 1785 2004 1842 ca. c. damnamus Ioachim. Nam ibidem declaratur quod
1239 1834 2020 1881 eadem essentia diuina numero et non solum specie est
1232 1869 2016 1928 in tribus personis. et sic ibi est identica vnitas sicut in
1238 1914 2025 1966 animam rationali sunt tres potentie scilicet memoria: intelle¬
1233 1959 2019 2012 ctus: et voluntas: identice non collectiue Iste Ioa¬
1243 2006 2024 2049 chim sicut Inscius modico credidit signo probans
1245 2042 2018 2090 suam positionem ex illa autoritate christi orantis pa¬
1245 2081 2020 2133 trem. dici. Rogo vt sint vnum sicut et nos sumus. Unde
1238 2127 2020 2176 dicit quod exquo nos non sumus vnum nisi vnitate natu¬
1242 2167 2033 2217 re specifice. ergo nec persone divine sunt vnum nisi vnita¬
1240 2206 2019 2258 te specifica Sed ad hoc respondetur ex praedicta decretali quod
1254 2250 2017 2300 bi ly sicut non dicit plenam similitudinem sed sic intelligitur
1260 2291 2021 2342 Rogo vt sint vnum secundum suum modum. sicut nos sumus
1249 2334 2036 2388 secundum nostrum modum. quia tres persone sunt vnum per essen¬
1249 2375 2042 2430 tiam. nos autem sumus vnum per charitatem Simile dicitur Mat.
1250 2416 2030 2473 v. Estote perfecti sicut et pater vester caelestis perfectus
1252 2463 2036 2512 est Et tantum impossibile est quod nos simus ita plene per¬
1252 2504 2042 2554 fecti sicut pater caelestis quia ille perfectus est nata nos
1249 2548 2030 2602 autem accidentali dono. sed intelligitur secundum nostrum mo
1249 2582 2042 2634 dum sicut nobis est possibile ¶ Tertio Idem Ioachim dicit
1252 2630 2027 2681 quod Magister sententiarum est hereticus eo quod dicit essentiam nec
1257 2669 2027 2724 generare nec generari. Sed papa cum concilio da¬
1248 2711 2038 2775 muauit dicta Ioachim Et a prophauit dicta magistri
