2259 3310
229 310 1012 374 apistolus. i. Corum. vii. permisit vxorari. quia non prohibu
249 366 1024 412 it praecepto. nec praecepit virginitatem. Tertio modo di
237 408 1025 456 citur permissio vt opponitur cohibitioni. et sic dicitur deus
247 453 1017 502 mala permittere id est non cohibere. vnde sic capiendo per¬
231 494 991 554 missionem est vnum de signis diuine voluntatis
264 532 1010 611 ¶ Que exiguntur ad diuinam permis¬
244 590 1019 643 sionem Respondetur secundum Guil. supra. quod tria Primum est scita
244 638 1007 685 Unde praelatus dum ignorat quod subditus facit mali
237 678 1018 730 non permittere dicitur. Secundum est non velle. Nam actus di
243 719 1010 767 uine voluntatis. aut accipitur per modum volitionis.
250 764 1006 817 sic dicitur volitio. aut per modu nolitionis vt dicatur no
255 806 1012 851 litio. et ambo sunt positiui actus ad modum duo
243 846 1006 894 rum contrariorum. Aut accipitur vt signetur per modum nom
246 896 1016 948 volitionis. Et dicitur non volitio actus pure nega
250 935 1019 988 tiuus nil ponens. et sic nolitio opponitur contrarie
251 973 1022 1021 volitioni sicut odium et amor. Sed non volitio
256 1015 1021 1067 opponitur contradictorie volitioni. Unde ad propositum lo¬
250 1057 1025 1111 quendo proprie. Deus habet velle respectu bonorum
259 1096 1012 1151 Et habet nolle respectu malorum quae ex toto impe
255 1141 1013 1193 dit ne fiant. Sed habet non velle respectu malorum
259 1194 1016 1241 que permittit. vnde communius est non velle quam nolle
250 1224 1018 1280 quia nolle est respectu malorum tantum que omnino prohi
250 1267 1031 1317 bet Sed non velle tam respectu malorum qua omnino prohi
255 1304 1016 1353 bet quam respectu malorum que permittit. sicut album¬
250 1349 1019 1405 nigrum sunt contraria. sed album et non album contrad
249 1381 1031 1450 ctoria. Et non album communius est quam nigrum patet. quia
264 1438 1028 1489 omne nigrum est non album. sed non omne non al¬
249 1477 1030 1526 bum est nigrum. sicut rubeum est non album. nec
264 1522 1025 1574 tamen est nigru etc. Mon sic est quod deus si haberet sim¬
247 1574 1028 1618 plex nolle ne hoc malum puta homicidium fieret
249 1614 1028 1664 nunquam posset fieri. hoc autem non habet. sed habet
255 1649 1028 1704 non velle. et sic permittit. licet non velit fieri ¶ Et nota
268 1691 1023 1740 quod in nobis velle et nolle sunt duo actus positium
268 1737 1022 1785 Sed in deo sunt vnicus actus voluntatis sim
262 1777 1025 1825 plicis sed est ibi differentia tantum ratione obiectorum
255 1816 1034 1875 Tertio exigitur vel requiritur ad permissionem diuinan
264 1864 1024 1911 quod sit aliquod velle diuinum reflexum super huiusmod
252 1909 1034 1954 non velle praedictum. Ut sic sit accipienda permissio¬
263 1952 1028 1996 Primo deus praeuidet et scit quod fiunt mala. Secundo
265 1986 1025 2038 habet non velle mala fieri. Tertio habet quod
262 2029 1040 2079 dam velle quo vult se non velle mala fieri. et hoc vel
271 2071 1037 2125 le est actus reflexus super istud nolle. Et sic patet
273 2111 1031 2174 quod permissio diuina dicit tria. vnum in intellectu vicem
267 2152 1040 2209 scientiam. et duo in voluntate scilicet non velle. et velle
261 2194 677 2255 non velle etc. Hec ex Guil.
262 2238 1022 2320 ¶ Si ergo querat arguendo so¬
279 2293 1028 2346 phistice sic. Aut diuina voluntas vult fieri ma
261 2350 1033 2395 la que permittit. Aut vult mala non fieri Hec enim
267 2390 1044 2434 videntur esse contradictoria. Si dicas quod vult non fie
271 2425 1034 2471 ri. ergo non permittit fieri. Si autem dicis quod vult fieri
262 2468 1043 2518 ergo est causa malorum. Respondet doc. subti. in repor¬
270 2509 1022 2566 tatis parisius. e. dist. xl vii. primm. q. i. EtGuil etc. quod
266 2557 1040 2605 neutra pars est vera. vnde iste non contradicunt vel
274 2594 1044 2645 le fieri et velle non fieri. Sed siquis velit habere
268 2638 1038 2687 contradictionem. dicat sic Aut deus vult mala fier
268 2678 1046 2727 aut deus non vult mala fieri. ita quod praeponatur ne¬
267 2719 1046 2787 gatio huic quod dico vult. et non solum ad ly fieri. et
1074 317 1868 390 ista secunda est vera scilicet quod deus non vult mala fieri
1077 372 1484 416 et idem est quod per mittere¬
1110 442 1861 538 ¶ Depermissione vide plura vbi
1086 507 1253 577 Malum.
1099 581 1848 674 ¶ Quomodo se habet dei voluntas inper
1090 657 1847 710 mittendo mala: Nam voluntas que posset impi
1099 699 1861 745 dire malum sed non vult impedire videtur esse mala.
1087 742 1867 791 sed dei voluntas sic se habet ergo etc. Maior patet
1081 787 1853 835 per illud Aug. lxxxiii. dis. error. Ubi dicitur Error cui non
1083 830 1859 876 resistitur approbatur. Et Rho i. Digni ster morte non
1093 867 1858 913 solum qui faciunt sed qui consentiunt etc. Sed hec ob
1095 909 1867 954 iectio iam extat soluta supra vbi malum. §. viii. quia
1099 953 1861 997 iustum est vt deus permittat mala. ¶ Sed ad quesi
1099 993 1861 1049 tum. Respondetur secundum Guil. supra quod voluntas dei in per¬
1099 1033 1859 1091 missione mali non habet se per modum actus posi¬
1099 1079 1859 1128 tiui sed negatiui Ideoque non potest ex hoc dici mala pa¬
1093 1121 1856 1166 tet Exemplo. Si emim ego scirem quod petrus fac homi¬
1099 1159 1865 1218 cidium et voluntas mea se habeat ad illud omnino ne¬
1096 1205 1867 1258 gatiue hoc est non volendo. et quantum in me est Pe
1092 1247 1858 1292 trum moneone faciat: non debet ex hoc iudicari vo
1096 1287 1856 1351 luntas mea fore mala imo bona Sic in proposito
1105 1330 1853 1406 ¶ Sed adhuc difficultas est. quod
1096 1385 1859 1446 si deus non permitteret: nulla fierent mala quia vo¬
1099 1430 1858 1491 luntas eius est tam potentissima vt quicquid no¬
1092 1474 1856 1522 lit non fiat Sed quoniam illud est causa alicuius: quo
1089 1515 1859 1571 posito ponitur. et quo remoto remouetur. sicut nauta
1102 1563 1862 1613 per sui presentiam est causa salutis nauis et per ab
1090 1599 1864 1648 sentiam est causa periclitationis ex. ii physi. ergo sequitur
1099 1649 1868 1692 quod deus permittens mala est causa eorum. ¶ Respondetur
1095 1688 1867 1736 secundum Guil. ibidem quod praedicta regula tunc habet veri
1102 1728 1862 1783 tatem quando vno posito necessario ponitur aliud sicui
1095 1772 1861 1825 patet in causis necessariis puta Orto sole fit ne¬
1114 1813 1862 1862 tessario dies. alias non tenet veritatem Patet a simili
1095 1858 1868 1905 Tet nempa voluntas non velit nisi primo assit actus intelle¬
1101 1891 1862 1941 lectus non tantum intellectus est causa volitionis. Sic in proposito. non
1098 1943 1871 1991 est necesse mala fieri ex dei permissione sed solum deus
1105 1983 1871 2035 dimittit res vt libere agant suas operationes. Et
1108 2029 1870 2077 vult bonum per se Malum autem per accidens ex hominis
1101 2068 1865 2130 defectu et voluntate fieri permittit vt bonum in
1098 2106 1242 2158 de eliciat
1117 2135 1862 2229 ¶ Sed diceres Quomodo potest deus vel¬
1099 2206 1861 2263 le bonum quod ex malo elicitur et tamen no ipsum malum. quod
1105 2256 1873 2302 enim posset quis velle consequens et non eius antece
1102 2296 1873 2343 dens. Dicit idem Guil. Exemplum ponendo quod dum ca
1111 2339 1867 2385 dit aliquis ad terram clarum est quod possum velle quod
1102 2382 1865 2451 surgat et quod non cexiderit. quamuis surgere sit consequens ad
1104 2421 1534 2492 ad cecidisse Sic in proposito.
1258 2479 1878 2561 Ersona dncie dicitu
1248 2549 1876 2609 tur vel quare sic nominatur Ad hoc nota secundum
1248 2595 1870 2647 Bonauen. in primo distin. xxiii. q. i. Et
1099 2622 1871 2695 cum eo Guil. ibidem Et super. iii. distin. v. Per¬
1104 2682 1877 2726 sona dicitur quasi per se vna seu quasi per se
1104 2724 1876 2786 sonans. Dicitur nanque per se vna quia actuatur
