2390 3333
296 270 1145 345 Ric. supra. quod non est simile. Ratio: quia potentia vel posse re¬
307 343 1152 384 picit obiectum scilicet malum secundum suum esse reale. hoc autem esse
289 378 1146 422 reale mali sub ratione qua malum est: non est res positiua
291 422 1146 468 sed defectus et priuatio boni debiti. Io posse malum est
294 457 1142 512 posse deficere vel corrumpi. quod non est posse sed impo¬
282 511 1149 555 tentie. vt dicit Anselms. prosolog. vii. c. Sed scire respicit rem
287 548 1142 597 quantum ad suum esse intellectui repraesentatum per similitudim
283 590 1155 643 nem illius boni debiti cuius est carentia. Ion malum potest sci¬
287 632 1148 678 ri sine hoc quod sectia mali dicat defectum: imo perfectionem.
278 674 1140 722 quia i. de Anima. Omnis scaia est honorabil vt sceita. ergo deo con
288 718 1152 774 uenit. Uelle autem malum sub ratione mali defectus voluntatis
285 760 1154 807 est. ergo non conuenit deo vt sic: sed sub ratione bomoi scilicet vt est iu
293 798 1141 867 sta pena. Si sic conuenit in aliis a deo effici. et sic patet.
264 853 1154 939 ¶ Sed quid de malo inquantum agitur a creatura. vel est
282 932 599 993 acius vide. i. §. x.
279 965 1145 1046 ¶ Ite an deus possit agere minus
284 1035 1147 1103 itiste. Uide vbi Iusticia. et an posset iuste petrum
294 1078 927 1123 damnare et iudam saluare. Ibidem.
273 1111 1133 1200 ¶ Utrum deus possit supplere vicem cu
300 1189 1142 1234 iuscumque causae efficientis: cau sando totaliter illum effectum:
301 1225 1142 1276 Respondetur secundum Fran. maro. in Confla. primi. di. xliii. q. viii. per
296 1269 1134 1309 conclusionem quod sic. Nam omnim doctorum theologorum communis et
295 1310 1135 1370 sententia. Quod quicquid deus potest facere mediante causa secunda in
299 1354 1131 1416 genere causae efficientis: potest immediate etiam per seipsum tamqua
300 1406 1133 1457 casa omnim prima et perfectissima. Et huius Ratio. quia quicquid
300 1445 1129 1497 continet continens: continet et contentum. sed in dici potentia com
299 1482 1137 1537 tinetur virtualiter omnis causae secunde virtus. ergo deus continet omnem
300 1534 1133 1579 effectum contentum in causis secundis virtute efficiendi et cau
297 1568 1146 1628 sandi etc ¶ Sed arguitur et instantia datur. Quia deus potest
297 1614 1142 1668 causare mediante nostra voluntate actum liberum. et in si¬
300 1656 1130 1712 ne ea non potest. quia si talem actum sine voluntate nostra causa
293 1698 1134 1752 ret in nobis iam non esset actus liber: quia coactelis contingentus
296 1743 1137 1796 fieret. Item deus non potest causare relationis respectum sine
299 1776 1146 1840 termio scilicet paternitate: sine hoc quod esset pater filii. Item deus potest fa¬
300 1822 1134 1876 cere mediante causa secunda: quod effectus causae naturalis sit effe
300 1867 1133 1925 ctus naturalis. puta quod homo generet hominem: et tamen si¬
293 1908 1139 1966 ne causa secunda licet possit facere hominem: tamen non esset effe¬
278 1961 1133 2005 ctus naturalis sed miraclosus. Similiter deus potest producere per
284 1993 1128 2042 se radium quem producit Sol. tamen non vt dicatur radius so
281 2042 1131 2088 lis: quia hoc implicaret secundum Guill. Item deus mediante
278 2088 1136 2130 Ada fecit Cain filium ade. et tamen sine adam non potuit
276 2123 1134 2176 fieri: vt Cain esset filius ade. Nam si sine adam fecisset
280 2171 1137 2218 ipsum Cain: non foret filius ade: nec dei. ergo etc. Respondet
290 2215 1129 2273 ed ad hec idem Fran. quod praedcam conclusio vel regula theologi
293 2251 1134 2306 ca quae communiter est a theologis concessa: non habet locum in
285 2303 1134 2347 actibus liberi arbitrii. quia actus non potest esse liber nisi in ha¬
285 2336 1134 2395 Ditudie ad potentiam liberam a quae elicitur: vt patuit in ar¬
267 2376 1134 2429 Eumento. Denique Guil. et Fran. dicit quod illa regula est ve
267 2425 1130 2489 ra scilicet et concessa in absolutis tantum et non in relatiuis. vt
260 2465 1137 2521 Datuit per exempla praedcam: quae omnia relatiua sunt ¶ Item
257 2512 1127 2573 ¶ Commenta. ix. metap. arguit. Si deus potest omnia supplere
291 2552 1131 2616 e superfluunt causae secunde; Respondetur quod non: quia prima causa et
237 2595 1140 2648 ¶ Ea non eodem modo concurrunt ad eundem effectum. quia prae¬
236 2636 1134 2708 ma principaliter. secunda particulariter vel insttraliter.
276 2678 1118 2751 Sed nunquid concedendum est quod de¬
225 2735 1136 2811 ¶ Scont mediante causa secunda. vtputa mediante volunta¬
1211 276 2009 351 te hominis facere peccatum. Quod tanmtm immediate per se non potest:
1221 347 2009 399 Respondetur secundum e. Fran. ibidem aliosque doc. quod exquo
1218 388 1994 437 in peccato sunt duo. videlicet Unum est actus malus
1221 433 2009 478 materialiter. puta actus homincidii etc. Et vt sic est
1215 472 2010 531 aliquod bonum. Aliud est deformitas peccati ipsum actum
1217 516 2004 566 consequens quae est ratio formalis peccati ipsius a qua de
1206 559 2004 614 nominatur vere peccatum et non ab actu qui est materiale
1221 597 1997 657 quid Sic ergo est dicendum primo quod deus est causa concurrens
1224 648 2009 698 vt causa vniuersalis ad actum quemcumque vt bonum scilicet in¬
1220 686 2000 739 quantum est actus Nam et in agendo quemcumque actum
1215 726 1999 774 deus iuuat creaturam etc. Secundo quoque dicendum quod
1208 766 2003 827 deus non est causa secundi scilicet deformitatis peccati. nec hoc
1212 812 1994 872 potest sed talis deformitas est a voluntate hominis. Denique
1218 856 2000 905 idem Fran. dicit quod videlicet deus sic est causa vni¬
1224 902 2009 955 nersalis peccati quod ipse numquam peccat etiamsi deus ipse
1212 943 1996 987 causaret totaliter actum peccati vel mentiendi: ipse non
1212 984 2006 1039 peccaret nec mentiretur. sed ille homo in quo esset sim¬
1213 1032 1997 1075 pliciter ille actus formaliter. Sicut licet caelum per motum
1208 1072 2009 1115 sit causa generalis: corruptionis et generationis in infe
1206 1112 2003 1164 rioribus tamen caelum non est generans formaliter etc. Item
1207 1159 1989 1207 cum Caiphas a spiritu sancto dixit expedit vt moriatur
1213 1195 2003 1245 christus etc. ipse Caiphas mentiebatur et peccabat. Non
1216 1235 1998 1297 spiritus sanctus qui eu prophetare faciebat etc. ¶ Unde pa
1209 1283 1995 1336 tet quod actus peccati inquantum malum est priuatio. nec
1215 1322 2007 1373 habet tausam efficiente scilicet deum sed deficiente scilicet mali¬
1214 1365 1999 1416 ciam voluntatis sicut motus claudicationis est a ver¬
1199 1406 2006 1466 tute gressiua effectiue. deformitas autem talis mo¬
1206 1452 1962 1497 tus est ex curuitate tibie etc. secundum Lyram et doc.
1242 1517 1998 1600 ¶ Utrumpotentia absoluta et or¬
1203 1580 2003 1641 dinata in deo sint idem: Arguitur quod non quia deus aliquid
1203 1627 1997 1686 potest potentia absoluta quod non potest potentia ordina
1206 1676 1997 1725 ta ergo alia est illa et ista. Probatur quia Aug. xiii. de tri¬
1200 1718 1989 1767 nitate dicit quod deus potuisset nos per suam poten¬
1210 1758 1995 1807 tiam scilicet absolutai liberare alio modo quam per incarna
1216 1800 2004 1855 ionem et passionem. Non tamen de potentia ordinata quia
1212 1840 2000 1896 sanande nostre miserie conuenientior modus non fu
1206 1882 1997 1935 it quam iste quem in redemptione nostra tenuit. Item idem
1206 1927 1988 1973 Aug. li. de natura et gratia dicit dominus Tamarum suscita¬
1209 1974 1985 2017 uit corpore numquid dicendum est quod non potuisset Iudam
1207 2013 1988 2071 suscitare in mente: potuit quide scilicet absoluta poten
1209 2056 1997 2107 tia sed noluit. quia hoc velle inordinatum fuisset ergo etc. Con
1203 2098 1991 2165 tra potentia dei numquam potest esse sine ordine ergo nil potest
1212 2143 1994 2185 nisi de ordinata potentia et per consequens idem sunt Item in deo
1215 2186 1992 2234 vnica est essentia ergo et potentia cum sint idem etc. Ad
1205 2224 1997 2274 hec respondetur secundum Fran. maro. in confla. primi di. xliii. q.
1214 2270 1994 2316 vi. et Guil. in primo di. xliiii. ac Rich. dis. xliii. primi
1225 2319 1998 2370 i. vii. simul colligendo quod licet potentia absoluta et po
1212 2354 1997 2401 tentia ordinata sint eadem potentia in deo. Nam vt
1199 2399 1991 2445 dicit Plato in Timeo. Nihil est ortum sub sole cuius le
1211 2443 1992 2494 gitima causa non precessit ergo deus nil potest nisi secundum ordina¬
1206 2486 1995 2530 tam potentiam facere videlicet ex legitima causa deo no
1210 2526 1988 2576 ta. ideoque quicquid deus facit etiam absoluta potentia: fa
1212 2569 1995 2622 cit potentia ordinata. vel actualiter vel aptitudina
1213 2610 1980 2667 iter ordinatum capiendo. Ueruntamen ista scilicet potentia ab
1209 2652 1987 2702 soluta et potentia ordinata diuersis modis se ha¬
1218 2694 1992 2743 et secundum modum intelligendi quia potentia absoluta
1200 2736 1991 2791 intelligitur communior quam potentia ordinata Ideo bene
