2260 3336
234 287 991 357 ex excessu vel maioritate charitatis vel amoris
228 349 1040 400 intellectiui in eis. sed forte ex passione amoris alio¬
235 394 1010 443 cuius sensitiui in tali hominie. Sicut Exempli gratia
249 429 1012 484 Aliqui deuoti sentiunt aliquam maiorem dulcedinem.
246 474 998 518 quam alii multo solidiores in amore dei qui centu
243 518 998 564 plo promptius sustinerent martyrium quam illi deuo
234 558 995 604 ti. Nec talis dulcedo amoris est actus voluntati
241 605 988 648 elicitus: sed passio quaedam actui attributa quae de
246 646 987 692 allicit peruulos: ne deficiant in via Hec ex Sco
243 686 985 727 Unde secundum Bern. tales deuoti non debent se nimi¬
249 726 997 770 efferre propter huiusmodi dulcedinem deuotionis quasi ipsi
250 766 1001 811 sint maioris charitatis prae aliis carentibus tali dul¬
234 810 1004 857 cedie: quia falluntur tali errore. Sicut enim mustum
243 856 1007 905 plus quidem feruet quam vetus vinum: non tamen propterea se¬
249 899 995 946 quitur quod sit vel erit melius vinum quam hoc verus bao
238 933 988 977 num vinum. Sic in proposito. Ad idem secundum Bona
237 974 1001 1022 uen. super. iii. dist. xxxii. Quamuis Iobnes apostolus di¬
237 1018 995 1074 lexit christum dulcius et familiarius: Petrus tamo
237 1059 996 1108 dilexit fortius. Uerumtamen quis eorum maioris sit chari¬
249 1102 1004 1148 tatis et altioris sanctitatis: in praesenti iudicare non
237 1149 1000 1194 possumus. sed in patria videbimus. quia ille ma¬
246 1193 1000 1233 ior est qui firmius exposuisset se pro dei amore ad
238 1230 1004 1278 mortem et quancunque penam sustinendum. Proba¬
250 1264 992 1319 tio enim dilectionis est exhibitio operis secundum Gres
244 1315 1001 1363 et maxime in sufferendo quique aduersa. Ted enim tam
246 1348 1003 1399 Petrus quam Iobnes apostolis ambo se morti exposuis¬
243 1392 1004 1444 sent pro christo libentissime: tamen vnus eorum maiori cha¬
238 1430 995 1496 ritate id fecisset quam alter. et sic ille esset maior. De
234 1477 455 1533 hoc libro. iii.
420 1540 998 1642 Ffirmatio delatis
423 1635 1004 1685 firmatiua propositio et negatiua quomod
422 1675 994 1734 se habent adinuicem: Nota secundum Guill.
247 1710 997 1767 in i. dist. xii. iuxta philosophum. ii Periher. et. iiii. Me
246 1763 992 1809 taph. pro Regula generali Quod omnis propositionis
237 1810 997 1854 negatiue veritas fundatur semper in affirmatiua
250 1847 1000 1898 sua. Uerbi gratia. Si quaratur: quare ista negati¬
240 1897 995 1940 ua est vera: homo non est asinus. Respondendum
243 1930 1004 1981 est quod ideo: quia homo est homo: et asinus est asinus.
255 1973 1003 2029 ergo homo non est asinus. Nam ex i. Posterurn. nulla
253 2016 994 2072 negatio conuenit alicui enti nisi ratione positionis al
252 2053 989 2107 cuius ¶ Proinde de diuins si quaeratur. Quare est quod
249 2100 994 2148 essentia diuina existente vnica in patre et filio et sper
252 2145 1000 2191 ritum sancto: pater non est filius vel spiritus sanctus et econ
247 2187 998 2241 uerso: Respondendum est quod ideo hec est vera: pa¬
243 2230 994 2277 ter non est filius: et filius non est pater. quia pa
243 2264 997 2328 ter est pater: et filius est filius. licet essentia sit eadem
250 2313 767 2380 numero in qualibet persona diuina.
270 2383 1010 2469 ¶ Item affirmare de deo aliquid
259 2457 1016 2513 quod non certum: an sit peccatum. Uide vbi Asse¬
243 2494 830 2563 rere. et vbi Opinio. §. i. et sequentibus;
300 2588 1003 2658 Item qualis affirmatio aliquem
265 2647 1021 2714 reddit fore hereticum. Uide vbi Opinio. §. i. et
256 2687 469 2756 presertim. §. v
1118 275 1856 412 Bere del Actio
1246 393 1828 439 dicitur tripliciter secundum Guill. Scotis. in
1260 434 1838 481 dist. xiii. Uno modo Actio dicitur quae¬
1065 467 1831 530 dam respectus extrinsecus adueniens. Et sic diffi¬
1066 524 1823 571 nit Gilbertus porritanus libro vi. principiorum. Actio
1065 563 1828 622 est secundum quam in id quod subiicitur agere dicimur. Exen¬
1071 600 1832 660 plum Dolare lignum etc. ¶ Secundo modo Actio capitur
1075 648 1829 691 ad signandum actiones seum verius actus immanentes.
1065 690 1828 734 Et dicuntur immanentes quia manent in agente vt in¬
1065 735 1823 778 tellectio et volitio. Et sic accipitur. vi. Eth. dum philosophu
1078 770 1825 819 dicit Prudentia est recta ratio rerum a nobis agibi¬
1072 810 1832 862 lium. Ars autem est recta ratio factibilium. Item. ix. li.
1065 859 1834 917 Metaph. idem dicit. Duplex est inquit operatio. Que¬
1076 895 1826 947 dam transiens in materiam extra: vt est edificatio
1074 940 1835 986 domus. et illa dicitur factio. Quedam immanens in operan
1072 982 1838 1024 ce: vt visio vel intellectio. et illa dicitur actio. Hec
1068 1019 1835 1065 ille. ¶ Tertio modo Actio capitur pro actu similis ine
1069 1063 1835 1105 teriori et exteriori. sicut cum dicitur Matth. iiii. Pe
1071 1106 1834 1147 nitentiam agite: appropinquabit enim regnum etc. Agite
1069 1145 1637 1208 inquam corde per contritionem: et opere etc.
1118 1185 1823 1265 Nota etiam quod in theologia ista
1075 1255 1831 1305 tria se habent per ordinem Actio: Creatio Factio
1065 1292 1838 1337 Actio enim quoddam commune creationi et factioni.
1077 1333 1841 1382 Quod enim creat agit. et quod facit agit. Creatio vero
1072 1374 1835 1428 differt a factione in hoc. quia creatio nihil praesup
1075 1423 1844 1484 ponit ex parte facti. sed factio praesuponit materi¬
1065 1455 1331 1503 am. Hec vbi supra
1089 1491 1834 1576 ¶ Utrum in diuinis sit aliqua
1069 1568 1838 1615 actio de genere actionis: Arguitur quod sic. quia Boe¬
1070 1606 1831 1651 cius dicit quod deus est primum mouens. Mouere autem
1071 1649 1831 1708 est agere. ergo etc. Sed contra. quia in deum nullum ca¬
1066 1688 1831 1737 dit accidens. xii. Metaph. ergo nullum praedicamentum ac
1066 1733 1841 1787 cidentis est in deo formaliter. Actionis autem genus est
1072 1776 1832 1827 accidens. ergo etc. ¶ Circa hanc quaestionem Primo quod¬
1068 1813 1837 1865 dam preambulum praesnittitur. Notandum ergo secundum Fran.
1080 1865 1834 1915 Maro. super i. dist. xxxii. q. i. quod Actio est nomen
1074 1895 1834 1953 equocum. Nam Primo accipitur pro aliqua actione de ge¬
1070 1943 1838 1994 nere substantie. iuxta illud Augusti. xiiii. de tri¬
1069 1982 1829 2035 ni. dicit quod anima seipsam semper mouet scilicet quia semper
1067 2022 1828 2074 habet essentiam suam sibi praesentem qua potest se no¬
1069 2073 1838 2126 scere  mouere dum vult. Secundo accipitur pro actione
1065 2108 1828 2157 que est de genere qualitatis: sicut intelligere et vel¬
1076 2152 1834 2202 ie. Tertio Alia est actio de genere relationis: sicut
1074 2195 1838 2244 accipiendo pro productione actiua que dicit talem
1073 2233 1838 2285 actionem. Quarto Alia est proprie de genere actionis.
1068 2283 1835 2339 sicut mouere aliquid ad extra. ¶ Predictarum pri¬
1068 2327 1834 2371 ma et secunda sunt in deo. quia essentia semper pre¬
1065 2367 1838 2414 sens est intellectui in deo. et ibi est vere intellige¬
1067 2405 1835 2454 re et velle secundum rationes formales secundum quas inue
1068 2447 1846 2496 niuntur in creaturi. licet ibi scilicet in deo proprie non sint quali¬
1080 2489 1838 2546 tates. Est etiam tertio modo in deo actio. quia ibi
1071 2529 1847 2584 est generatio actiua et spiratio: licet non sint de ge
1083 2570 1835 2628 nere relationis. Totum e dubium huius quaestionis
1074 2597 1843 2675 stat in quarto modo. ¶ Secundo ergo ad quesitum Re¬
1072 2652 1834 2709 spondetur quod Actio proprie qua respicit passum non po
1077 2697 1852 2756 nitur in deo. Ratio. quia omne tale agens in agen¬
