2224 3293
400 269 1183 352 non potest facere praeteritum non fuisse. Unde Aug. ii lib. con
413 331 1182 384 tra faustum. dicit quod deus licet sit omnipotens tantum
407 367 1187 432 non potest facere que inam facta sunt vt non fuerunt.
432 408 1184 475 Idem dicit Anslms. lib. de non concordantia prescie et li.
413 456 1178 515 ar. Item philosophus. vi. Ethico. c. iii. ait Recte dixit Aga
423 497 1193 567 thon quod hoc solo deus priuatur scilicet ingenita facere
415 546 1193 592 que sunt facta etc. ¶ Quare autem hoc deus non potest
431 584 1184 641 Rich. ea. di. xlii. Et Guil. Bonauen. quam et Tho
415 628 1174 682 concor. dicunt quod contradictionem implicat ergo non ha
423 662 1183 718 bet rationem possibilis Sicut enim esse et non esse contra¬
418 714 1187 764 dicunt ita fuisse et non fuisse. Sed esse rem preter
424 753 1183 807 tam est ipsam fuisse ergo esse preteritam et non fuisse com¬
421 791 1181 847 tradicunt Unde secundum Rich. ibidem dicit quod deus hoc non
413 831 1195 892 potest facere non quidem propter resistentiam alicuius vl
424 879 1186 930 defectum potentie dei sed propter contradictionem inclu¬
424 916 1186 972 sam. Item alia ratio ex doc. subti. et Fran. maro. di. xliii.
415 960 1199 1012 Simulque Bonauen. supra. Quia omne posse respi
426 1002 1186 1057 cit ens. aut in ratione principii aut termini aut vtro
423 1046 1184 1099 que modo Nam deus potest facere de ente non ens s. i
417 1083 1189 1137 annihilando. Sicut potest facere de non ente ens scilic
427 1131 1184 1187 creando ex nihilo. Et potest etiam facere de ente eni
417 1168 1181 1226 aliud. Sed impossibile est vt faciat de non ente ni
424 1209 1196 1277 ens quia est nil facere. ergo hoc est non posse facere. Sed
420 1257 1189 1304 quoniam omne praeteritum est non ens ergo facere preteritun
424 1299 1193 1348 non esse praeteritum est facere quod nil sit nihil quod nullius en
430 1330 1187 1395 potentie. Nam implicat nihil est factum ergo est. Et iteri
420 1385 715 1442 est nil ergo non est et etc
480 1404 1196 1492 ¶ Sed difficultas est Cur deus non
421 1487 1201 1541 potest facere preteritum non esse preteritum cum possit pre¬
427 1524 1202 1574 teritum omnino destruere: Nam hanc veritatem Pau¬
423 1563 1205 1619 lus predicauit. vel modos creatus est deus potest sic
427 1614 1186 1666 destruere quod omnino non sit Cur ergo non potest facere quod
429 1657 1199 1701 non fuerit Respondetur secundum Rich. supra. quod licet deus possit
423 1689 1196 1745 destruere omne esse reale actuale veritatis create
421 1732 1193 1785 non tamen potest facere quod creature et earum veritates non
427 1779 1198 1826 sint ab ipso scilicet deo intellecte. Ideoque si omnia creata
427 1819 1195 1873 in nihilum redigerentur adhuc deus intelligeret ver
426 1857 1206 1912 tatem istam. quod modos fuit creatus et Paulus praedica¬
433 1903 1207 1964 uit. et deus dicendo modm fuisse verum diceret vt
433 1948 824 2013 dicit etiam Anlms. et sic patet.
423 1973 1195 2059 ¶ Sed nunquid deus potest face¬
427 2045 1195 2093 re de re preterita quod interum sit praesens et sic facere quod non
427 2089 1201 2135 sit preteritum: Ad hoc respondetur secundum Rich. quod etiamsi deus
424 2131 1195 2178 faceret rem que preteriit interum praesentem semper nihilo
424 2171 1195 2225 minus verum est dicere quod fuerit vel preteriit quamuis
427 2215 1198 2266 modo sit praesens. Sicut Exempli gratia In resurrectione
431 2256 1207 2308 futura eandem corpora in numero que ane fuerunt
431 2293 1196 2346 resurgent in homnibus: tantum per hoc non poterit fieri. quod
429 2337 1204 2393 praeteritum non fuerit. quia etiam tunc verum erit. iste homo fu
429 2385 551 2427 it et est.
438 2410 1198 2491 ¶ An futurum possit deus facere
432 2490 1211 2538 vt non fiat. vel non sit futurum et clarum est quia potest.
442 2528 1201 2578 Quare ergo non sic potest facere de praeterito non esse pater¬
435 2563 1199 2619 tum. Respondetur secundum praedictos doc. quod non est simile de praeter
430 2617 1192 2663 to et de futuro. quia futurum omne adhuc est dependens
436 2653 1198 2703 ex dei manutenentia vt sit a deo. Unde si deus velit proh
435 2692 1210 2764 bere futurum non fit. Si autem facere vel permittere ve¬
1249 273 2003 336 lit fit. sed praeteritum postquam iam res praeterita est: deus non
1260 320 2002 375 potest prohibere: nec dependet ex dei manutenentia: ne
1258 372 1693 431 ex eius operatione vel permissione.
1249 396 2002 476 Nota secundum Fran. distin. xliii. quae
1252 471 2006 522 iii. quod inter impossibilia etiam in determiato gene
1247 509 2005 564 re sunt gradus secundum Aug. sicut et inter falsa. et sic secundum ergo
1246 557 2009 605 dus repugnantie: quadam magis vel minus impossibui
1252 595 2006 647 lia sunt. quia quaedam includunt repugnantiam in primo
1258 642 2012 685 modo dicendi per se. sicut homo et non rationale. asinus et non
1257 674 2014 731 irrationale. quadam in secundo vel tertio. sicut hominem non esse
1250 719 2025 782 risibile. Et illa prima sunt magis impossibilia quam
1264 763 1934 823 ista: licet vtraque sint impossibilia simpliciter etc.
1428 841 2015 921 otentia diuina.
1428 917 1922 980 ¶Quino scilicet respectu infinitorum.
1255 945 2020 1041 ¶ Utrum potentia dei sit infinita.
1266 1016 2028 1073 Arguitur quod non. quia philosophus. viii. physi. dicit. quod si potentia
1270 1069 2024 1116 alicus esset infinita: tunc moueret in instanti. sed vt Aug
1272 1103 2037 1151 viii. super Gen. ad litteram dicit deus mouet spiritum conditum per
1261 1142 2038 1205 tempus. ergo dei potentia non est infinita etc. Sed ad hoc dice
1267 1187 2027 1240 dum secundum Ric. in i. di. xliii. q. ii quod deus operatur secundum volin
1273 1231 2033 1278 tatem suam. ideo potest mouere spiritum conditum et omne mobi¬
1270 1273 2042 1321 le: prout vult in tempore. et si vult potest mouere in instanti. et
1270 1314 2033 1383 sic argumentum hoc non concludit. ¶ Unde ad quaestione Responden
1276 1360 2042 1408 secundum Rich. e. di. xliii. q. ii concor. Tho. et Bon. quod ex
1272 1398 2036 1457 quo potentia dei est idem quod essentia. et ipsa essentia divina est
1270 1440 2029 1491 infinita. ergo et potentia est infinita. Et patet primo auctoritat
1270 1479 2036 1534 bus sanctorum Dio. viii. de di. no. et Greg. ix. morlis. ac
1272 1528 2030 1575 aliorum. dicit communitr. Quod infinita et immensa est virtus et poten¬
1270 1574 2036 1618 tia dei: sicut et essentia dei est infinita: vt de hoc latius pa
1276 1614 2042 1658 tuit. vbi Essentia diuina. et vbi Infinitum. Secundo
1275 1652 2039 1706 patet dictaminibus philosophorum. Nam philosophus. viii. physi. dici
1273 1700 2036 1746 deum esse infinite virtutis etc. Item libro de causis dicitur. quod ens
1282 1734 2029 1794 primum simpliciter habet virtutem infinitam: quia ipsummet est sua vi
1279 1776 2039 1833 tus. Tertio patet declaratione theologorum Nam prio
1282 1814 2051 1872 deus est infinite potentie secundum posse interminabilitatem:
1278 1860 2045 1911 quia vt Chryso. in quodam omels. dicit Omnipotens dicitur deus: quia est
1269 1907 2044 1956 posse non inuenit non posse: sed semper habet posse. Secundo
1275 1941 2051 2001 potentia dei infinita est secundum durationem: quia non habet finem
1276 1991 2048 2041 cum sit eterna. Tertio secundum effectus extensionem. quia
1273 2034 2048 2082 sine fine semper potest miltiplicare effectuum diuersita
1273 2071 2051 2122 tem. Quarto secundum vigorem vel virtutis intensionem. quia operatur
1279 2113 2051 2175 etiam ex nihilo aliquid: et in instanti et per se: sine alicuius
1271 2157 1873 2225 cooperatione auxilii etc. Hec ex Rich.
1270 2201 2070 2280 ¶ An potentiam dei infinitam exce
1274 2261 2026 2322 dat sancia dici: pro eo quod deus scit multa. videlicet mala:
1268 2308 2045 2356 tamen facere non potest. Si excedit. ergo potentia non dicitur infin¬
1269 2352 2041 2405 ta. quia infinitum est quod a nullo exceditur. ex. viii. physi
1293 2394 2044 2448 Respondetur secundum Bon. e. dist. xliii. simul et Richar. Euod si
1275 2436 2042 2484 loquimur de potentia et scientia in se: vna non ex¬
1273 2483 2045 2531 cedit aliam: quia realiter sunt idem cum essen¬
1282 2521 2043 2563 tia diuina. Nec etiam sese excedunt quo ad actus
1273 2557 2045 2616 suos. quia quicquid deus scit: potest scire. et quicquid
1269 2603 2036 2654 potest: scit se posse. Sed si loquimur de potentia et scis
1273 2645 2044 2699 per comperationem ad obiecta quarum sunt: sic sceita est plurium
1275 2686 2060 2757 quam potentia ad operandum. quia sceita est etiam malorum. Sed
