2221 3290
378 278 1148 338 mundum perfectiorem quam iste mundus sit: Ad hoc respondetur
391 337 1144 380 ecundum Guill. ibidem quod non vnus solus mundus tantummodo
379 374 1145 429 sed etiam infiniti latitant in mente dei isto mundo perfe¬
384 422 1150 470 ctiores: et si sic intellexisset Democritus qui posuit in¬
381 462 1156 523 finitos mundos actu: bene intellexisset. Hec Guill.
380 498 1148 556 ¶ Sed vbi esset talis mundus et quomodo se haberet ad istum
390 542 1150 592 mudum: Respondet idem quod supra quamlibet partem celi possen
381 588 1156 635 collocari: aut ad meridiem aut ad septentrionem: aut
385 629 1154 679 occidentem respectu huius mundi. Sicut secundum imagina¬
387 678 1154 721 tionem suam Albumasar in introductorio super astro
381 709 1159 763 logiam dicit quod sub pedibus nostris sunt homines qui dicuntur
378 751 1141 804 antipedes etc. Denique possibile esset quod quilibet illius
378 797 1151 851 mundi alterius species distingueretur a qualibet specie
391 839 1144 904 huius mundi etc ¶ Sed qualiter possemus de illo mundo
381 878 1156 928 habere noticiam. Dico inquit quod per reuelationem dei vel an
377 922 1148 977 gaelorum qua habent nos docere etc. Sed nunquid homines quae
394 970 1159 1015 in illo mundo essent. Adam peccante peccassent. Di¬
387 1010 1163 1069 co inquit quod non: quia non contraxissent peccatum eo quod non fu
395 1048 1148 1111 ssent ex adam nati. Sed dato quod de isto mundo ali
383 1091 1153 1155 qui homines fuissent virtute dei in illum mundum alium
384 1134 1162 1195 translati sicut Enoch et Helias in peradisum terrestren.
390 1174 1156 1224 Utrum christus moriendo in hoc mundo etiam illos rede¬
396 1217 1150 1274 misset. Dico inquit quod potuit non solum pro isto mundo
384 1261 1156 1314 sed pro infinitis mundis si essent satiffacere. Nec opor
384 1303 1151 1361 tuisset eum vicem christum ire in alium mundum vt ibi de no
392 1341 1165 1398 uo moreretur ¶ Ex quae patet grauis error Origenis in
387 1391 1147 1448 periarchon dicentis christut iterum moriturum pro demodibus
393 1430 1157 1484 quod manifeste est contra scripturas. Tum quia vt dicit apostolus
384 1481 1159 1523 Christus resurgens iam non morietur. tum quia Mat. xxv. dicitur.
395 1514 1156 1571 Ite in ignem eternum qui paratus est diabolo et angelis
385 1563 1166 1616 eius. si in ignem eternum ergo numquam sunt redimendi. Hec
384 1602 848 1651 omnia Guil in primo dist. xliiii.
404 1649 1157 1730 ¶ Quare deus cum potuerit fa¬
393 1716 1153 1769 cere huc mundum vel alium perfectiorem vel et minus perfe.
396 1752 1159 1810 aut minus bonum quam est factus. et tamen non fecit: Responden
391 1795 1157 1847 det Bonauem. e. di. xliiii. quod ideo quia sic ipse deus vo¬
397 1840 1147 1889 luit facere et rationem ipse solus nouit. Nam et si min
399 1884 1168 1935 bonum vel mime fecisset: eum nemo arguere posset:
395 1925 1169 1984 quia hoc totum quod fecit fuit ex gratia et mera liberalitate.
384 1968 1168 2023 nec erat aliqua exigentia. Denique dato quod deus alium
402 2009 1159 2065 mundum meliorem fecisset quam hic mundus est. Adhuc esse
395 2047 1166 2102 vltra quaerere quare non fecit illo meliorem cum possit. et ite
393 2096 1175 2152 rum illo alium meliorem. et sic in infinitum procedendo. Pro¬
395 2139 1162 2191 pterea talis quaestio est irrationalis et alia solo non potest dari ni
393 2175 1162 2233 si hec quia voluit et rationem ipse nouit. Hec ex Bona¬
411 2219 1165 2291 ¶ Utrum deus inter quaslibet spe¬
404 2278 1162 2329 cies vniuersi possit facere aliam speciem media. Resonde
389 2321 1159 2380 detur secundum Scotorelis. in prima di. xliii. q. ii quod vna est
405 2364 1166 2415 ppinio dicit. simpliciter quod non. et tenet ratione tali. quia spes se
390 2412 1166 2462 habent vt numeri. sed inter duos numeros immediatos
393 2447 1168 2500 non cadit alius numerus medius secundum philosoph viii. meta. patet de
393 2489 1175 2546 binario et ternario ergo etc. Sed hec ratio non concludit quia non
401 2530 1171 2584 est omnino simile de numero et specie rerum. Spes enim
396 2572 1169 2633 numeri constituitur per vnitatem quae est diuisibilis. Spe¬
394 2615 1169 2673 cies autem rerum constituuntur per formas habentes inter se
402 2655 1166 2715 quandam latitudinem distantie. ¶ Alia opinio est
389 2704 1162 2777 tenens oppositum Ratio eius: quia sicut inter duo
1229 274 1996 335 puncta in linea possunt assignari infinita puncta
1231 333 1990 377 iii. Physicorum. Ita inter duos gradus imita¬
1224 363 1990 419 bilitatis possunt accipi infiniti alii secundum quos va
1231 414 1988 460 ri edeus in bonitate potest a creatura imitari. Sed
1227 444 2005 504 nec hec ratio concludit quia non est omnino simile quoniam
1230 486 1999 550 puncta cum sint indiuisibilia dicunt indiuisibilitatem
1223 535 1999 589 sed gradus imitabilitatis non. ¶ Tertia ergo opinio
1230 571 1987 641 est tenens viam mediam inter hec. Ad qua decliat Sco
1230 618 1993 674 torelis. quod quedam sunt species rerum immediate. quia
1236 656 1997 715 inter ea non cadit aliquod medium. Exemplum ponit
1233 699 2010 760 de specie elementi et elementati ssue corporis simpli
1230 745 2001 799 cis et mixti. Similiter est de differentiis contrariis
1233 779 2009 852 immediatis. vt rationale et irrationale: animatum et inani
1237 822 2002 880 matum. Et inter tales spens immediatas deus non potest
1222 866 1997 924 facere speciem mediam etc. quia hoc repugit quod scilicet sint speies
1224 916 2003 966 immediate et quod possit fieri intur eas spens media. Que
1221 949 2001 1012 dam autem ster speces mediate et de istis bene conceditur quod deus potes
1228 996 2008 1060 aliam facere speciem mediam. supposito quod species n consistant
1232 1040 2008 1093 in indiuisibili sed habeant inter se latitudinem quan
1231 1072 1999 1138 dam formarum distantium etc. sicut videmus quod inter album
1229 1121 2004 1177 et nigrum quae sunt contraria mediant plurimi colores etc.
1284 1161 2014 1238 Sed none potuit deus facere
1227 1222 2008 1281 mundum talem vt essent omnia equaliter perfecta et sic
1228 1267 2009 1327 meliora quam nunc sunt vicem quedam minus bona
1234 1315 2009 1368 vel perfecta: Respondetur ex Fran. maro. in confla. primi.
1237 1352 2012 1409 dist. xliii. q. vlti. quod melioritas in mundo potest intel¬
1236 1393 2015 1448 ligi dupliciter. Uno modo de melioritate absoluta
1236 1435 2008 1490 vicem secundum bonitatem essentialem que est secundum vniuscu¬
1227 1476 2018 1536 iusque substantiam vel naturam etc. sic musca est melior
1223 1517 2020 1582 pane. quia animatum corpus melius est essentialiter
1235 1564 2005 1618 inanimato. Secundo modo de melioritate respectiua. scilice
1230 1603 2017 1659 in ordine ad aliquid quae est in comperatione ad de¬
1234 1648 2005 1700 terminatum obiectum vel agens: sic panis melior est
1224 1688 2011 1743 musca quia plus valet in respectu vel ordine ad vi
1223 1727 2015 1790 tam hominis nutriendam. Primo modo intelligendo de
1233 1772 2009 1826 us potuit meliorare omnia in mundo equaliter puta
1229 1814 2008 1869 homines et stellas imo et lapides fecisse angelos sum
1233 1858 2008 1918 me perfectionis. Sed sic faciendo omnia fuissent an¬
1225 1902 2014 1960 geli: non homines: non stelle: et sic de aliis. Denique po¬
1230 1941 2008 1993 tuit etiam istas modernas partes mundi fecisse me¬
1230 1981 2011 2040 liores manente eadem substantia. Ut caelum esse altius
1224 2026 2008 2079 terram latiorem: puerum nasci gigantem etc. Et sic tam
1227 2071 2008 2120 in quantitate quam in qualitate et virtute. localitate et
1223 2111 2008 2164 aliis accidentalibus etc. Preterea quo ad ordinem.
1229 2149 2005 2206 subiectionis potuit creaturas facere subiectas
1232 2190 2011 2244 melius homini sicut fuit in statu innocentie. sed
1224 2241 2002 2294 tamen saluo ordine mundi in quo consistit melio
1224 2274 2017 2331 ritas: secundo modo dicta scilicet respectiua sic non po¬
1227 2321 2020 2371 tuit mundus melior fieri. Probatur. quia vt dicit
1242 2358 2009 2415 Aug. lib. lxxxiii. quaestionum. Si omnia essent equa
1230 2404 2005 2454 lia inam non essent omnia. et sic si omnia essent equa¬
1225 2447 2009 2497 liter meliora nullus esset ordo cum ordo requi
1228 2493 1858 2540 rat disparitatem et patebit in sequentibus.
1241 2538 2039 2622 ¶ An deus potuit facere mundum
1230 2607 2008 2656 meliorem in ordine quo ad deum: Guill. respondet super
1224 2651 2008 2708 primo dist. xliiii. quod non. Quia creatura non potuit
1218 2681 2019 2756 ordinari ad finem meliorem quam ad deum. Uerunmtamen
