2244 3309
225 295 997 348 fetisset quis dubitat melius fore. Ut hec dicit Aug.
217 338 988 391 super Gen. ad lit. Nam sic nullus damnaretur. Ter
222 384 1001 432 tio quia deus mundum meliorabit in iudicio Esa. xxx.
222 425 994 473 Erit lux lune sicut lux solis etlux solisseptuplici¬
222 465 997 513 ter lucens sicut lux septem dierum et per consequens etiam lux stella
222 513 985 554 rum et elemntorum. ¶ Ad hoc secundum Guil. et docto.
222 550 995 598 dicendum quod huiusmodi instantie argumentorum procedunt
222 593 979 641 de bonitate accidentali. aut si etiam de essentiali. hoc
217 637 991 684 solum quo ad esse loquendo: non quo ad ordinem vni¬
217 687 986 726 uersi. patet quia indiuidua. non sunt partes essentiales
217 720 986 770 vniuersi sed accidentales. exceptis christo et eius Ma
223 764 995 807 tre. Sola autem genera et species sunt partes essentiales.
222 807 996 858 Similiter angelos et homines fore impeccabiles et tri
216 845 986 901 bulationibus carere Et in iudicio meliorari mundum
219 889 985 942 Hec et similia accidentalis bonitatis sti. Nec valeret
226 931 992 977 ordini pronunc sic fore. patuit. supra § li viii. et. lxix. Unde
220 974 1001 1020 licet posset deus facere mundum meliorem non tamen esset
216 1021 998 1076 eiusdem rationis cum isto nec maneret ordo tam o¬
210 1060 853 1122 ptimus quo ad omnia quamuis nos lateat.
438 1116 970 1234 Raxis del pra¬
432 1216 976 1266 cticum est nomen grecum et secundum Fran. ma
392 1265 988 1326 ro. in primo di. xl viii. Idem est quod
432 1301 994 1364 operatio in latino. ¶ Quid ergo sit pra¬
201 1353 995 1401 xis ad quam practica cognitio dicitur extendi Scotorlis.
205 1393 994 1442 in prolo. sententiarum. q. iii diffinit sic Praxis est alteri¬
210 1441 985 1491 us potentie quam intellectus: naturaliter posterior in¬
207 1478 998 1530 tellectione: natus elici conformiter rationi recte vt sit re
220 1523 977 1570 ctus. ¶ Huius diffinitionis prima particula est quod
207 1564 989 1616 praxis est alterius potentie quam intellectus quia sisten
219 1603 992 1657 do precise in actibus intellectus non est extra se ten¬
222 1642 988 1698 sio aliqua sed praxis dicit quandam extensionem.
216 1687 979 1734 videlicet extra se ad operandum ¶ Si dicas. actus
213 1732 985 1780 intellectus est discursiuus. ergo ibi est extensio hoc
204 1770 994 1824 non valet quia tunc sequeretur quod logica esset scetia practi
208 1812 983 1861 ca cum sit de actibus discursiuis. Nam primus actus
216 1848 986 1913 logice est rationcinari. Secundus est discurrere. Ticet ergo
204 1896 1001 1950 discursus dirigatur per rationcinationem. non propter hoc logica est
210 1940 982 1995 practica sed rationalis quia posterior actus intellectus
213 1985 988 2031 numquam habet rationem praxis: licet dirigatur a praeori actu
213 2025 985 2072 intellectus. ergo actus discursiuus intellectus non ex
217 2065 982 2112 tenditur extra se etc. ¶ Secunda particula quod praxis na
210 2114 994 2158 turaliter est posterior intellectione quia est actus vo¬
211 2143 985 2201 luntatis elicitus vel imparatus et omnis talis naturaliter
214 2193 985 2241 est posteriorintellectione. Unde operatio vegetatia vl
216 2237 995 2291 sensitiua licet sit alterius potentie quam intellectie. tamen
219 2278 998 2327 non est praxis. Tum quia ille operationes praecedunt actum in
222 2323 989 2378 tellectus. tum quia communes sunt nobis et brutis ergo non
209 2363 985 2416 sunt volitiue tantummodo. Si autem aliquo modo dicantur
210 2406 985 2463 pratis in nobis: hoc est inquantum moderantur ab
204 2439 982 2500 intellectione et sunt ea posteriores. ¶ Tertia particu
204 2493 982 2544 la diffinitionis est quod pratis est nata elici conformit
204 2541 986 2587 rationi recte vt sit recta Nam. vi. ethico. dicitur quod electon re
222 2577 997 2629 cta indiget raectam ratione vt sit rctam. Electio autem est quidam prae¬
210 2617 986 2679 xis quia est actus voluntatis requirens rationem re¬
205 2658 911 2729 ctam cui conformatur. Hec secundum mentem Scoti.
241 2701 999 2797 ¶ Quomodo differunt scientia
1060 291 1838 349 practica et speculatiua: Respondetur colligendo ex di¬
1062 335 1844 391 ctis magistrorum scholasticorum in i. et vi. meta. quod diffe¬
1072 374 1838 427 unt tam ex parte obiecti quam ex parte finis. ¶ Nam primo ex
1067 421 1840 471 parte obiecti quia speculatiua est qua considerat res non
1069 460 1849 507 operabiles a sciente. sed praectica operabiles vel inquantum ta
1063 504 1847 553 les considerat Et hec praectica diuiditur. quia quaedam est praecti¬
1071 546 1837 596 ca factiua quae considrat de operabilibustranseuntibus i manm
1066 595 1835 641 exteriorem sicut sunt mechanice artes. Quedam autem est prae
1062 633 1838 684 ctiea actiua quae considerat operationes manentes in agem
1059 668 1847 720 te sicut est sctia moralis ¶ Secundo differunt ex parte finis:
1069 713 1843 765 quia finis praectice est opus: sed speculatiue finis est
1071 765 1840 809 icire. ii de anima. vnde metaphyca plhsopyca et matheatica
1080 800 1843 845 unt partes speculatiue non pecctice. Et differenter se
1069 843 1847 889 habent quia phsophca considerat ea quae sunt coniuncta cum materia
1074 885 1847 933 et motu sensibili tam secundum esse quam secundum rationem. sicut simum
1077 925 1853 977 put est in naso recuruato sursum secundum Catholicon
1074 972 1849 1021 Sed metaphyca ea quae sunt separata a materia secundum esse
1077 1021 1852 1060 et secundum rationem vt sunt substantie immateriales. Mathema
1068 1055 1847 1099 tica vero coniuncta materie secundum esse sed non secundum rationem
1077 1119 1844 1192 ¶ Utrum intellectus diuinus sit
1069 1181 1838 1235 practicus Respondet Rich. super. iiii. di. xlix. ar. i. q. viii
1066 1229 1841 1275 in solutione primi argumenti etc. Quod intellectus diuinus
1072 1267 1853 1321 primo intelligit essentiam suam: et secundo per essentiam suam
1068 1317 1844 1359 itelligit creaturas. Et dicit quod diuinus intellectus
1069 1350 1841 1398 respectu creaturarum practicus est: non tamen eo modo quo
1062 1391 1844 1441 ntur intellectus respectu effectuum: quia intellectus nostur de¬
1072 1435 1837 1484 terminat voluntatem non necessitando sed inclinando
1084 1476 1844 1530 Ideo enim artifex disponit partes domus taliter
1080 1521 1855 1572 vel taliter. Quia dictamen sui intellectus incli¬
1068 1559 1856 1613 nat ipsum ad sic faciendum. Non sic est de intellectu di
1072 1602 1841 1655 uino respectu voluntatis sue. Non enim ideo deus
1071 1647 1849 1692 voluit creare mundum: quia intellectus suus dicta¬
1077 1683 1852 1734 bat bonum esse mundum creari. sed econuerso. ¶ Decla
1074 1730 1843 1778 rat. Quero inquit quare fuit bonum mundum creari: Si
1069 1769 1843 1818 dicas quia deus voluit. habeo propositum. Si au¬
1068 1815 1855 1865 tem dicas quod ideo: Quia diuinus intellectus di¬
1074 1858 1855 1910 ctabat bonum esse mundum creari. Contra. Non
1075 1906 1850 1950 enim ideo fuit bonum mundum creari: quia diuinus in
1071 1943 1852 1987 tellectus dictabat bonum esse mundum creari.
1080 1982 1855 2031 sed econuerso hoc est quia bonum erat mundum cre
1074 2023 1856 2073 ari: ideo diuinus intellectus hoc dictabat. vt vo
1063 2064 1847 2113 luntas ponatur pro causa creationis cuius ob
1068 2105 1844 2158 iectum est bonum. Et sic videtur sentire etiam Ma¬
1071 2157 1847 2205 gister in. ii di i. c. iii. dicit quod res ex dei voluntate et bo
1074 2194 1847 2239 nitate existunt. Nam in contingentibus voluntas
1065 2232 1850 2286 dei est prima regula. Uide de Predestinatione
1074 2280 1853 2338 §. xxii. ¶ Si dicas Mundum creari erat bonum ab¬
1062 2319 1844 2371 solute non in comperatione ad diuinum intellectum vel
1078 2359 1853 2413 voluntatem. Tunc sequitur quod non poterat non esse
1075 2405 1847 2455 bonum: ergo diuinus intellectus non poterat hoc non
1072 2444 1848 2496 dictare. Et quia diuina voluntas non potest discorda
1075 2486 1850 2542 re a dictamine sui intellectus. ergo si deus ideo mundum
1068 2528 1841 2581 creare voluit: quia intellectus dictabat bonum esse mun
1069 2570 1853 2622 dum creari sequitur quod deus non potuisset non velle crea¬
1065 2612 1844 2663 re mundum quod falsum est. Et est in contraium articulus
1068 2654 1853 2706 excommunicatus a domino Stephanmo epo Parisien.
1076 2693 1846 2786 ¶ Sed an respectu essentie sue di
