2206 3311
195 294 965 381 ¶ Primous intelligendo non potest praedestinatio dici aeterna
183 364 965 418 quia continuum etiam successiuum si habet terminum si¬
186 409 949 453 ue a parte ande siue post. non potest esse infinitum et per consequens
191 452 953 502 nec eternum quod caret quocunque termino ante et pofs
190 489 965 541 Sed si ponatur instans in quo deus primo praedestinet
186 536 965 581 et postea non. Tunc duratio actus praedestinandi ha¬
195 575 962 620 beret terminum et sic omnis duratio in perpetuum esset
177 620 962 672 saltem a parte ante finita et per consequens non esset eterna. Unde
193 663 962 705 non potest intelligi primo modo. sed oportet quod intelliga
184 702 920 749 tur secundo modo. Ita quod actus praedestinationis vnicus
186 747 952 792 ab eterno deus praedestinauit et praedestinat et predestie
177 790 944 833 nabit. Hec Fran. ¶ Si. d. Illud quod semel acce
178 832 963 884 pit esse: frustra amplius producitur. sed predestinatum esse
187 875 966 926 non est aliud quam accipere esse volitum. Si ergo hoc ab eter¬
186 912 950 968 no accepit: frustra nunc accipit Respondet idem Fran. quod
177 955 950 1008 semper est eadem praedestinatio permanens sic eadem nu¬
184 1001 959 1047 mero non enim imaginandum est esse transitum nec nunc
178 1039 959 1091 nec ab eterno per modum fluxus et successionis. sed
180 1081 951 1141 ita quod semper est idem actus: manens idem in nume
187 1129 947 1185 ro sicut creatio dicitur permanere eadem in numero et non
181 1169 947 1218 fluens qua dicitur deus creare quamlibet creaturam per¬
184 1215 948 1265 manente. ¶ Ex si adhuc. d. Predestinatio respi¬
171 1260 944 1313 cit futurum Et quando dabitur gloria predestinato cessa
184 1296 941 1342 bit praedestinatio. ergo non est eterna. Respondet idem Fran
177 1340 950 1394 quod ab eterno erat futurum Sed quando dabitur gloria tunc
172 1384 944 1442 cessabit futuritio et sufficit quod manet ordo nature
181 1422 912 1488 in effectu vt in termino in perpetuum. Hec Fran.
198 1461 952 1541 ¶ Quali ordine fit predestinato
183 1510 957 1588 Respondetur secundum Guil. di. xli. primi quod praedestinatio primo
180 1569 953 1615 aspicit finem id est glorie collationem. et postea illa quae sunt
172 1615 947 1670 ad finem talem. puta donatonm fidei et gratiae Probatur hoc
178 1658 935 1715 medio doc. subti. in ordinaris et Reporta. parisis
178 1699 932 1744 ea. dist. xli. primi. Omnis ordinate volens fine et ea quae
178 1736 945 1800 sunt ad finem. prius vult finem. sicut medicus primo
169 1775 953 1831 vult infirmo finem. videlicet sanitatem Et exhinc que
171 1825 954 1879 rit media ad sanitatem ordinata. Cum autem deus quic¬
175 1866 944 1924 quid vult velit ordinatissime ergo prius natura ali¬
168 1903 948 1963 quem ordinat ad gloriam. et exhinc dat sibi media qui
172 1949 938 2012 bus illam consequatur scilicet gratiam et merita Ita quod deus
169 1988 937 2045 in primo signo videt petrum. In secundo vult sibi vitam
166 2040 948 2086 eternam. Tertio vult sibi ea quae sunt ad hoc. vt dictat
171 2074 931 2133 Scotorlis. etc. ¶ Ex quo infertur. quod fides in praedesti¬
160 2121 944 2180 nato que ordinat ad habendum gloriam non est ratio prae
168 2158 938 2215 destinandi quamuis hoc Aug. senserit super Rho. ix.
175 2205 936 2255 Et inde dicit quod propter fidem quam praeuidit Iacob ha¬
174 2241 942 2303 biturum fuerit Iacob a deo praedestinatus Et propter
175 2285 932 2344 infidelitatem quam deus prauidebat Esau habitu¬
165 2328 932 2380 rum. fuerit Esau reprobatus. sed ipsemet Augu. re
165 2372 945 2428 tractat istam opinionem. vii. retractatonm. c. xxii. Tali
168 2415 940 2471 ratione quia fides est donum dei sicut alia opera bona et
172 2458 941 2506 gratia et naturalia bona et merita etc. quibus median
165 2505 936 2550 tibus peruenitur ad fine scilicet ad beatitudinem et sic licet
169 2540 936 2611 in executione praedestinationis vel salutis praecedant. tamen
160 2579 831 2643 in intentione prius est finis in deo vt patuit.
343 2619 934 2731 Redestinatio se¬
316 2712 938 2765 cundo videlicet quo ad certitudinem.
315 2756 938 2822 Utrum praedestinatio diuina ponat certitu
1041 314 1802 377 dinem in euentu. Ita vicem quod nunquam aliter eueni
1038 376 1796 433 at quam sicut deus praedestinauit vel praesciuit: Arguit
1036 420 1808 466 quod non quia scribitur Deutr. i. Addat deus ad hunc nu¬
1038 461 1807 505 merum multa milia. Glo. Addat deus ad hunc nu¬
1045 505 1805 550 merum praediffinitum in dei praesacia qui nouit quai sunt eius. Item
1039 540 1804 607 quia praedestinatio est contingens ergo non ponit certitudi¬
1029 584 1814 640 ne. ¶ Sed in oppositum so. iii. Ego scio quas elegeri
1036 628 1814 686 etc. sed scia dei est infallibilis etc. Respondetur secundum Bo¬
1039 666 1799 727 nauem. e. dist. xl. arti. i. q. iii. concor. Tho. et alii communiter
1036 710 1800 770 doc. quod vicem praedestinatio certitudinem ponit. Sed
1039 758 1799 802 certitudo est duplex. vna a parte rei euenientis. Et
1035 801 1803 851 quia hec est contra contingentiam. Ideo dico inquit quod non est
1039 841 1806 895 maior certitudo a parte rei euenientis in numero electo¬
1039 885 1811 928 rum quam sit in numero aliorum futurorum contingentium: quia euen
1030 920 1804 973 tus nostre salutis et damnationispendet ex nostri arbitrii lib
1033 967 1815 1016 tate. Alia est certitudo ex parte dei praecogscentis. Et sic
1038 1008 1804 1063 certus est euentus salutis nostre vel praedestinatione certitu¬
1031 1048 1808 1108 dine infallibilitatis quia diuina praesacia non fallitur. Tertus
1029 1097 1810 1144 etiam est certitudie immutabilitatis ex parte dei quia di¬
1033 1136 1807 1180 uina dispositio et ordinatio non variatur vt modo eligat
1030 1178 1798 1225 vnum: modo alium. sed qui semel est electus semper fuit et erit electus
1042 1221 1814 1271 et non alius. licet ex parte hominis sit contingens et mutabile
1045 1259 1786 1307 Unde dicit Ansel. li.o de concordam. proscie et li. ar. Quoniam de
1033 1308 1802 1354 non fallitur nec videt nisi secundum veritatem: siue ex libertate
1033 1343 1799 1393 siue ex necitate eueniat dicitur constituisse apud se imu
1018 1390 1793 1435 tabiliter. quod apud hominem postquam fiat mutari potest Con
1033 1428 1799 1481 cor. Boecius. v. consol. ¶ Et per hec patet ad obiecta
1060 1468 1730 1526 Ad idem vbi de Prescientia dei. §. ii. et. xxi.
1076 1509 1801 1594 ¶ Sed quid ad dictum Augusti
1023 1564 1807 1622 ni li. de correctione et gratia dicentis quod cerius est nu¬
1036 1617 1805 1672 merus electorum qui non potest minui nec augeri. Et qui
1033 1654 1802 1713 saluabuntur: et qui pereunt nouit deus certissime: Respon¬
1027 1699 1811 1751 det Rich. e. dist. xl. arti. ii. q. iii. dicit. quod quamuis iuxta
1018 1737 1805 1803 hoc dictum Augusti. et per rationem certi sumus quod plures
1017 1780 1802 1836 non praedestinabuntur quam illi qui ab aeterno praedestinati sunt.
1036 1823 1799 1874 tamen de hoc non possumus esse certi per rationem si deus pos
1027 1864 1804 1914 set plures praedestinare illis qui et quot sunt prede¬
1026 1906 1805 1963 stinati ab aeterno. Quia per rationem non possumus est
1027 1949 1810 2000 se certi que possibilia sunt fieri a deo et quo non. Hec
1038 1991 1799 2045 Rich. secundum quirundam opinionem quam non reprobat etc.
1099 2034 1781 2111 ¶ Quare deus sic ordinauit quod
1030 2084 1793 2148 vicm homo in hac vita non possit certitudialiter cogsce¬
1018 2142 1787 2197 re se fore praedestinatum vel non de communi lege. iuxta illud
1017 2186 1796 2243 Eccs. ix. Nescit homo an odio vel amore dignus sit sed
1021 2222 1805 2279 omnia in futurum feruantur incerta: ¶ Respondetur recolligendo secundu
1020 2267 1804 2323 Bonauem. e. di. xl. et Hentur. de hassia quod vna ratio ac
1012 2312 1789 2355 cipitur ex parte electorum vt numquam de certitudie electionis
1018 2345 1784 2402 superbiant preferendo se non electis. Ideoque deus
1026 2392 1798 2435 nulli hoc reuelat in praesenti nisi tali qui est a deo
1012 2439 1796 2491 confirmatus in gratia in tantum quod nunquam superbit
1018 2476 1790 2529 nec torpet per negligentiam Unde Apoc. iii. Tene quod
1018 2518 1785 2572 habes ne alius accipi. coronam tua. ¶ Sed quomodo coro
1021 2561 1789 2618 na perditur et ab alio accipitur vide de hoc vbi Obdura
1014 2602 1791 2658 tio. §. viii. ¶ Secunda ratio est ex parte reproborum ne de¬
1011 2640 1793 2701 sperationis occansionem habeant et per consequens plura ma
1012 2680 1792 2741 la facerent et ampliores penas incurrerent. ac ex¬
1016 2734 1790 2788 cusationem haberent ¶ Tertia ratio est ex parte
1011 2769 1786 2827 omnium hominium vicem vt quilibet voluntate libera ad deum
