2248 3288
395 294 1159 358 praecognouit non necessario sed contingenter et conditio¬
390 338 1149 391 nate. ¶ Ad idem Guil. in primo circa di. xxxviii. xxx
386 383 1155 432 ix. xl. similis conclusione prima dicit quod in praedestinatione et re¬
390 427 1154 484 probatione non est necessitas consequentis sed tantummodo
385 469 1162 516 consequentie. quia nec deus necessario praedestinat et praescit
392 507 1154 563 fed contingenter. Nec nos sumus necessario praedesti
396 547 1157 604 nati vel praesciti aut reprobati sed contingenter ¶ Si
394 594 1156 645 dicatur ex quo iam factum est quod praescitus sum. ergo nequit
392 634 1156 686 fieri oppositum. nec deus potest facere praeteritum non esse
392 675 1163 738 praeteritum. vi. Ethi. Dicit doc. subti. tam in reportatis
390 728 1156 783 parisius quam in ordinario quod hic nos excecat ima¬
386 757 1156 826 ginatio. quia imaginamur istam praesciam iam transisse in
389 801 1167 865 pteritum quod falsum est. quia apud deum nihil praeteriit quoniam
389 839 1163 902 instans eternitatis ab omni relegatur mensura temporis
387 881 1166 937 ita enim nunc primo praedestinat deus sicut ane mundis
393 929 1153 988 constitutionem et contingenter et libere. vnde tantam et non
389 970 1158 1030 plus rebus contingentibus imponit necessitatem praescien
393 1023 1150 1066 tia dei. sicut vnus homo alteri homini quem aspicit ¬
389 1047 1166 1107 scit facere rotam. Hec ex Guil. ¶ Quarto additur.
399 1096 1157 1150 quia sicut legitur de sancto Fortunato de qua angelus dici
390 1134 1169 1193 reuelauit quod esset reprobatus a deo. At ipe respondit
392 1178 1159 1228 magis volo pro bonis operibus damnari a deo bono
397 1219 1156 1273 quam damner ait pro malis operibus quibus subiicior dia¬
402 1261 1162 1317 bolo. et sic saluari promeruit. Exemplum Bonus ser
402 1313 1157 1366 uus praelegit vt rex ipse pius verberet illum per se pro
405 1349 700 1410 pecatis quam per tortorem.
405 1378 1156 1464 ¶ Sexta interrogatio vel dubi¬
405 1451 1160 1502 um. Quare deus ab eterno magis isti praeordinauit
405 1491 1171 1551 praestare hanc gratiam praedestinationis quam illi cum neuter ali
408 1543 1174 1587 quid boni fecisset: Et videtur quod sit personarum acceptor
399 1582 1159 1628 deus quod est contra scripturam Act. x. Nam si ponuntur duo
400 1620 1168 1678 equales per omnia in naturalibus. et vnum praedestinat al¬
396 1657 1124 1705 terum non. hoc non videtur sine acceptione personarum.
405 1705 1162 1755 Respondetur secundum Fran. supra quod huius interrogate diue
409 1743 1169 1803 sitatis non est alia ratio nisi quia deo sic placuit vt istum
412 1782 1166 1835 eligeret illum non. Nec in hoc est acceptio personarum
405 1826 1187 1881 vt dicit etiam Rich. e. di. xl. quia nullus meruit hanc gra¬
402 1865 1162 1928 tiam praedestinationis. Si ei equaliter meruissent et vn
403 1920 1171 1967 remuneraretur non alius. tunc bene esset acceptio perso¬
405 1955 1169 2004 narum. Nunc autem deus nulli ex merito obligatur Ideo
411 1992 1171 2053 sicut vult vnum potest eligere alio dimisso. Sicut et
411 2033 1192 2091 emplum est Primo in mechanicis vbi vnum lapi¬
417 2078 1171 2128 dem artifex prout vult ponit in altari vel loco altio
426 2124 1175 2169 ri. Alterum per omnia conformemn ponit in via vel in imo
411 2161 1183 2215 ppter quod. ii. Phy. vnus philosophorum dixit quosdam lapi
411 2210 1174 2252 des fore eufortunos etc. Sic in proposito. Scudo
415 2249 1180 2291 exemplum in politicis vbi rex duos filios vnius
420 2286 1183 2337 hominis sibi praesentatos vnum eligit. alio dimisso vt
406 2328 1180 2377 vult. Et in hoc nullam iniuriam facit illi dimisso. quia
413 2367 1177 2419 sibi non tenetur. Tertio in theologicis patet de Iacob
427 2411 1160 2466 electo Esau dimisso. vt docet apostolus Rho. ix. etc.
483 2454 1182 2519 Septima interrogatio vel du
426 2503 1180 2560 bium. Ane ratio ex parte reprobati. quare vicem diuina repro
417 2552 1183 2608 batio talem damnat perpetuo carceri sit positiua vl
423 2598 1184 2649 priuvatiua. Respondetur secundum Guil. e. di. xli. et .xl vii. quod il¬
416 2635 1193 2684 la ratio est priuatia prie. Nam secundum doc. subti. e. di. xli.
420 2679 1180 2741 deus praescit damnandum Uel actu omissionis vica
1221 287 1999 348 quia non seruat praecepta faciendo quod tenetur. sed omittit
1231 334 1993 387 deo damnabitur. et tunc deus praescit se non concurrere ad actum
1227 377 1990 428 debitum saluti Ulis actu commissionis praescit istum damnan
1230 418 1993 474 dum. et sic praescit se non concurrere ad deformitatem peccati
1230 458 1987 516 quae est priuatio. licet praesciat concurrere ad substratum quod
1221 502 1985 552 est positiuum. vnde semper in deo praeintelligitur non velle ipsu
1230 544 2003 604 velle. prius eim habet deus non velle auferre gratiam Iu
1226 587 1777 660 de quam habeat positiuum aliquem actum.
1416 642 2000 728 Hecicatio. De
1329 713 2000 792 hoc vide sub I littera. Identica praedicatio.
1410 790 1999 909 RNepositiones qua
1301 869 2002 963 p Nes recipiuntur in diuinis. et quales non
1407 930 2003 978 Nota secundum Bonauen. in primo di. xix. q.
1227 949 1994 1026 iiii. quod praepositiones distinguuntur quadruplici habi
1227 1014 1999 1064 tudine. Primo enim quedam praepositiones important
1231 1063 1999 1115 habitudinem repugnantie. vt contra absque etc. Secundo
1237 1098 2000 1153 quedam important habitudinem distantie vt ad propter
1227 1150 1999 1194 Et tam ille prime quam iste secunde nullo modo recipiuntur de
1243 1185 1999 1233 diuinis personis. vnde non valet dici. pater est contra¬
1234 1232 2012 1277 filium nec econuerso etc. Similiter pater est propter filium
1234 1275 1999 1319 nec econuerso etc. Similiter pater est ad filium proprie. Ter
1231 1308 2012 1358 tio quedam praepositiones important habitudinem cau¬
1233 1350 1999 1404 se vt de ex apud a. et huiusmodi. et iste recipiuntur. tamen non
1236 1393 1997 1452 conuersim. Nam hec est vera. filius est de patre et apud
1245 1442 1999 1488 patrem. et ex patre. Sed non conuertitur. dicendo pater
1236 1484 2006 1530 est de filio. pater est apud filium. et sic de aliis.
1242 1519 2011 1567 Quarto quedam praepositiones important habitudi¬
1242 1561 2000 1620 nem conuenientie. vt in cum. et huiusmodi. Et iste recipiantur
1233 1602 2006 1650 etia conuersim. quia conuenientia est relatio equiperan¬
1236 1645 2003 1694 tie. vnde vere dicitur pater est in filio et cum filio. Et etiam
1245 1681 2014 1762 econuerso vere dicitur filius est in patre et cum patre etc.
1452 1755 2017 1883 INescientia diui
1406 1874 1991 1979 na Strum de.
1450 1944 2003 2016 us habeat praescientiam
1240 2001 2012 2056 determinatam futurorum contingentium. Cum enim de fu¬
1248 2051 2008 2095 turis contingentibus non est determinata veritas vt
1250 2087 2023 2146 icit philosophus. ii. Peri her. ergo de eis non est scaia que est ve
1239 2140 2011 2187 rorum i. Poste. Ad idem confirmatio Futurum contingens
1252 2175 2009 2226 est me cras sedere. ergo scit deus me cras sessurum. sed
1245 2215 2024 2269 possum non sedere. ergo illa scientia dei erit fallibilis
1255 2260 2015 2313 quod est impossibile. aut si non est fallibilis. ergo necesse
1245 2301 2021 2347 eri t sedere etc. ¶ Ad hec respondetur secundum Scotorlis. di.
1254 2338 2011 2389 xxxviii. primi libri. q. ii similis Rich. ibidem. q. v quod de fu
1248 2386 2023 2435 turis contingentibus non est determinata veritas id est non est
1255 2428 2015 2471 determinata entitas in se. et quo ad intellectum no
1258 2468 2011 2519 strum naturalibus suis relictum. Sed bene est deter¬
1245 2506 2008 2556 minata veritas in alio scilicet in voluntate diuina et
1251 2550 2005 2601 eius intellectu. quia in ea sunt determinata con
1246 2595 2018 2642 tingentia nota: cum sit prima causa contingentie ipsa vo¬
1245 2633 2011 2680 luntas diuina vt patebit in sequentibus. vn quamuis
1252 2672 2024 2742 possim non sedere cras absolute loquendo. non tamen
