<?xml version="1.0" encoding="UTF-8" standalone="yes"?>
<PcGts xmlns="http://schema.primaresearch.org/PAGE/gts/pagecontent/2013-07-15" xmlns:xsi="http://www.w3.org/2001/XMLSchema-instance" xsi:schemaLocation="http://schema.primaresearch.org/PAGE/gts/pagecontent/2013-07-15 http://schema.primaresearch.org/PAGE/gts/pagecontent/2013-07-15/pagecontent.xsd">
    <Metadata>
        <Creator>prov=University of Rostock/Institute of Mathematics/CITlab|PLANET AI GmbH/Gundram Leifert/gundram.leifert@planet-ai.de:name=cod-PELthe-m2(htr_id=29842)::::v=2.6.7
prov=University of Rostock/Institute of Mathematics/CITlab|PLANET AI GmbH/Tobias Gruening/tobias.gruening@planet-ai.de:name=de.uros.citlab.module.baseline2polygon.B2PSeamMultiOriented:v=2.6.7
prov=University of Rostock/Institute of Mathematics/CITlab|PLANET AI GmbH/Tobias Gruening/tobias.gruening@planet-ai.de:name=/net_tf/LA73_249_0mod360.pb:de.uros.citlab.segmentation.CITlab_LA_ML:v=2.6.6
Transkribus</Creator>
        <Created>2021-01-15T15:27:08.049+01:00</Created>
        <LastChange>2021-02-01T20:32:28.396+01:00</LastChange>
        <TranskribusMetadata docId="572610" pageId="23611396" pageNr="226" tsid="51889284" status="IN_PROGRESS" userId="25065" imgUrl="https://files.transkribus.eu/Get?id=QTNYABPUGZISMZRMCGUOHQEA&amp;fileType=view" xmlUrl="https://files.transkribus.eu/Get?id=YUUTMJOCMKHJBSVHSOGJGORT" imageId="18126250"/>
    </Metadata>
    <Page imageFilename="225.jpg" imageWidth="2260" imageHeight="3295">
        <ReadingOrder>
            <OrderedGroup id="ro_1612223696223" caption="Regions reading order">
                <RegionRefIndexed index="0" regionRef="TextRegion_1611416004637_1066"/>
                <RegionRefIndexed index="1" regionRef="TextRegion_1611415993351_1062"/>
            </OrderedGroup>
        </ReadingOrder>
        <TextRegion orientation="0.0" id="TextRegion_1611416004637_1066" custom="readingOrder {index:0;}">
            <Coords points="381,213 1161,213 1208,2632 1210,2787 381,2787"/>
            <TextLine id="r3l3" custom="readingOrder {index:0;}">
                <Coords points="379,379 1118,365 1142,361 1141,310 1026,326 952,302 831,330 737,305 697,338 656,316 378,338"/>
                <Baseline points="384,374 421,374 459,372 496,372 534,370 572,369 609,368 647,368 685,366 722,365 760,364 798,363 835,362 873,362 911,360 948,360 986,359 1024,359 1061,357 1099,357 1137,357"/>
                <TextEquiv>
                    <Unicode>deus cogscit res sicut suen variabiles. tamen sceia inuariabili</Unicode>
                </TextEquiv>
            </TextLine>
            <TextLine id="r3l5" custom="readingOrder {index:1;}">
                <Coords points="405,450 1008,419 1073,437 1146,421 1144,365 848,389 683,370 641,394 448,386 404,414"/>
                <Baseline points="410,434 446,434 483,432 519,432 556,431 592,431 629,429 665,428 702,426 738,425 775,424 811,423 848,422 884,420 921,419 957,417 994,417 1030,417 1067,416 1103,417 1140,417"/>
                <TextEquiv>
                    <Unicode>¶ Utrum prescientia dei sit condi</Unicode>
                </TextEquiv>
            </TextLine>
            <TextLine id="r3l7" custom="readingOrder {index:2;}">
                <Coords points="385,488 1116,473 1150,466 1149,421 384,448"/>
                <Baseline points="389,477 426,477 464,476 502,474 540,474 578,473 615,471 653,470 691,470 729,468 767,467 804,467 842,465 880,464 918,464 956,462 993,462 1031,462 1069,462 1107,461 1145,461"/>
                <TextEquiv>
                    <Unicode>tionata de futuris contingentibus ad vtrumlibet: Responde</Unicode>
                </TextEquiv>
            </TextLine>
            <TextLine id="r3l9" custom="readingOrder {index:3;}">
                <Coords points="376,537 1083,521 1139,509 1138,465 375,496"/>
                <Baseline points="381,519 418,519 456,518 493,516 531,516 569,515 606,513 644,513 682,512 719,512 757,510 795,510 832,509 870,508 908,507 945,506 983,506 1021,504 1058,504 1096,504 1134,503"/>
                <TextEquiv>
                    <Unicode>detur secundum Fran. mayro. e. di. xxxviii. q. iii. quod ex quo de</Unicode>
                </TextEquiv>
            </TextLine>
            <TextLine id="r3l11" custom="readingOrder {index:4;}">
                <Coords points="385,567 1057,558 1151,549 1150,509 384,533"/>
                <Baseline points="390,561 427,561 465,560 503,558 541,558 579,557 616,555 654,555 692,554 730,552 768,552 805,551 843,550 881,549 919,548 957,548 994,546 1032,546 1070,545 1108,544 1146,543"/>
                <TextEquiv>
                    <Unicode>us contingenti determinatione determinat se in volun</Unicode>
                </TextEquiv>
            </TextLine>
            <TextLine id="r3l13" custom="readingOrder {index:5;}">
                <Coords points="377,617 1151,591 1150,549 1095,546 376,569"/>
                <Baseline points="381,603 419,603 457,602 495,602 534,600 572,600 610,599 648,597 687,596 725,596 763,594 801,593 840,593 878,591 916,590 954,590 993,588 1031,587 1069,587 1107,586 1146,585"/>
                <TextEquiv>
                    <Unicode>tate ad tale contingens ad vtrumlibet. et ab eterno de</Unicode>
                </TextEquiv>
            </TextLine>
            <TextLine id="r3l15" custom="readingOrder {index:6;}">
                <Coords points="388,658 1141,632 1140,592 1102,590 387,608"/>
                <Baseline points="393,645 430,645 467,644 504,642 541,641 578,641 615,639 653,638 690,638 727,636 764,636 801,635 838,635 875,633 913,633 950,632 987,632 1024,630 1061,630 1098,629 1136,629"/>
                <TextEquiv>
                    <Unicode>terminauit se ad talia contengenter. Ita etiam contingen</Unicode>
                </TextEquiv>
            </TextLine>
            <TextLine id="r3l17" custom="readingOrder {index:7;}">
                <Coords points="387,699 1076,685 1150,676 1149,634 386,660"/>
                <Baseline points="392,687 429,687 467,686 504,684 542,684 580,683 617,681 655,681 693,680 730,678 768,678 806,677 843,675 881,675 919,674 956,674 994,672 1032,672 1069,671 1107,671 1145,671"/>
                <TextEquiv>
                    <Unicode>ter stat in tali determinatione. quia a nullo necessitatur</Unicode>
                </TextEquiv>
            </TextLine>
            <TextLine id="r3l19" custom="readingOrder {index:8;}">
                <Coords points="387,735 1151,725 1139,675 386,704"/>
                <Baseline points="392,729 429,729 467,728 504,727 542,726 580,725 617,723 655,723 693,722 730,720 768,720 806,719 843,717 881,717 919,716 956,715 994,714 1032,713 1069,711 1107,711 1145,710"/>
                <TextEquiv>
                    <Unicode>ad extra volendum. Etem quemadmodum contingenter</Unicode>
                </TextEquiv>
            </TextLine>
            <TextLine id="r3l21" custom="readingOrder {index:9;}">
                <Coords points="381,784 1097,770 1144,760 1143,720 380,744"/>
                <Baseline points="386,771 423,771 461,770 498,768 536,768 574,767 611,765 649,765 687,764 724,762 762,761 800,759 837,759 875,758 913,757 950,756 988,755 1026,755 1063,753 1101,753 1139,752"/>
                <TextEquiv>
                    <Unicode>creat res ita contingenter conseruat rem creatam Ideo</Unicode>
                </TextEquiv>
            </TextLine>
            <TextLine id="r3l23" custom="readingOrder {index:10;}">
                <Coords points="386,821 1156,800 1155,767 1122,758 385,781"/>
                <Baseline points="390,813 428,813 466,812 504,810 542,810 580,809 618,808 656,807 694,806 732,804 770,804 808,803 846,801 884,801 922,800 960,798 998,798 1036,797 1074,796 1112,795 1151,794"/>
                <TextEquiv>
                    <Unicode>concedo inquit quod illam determinationem potest dimitte</Unicode>
                </TextEquiv>
            </TextLine>
            <TextLine id="r3l25" custom="readingOrder {index:11;}">
                <Coords points="384,866 1158,846 1156,800 383,822"/>
                <Baseline points="389,857 427,855 465,854 503,854 541,852 579,851 617,849 656,849 694,848 732,846 770,845 808,845 846,843 884,842 923,842 961,840 999,840 1037,839 1075,837 1113,836 1152,836"/>
                <TextEquiv>
                    <Unicode>re et oppositum determiare aut istam determinatam</Unicode>
                </TextEquiv>
            </TextLine>
            <TextLine id="r3l27" custom="readingOrder {index:12;}">
                <Coords points="393,905 1145,895 1144,850 392,864"/>
                <Baseline points="398,899 435,897 472,896 509,895 546,893 583,893 620,891 657,890 694,889 731,888 768,887 805,887 842,885 879,884 916,884 953,882 990,882 1027,881 1064,879 1101,879 1139,878"/>
                <TextEquiv>
                    <Unicode>suspendere voluntatem. verum tamen ex hoc non sequitur quod</Unicode>
                </TextEquiv>
            </TextLine>
            <TextLine id="r3l29" custom="readingOrder {index:13;}">
                <Coords points="391,947 1148,935 1150,895 389,905"/>
                <Baseline points="395,941 432,939 470,938 507,936 545,936 582,935 620,933 657,932 695,931 732,930 770,929 808,927 845,927 883,926 920,925 958,924 995,923 1033,923 1070,922 1108,921 1146,921"/>
                <TextEquiv>
                    <Unicode>scia dei sit mutata. quia sic sciuit ab eterno quod illud</Unicode>
                </TextEquiv>
            </TextLine>
            <TextLine id="r3l31" custom="readingOrder {index:14;}">
                <Coords points="393,990 1159,973 1158,934 1129,927 392,947"/>
                <Baseline points="398,983 435,981 473,980 511,978 549,977 587,976 624,975 662,974 700,972 738,971 776,971 813,969 851,968 889,968 927,966 965,966 1002,965 1040,964 1078,963 1116,963 1154,962"/>
                <TextEquiv>
                    <Unicode>fiet et sceia non erat nisi stante determinatione illa. vtpote</Unicode>
                </TextEquiv>
            </TextLine>
            <TextLine id="r3l33" custom="readingOrder {index:15;}">
                <Coords points="387,1041 1157,1018 1156,972 1105,965 386,988"/>
                <Baseline points="392,1025 430,1023 468,1022 506,1020 544,1019 582,1018 620,1017 658,1016 696,1014 734,1014 772,1013 810,1011 848,1011 886,1010 924,1010 962,1008 1000,1007 1038,1007 1076,1005 1114,1004 1152,1002"/>
                <TextEquiv>
                    <Unicode>quia illud futurum sciuit veturum non necario nec absolu</Unicode>
                </TextEquiv>
            </TextLine>
            <TextLine id="r3l35" custom="readingOrder {index:16;}">
                <Coords points="397,1076 1150,1060 1161,1017 395,1037"/>
                <Baseline points="401,1065 438,1065 476,1064 514,1062 552,1061 590,1061 627,1059 665,1058 703,1057 741,1056 779,1055 816,1053 854,1053 892,1052 930,1050 968,1050 1005,1049 1043,1048 1081,1047 1119,1046 1157,1046"/>
                <TextEquiv>
                    <Unicode>te sed contingenter et praesciuit etiam quod illam determiationem</Unicode>
                </TextEquiv>
            </TextLine>
            <TextLine id="r3l37" custom="readingOrder {index:17;}">
                <Coords points="388,1111 1156,1093 1155,1059 1087,1052 387,1076"/>
                <Baseline points="393,1107 430,1106 468,1106 506,1104 544,1103 582,1101 620,1101 658,1100 696,1098 734,1098 772,1097 809,1095 847,1094 885,1094 923,1092 961,1092 999,1091 1037,1091 1075,1089 1113,1089 1151,1088"/>
                <TextEquiv>
                    <Unicode>dimittet vel suspendet voluntatem etc. Sed si staret</Unicode>
                </TextEquiv>
            </TextLine>
            <TextLine id="r3l39" custom="readingOrder {index:18;}">
                <Coords points="397,1157 1158,1141 1150,1093 396,1118"/>
                <Baseline points="402,1149 439,1148 477,1146 514,1146 552,1145 589,1143 627,1142 664,1142 702,1140 739,1140 777,1139 814,1137 852,1137 889,1136 927,1135 964,1134 1002,1133 1039,1131 1077,1131 1114,1130 1152,1128"/>
                <TextEquiv>
                    <Unicode>determinatio illa quae determiauit deus tale futurum ab</Unicode>
                </TextEquiv>
            </TextLine>
            <TextLine id="r3l41" custom="readingOrder {index:19;}">
                <Coords points="400,1198 1160,1182 1159,1141 1063,1133 399,1156"/>
                <Baseline points="405,1191 442,1190 479,1188 517,1187 554,1185 592,1184 629,1184 667,1182 704,1182 742,1181 779,1180 816,1179 854,1178 891,1178 929,1176 966,1176 1004,1175 1041,1174 1079,1173 1116,1172 1154,1172"/>
                <TextEquiv>
                    <Unicode>solute vel necessario venturum. tunc si mutetur deter¬</Unicode>
                </TextEquiv>
            </TextLine>
            <TextLine id="r3l43" custom="readingOrder {index:20;}">
                <Coords points="397,1239 1153,1225 1152,1177 396,1199"/>
                <Baseline points="401,1232 438,1231 475,1230 513,1229 550,1228 587,1227 625,1226 662,1225 699,1224 737,1223 774,1222 811,1221 849,1220 886,1220 923,1218 961,1217 998,1217 1035,1215 1073,1215 1110,1214 1148,1214"/>
                <TextEquiv>
                    <Unicode>minatio iam scita mutaretur. hoc autem est impossibil.</Unicode>
                </TextEquiv>
            </TextLine>
            <TextLine id="r3l45" custom="readingOrder {index:21;}">
                <Coords points="409,1294 622,1271 1120,1272 1159,1264 1158,1220 407,1237"/>
                <Baseline points="413,1274 450,1274 487,1274 524,1272 561,1272 598,1271 635,1271 672,1269 709,1268 746,1266 783,1265 820,1264 857,1262 894,1261 931,1260 968,1259 1005,1258 1042,1257 1079,1257 1116,1256 1154,1256"/>
                <TextEquiv>
                    <Unicode>¶ Unde si arguatur quod ergo paesacia dei de contingentibus ad</Unicode>
                </TextEquiv>
            </TextLine>
            <TextLine id="r3l47" custom="readingOrder {index:22;}">
                <Coords points="411,1329 1129,1312 1160,1306 1159,1264 410,1293"/>
                <Baseline points="416,1316 454,1315 493,1314 532,1313 571,1311 610,1310 649,1310 688,1308 727,1307 766,1307 804,1305 843,1305 882,1304 921,1303 960,1302 999,1301 1038,1299 1077,1299 1116,1298 1155,1296"/>
                <TextEquiv>
                    <Unicode>vtrumlibet erit conditionata. dicit idem Fran. quod hoc non</Unicode>
                </TextEquiv>
            </TextLine>
            <TextLine id="r3l49" custom="readingOrder {index:23;}">
                <Coords points="405,1375 1162,1342 1161,1309 1101,1306 404,1328"/>
                <Baseline points="410,1361 447,1359 484,1357 522,1355 559,1354 596,1353 634,1352 671,1350 708,1350 746,1349 783,1349 820,1347 858,1347 895,1346 932,1344 970,1344 1007,1343 1044,1341 1082,1340 1119,1339 1157,1337"/>
                <TextEquiv>
                    <Unicode>potest quis subterfugere. Ideo concedit quod est conditiona</Unicode>
                </TextEquiv>
            </TextLine>
            <TextLine id="r3l51" custom="readingOrder {index:24;}">
                <Coords points="394,1407 1145,1395 1152,1350 393,1376"/>
                <Baseline points="399,1403 436,1401 473,1400 511,1398 548,1397 586,1395 623,1394 661,1394 698,1392 736,1391 773,1390 810,1389 848,1389 885,1388 923,1386 960,1386 998,1385 1035,1385 1073,1383 1110,1382 1148,1382"/>
                <TextEquiv>
                    <Unicode>ta. et infra. Intelligendum tamen est inquit quod praescia dici nom</Unicode>
                </TextEquiv>
            </TextLine>
            <TextLine id="r3l53" custom="readingOrder {index:25;}">
                <Coords points="403,1450 1166,1439 1165,1394 402,1409"/>
                <Baseline points="408,1443 445,1443 483,1441 520,1439 558,1439 596,1437 633,1436 671,1434 708,1433 746,1433 784,1431 821,1430 859,1429 896,1428 934,1427 972,1427 1009,1425 1047,1425 1084,1425 1122,1424 1160,1424"/>
                <TextEquiv>
                    <Unicode>est simpliciter conditionata. sed est absoluta inquantum vt</Unicode>
                </TextEquiv>
            </TextLine>
            <TextLine id="r3l55" custom="readingOrder {index:26;}">
                <Coords points="406,1494 1176,1472 1164,1432 405,1451"/>
                <Baseline points="411,1488 450,1486 490,1484 530,1481 570,1480 610,1478 650,1478 690,1476 730,1475 770,1475 810,1473 850,1472 890,1472 930,1470 970,1470 1010,1469 1050,1467 1090,1467 1130,1466 1170,1464"/>
                <TextEquiv>
                    <Unicode>det dei voluntatem determinatam quod scilicet hoc erit licet</Unicode>
                </TextEquiv>
            </TextLine>
            <TextLine id="r3l57" custom="readingOrder {index:27;}">
                <Coords points="409,1533 1145,1523 1170,1519 1169,1474 408,1498"/>
                <Baseline points="414,1526 451,1525 489,1524 526,1523 564,1522 601,1521 639,1520 676,1520 714,1518 751,1517 789,1517 826,1515 864,1514 901,1513 939,1512 976,1511 1014,1511 1051,1509 1089,1509 1126,1508 1164,1506"/>
                <TextEquiv>
                    <Unicode>contingenter ad vtrumlibet. Et ideo scia dei est infal¬</Unicode>
                </TextEquiv>
            </TextLine>
            <TextLine id="r3l59" custom="readingOrder {index:28;}">
                <Coords points="409,1575 1165,1561 1164,1521 1114,1513 408,1533"/>
                <Baseline points="414,1569 451,1568 488,1566 525,1565 563,1565 600,1563 637,1562 675,1560 712,1560 749,1559 787,1557 824,1557 861,1556 898,1554 936,1554 973,1553 1010,1551 1048,1551 1085,1550 1122,1550 1160,1548"/>
                <TextEquiv>
                    <Unicode>libilis. non tamen necessario quin deus posset oppositum</Unicode>
                </TextEquiv>
            </TextLine>
            <TextLine id="r3l61" custom="readingOrder {index:29;}">
                <Coords points="406,1618 1163,1597 1162,1561 1102,1556 405,1578"/>
                <Baseline points="411,1611 448,1610 485,1608 523,1607 560,1605 597,1604 635,1604 672,1602 709,1601 747,1601 784,1599 821,1598 859,1598 896,1596 933,1596 971,1595 1008,1595 1045,1593 1083,1593 1120,1592 1158,1592"/>
                <TextEquiv>
                    <Unicode>facere vel aliter disponere. Hec ex Fran. Unde pre</Unicode>
                </TextEquiv>
            </TextLine>
            <TextLine id="r3l63" custom="readingOrder {index:30;}">
                <Coords points="403,1660 1164,1641 1162,1597 402,1621"/>
                <Baseline points="408,1653 445,1652 483,1650 520,1649 558,1648 595,1646 633,1646 670,1644 708,1643 745,1642 783,1641 820,1640 858,1638 895,1638 933,1637 970,1636 1008,1635 1045,1635 1083,1634 1120,1634 1158,1634"/>
                <TextEquiv>
                    <Unicode>scaitia dei a parte rei contingentis ad vtrumlibet praescite est</Unicode>
                </TextEquiv>
            </TextLine>
            <TextLine id="r3l65" custom="readingOrder {index:31;}">
                <Coords points="401,1708 824,1701 943,1676 1138,1688 1159,1642 399,1660"/>
                <Baseline points="405,1691 442,1691 480,1691 517,1690 555,1689 592,1689 630,1688 667,1688 705,1686 742,1685 780,1685 817,1683 855,1682 892,1681 930,1680 967,1679 1005,1677 1042,1677 1080,1676 1117,1675 1155,1674"/>
                <TextEquiv>
                    <Unicode>conditionalis. tamen a parte dei praescientis est infallibilis</Unicode>
                </TextEquiv>
            </TextLine>
            <TextLine id="r3l67" custom="readingOrder {index:32;}">
                <Coords points="400,1742 1151,1733 1171,1681 399,1708"/>
                <Baseline points="405,1734 443,1733 481,1733 519,1731 557,1731 595,1730 633,1730 671,1729 709,1728 747,1728 785,1727 823,1727 861,1725 899,1725 937,1724 975,1722 1013,1721 1051,1719 1089,1719 1127,1717 1166,1715"/>
                <TextEquiv>
                    <Unicode>et determinate scita. vt patet per Boe. in fi. li. de consol¬</Unicode>
                </TextEquiv>
            </TextLine>
            <TextLine id="r3l68" custom="readingOrder {index:33;}">
                <Coords points="406,1784 471,1776 577,1793 652,1790 693,1775 712,1790 776,1787 775,1747 735,1733 634,1746 588,1736 405,1744"/>
                <Baseline points="411,1779 436,1777 462,1776 488,1776 513,1775 539,1773 565,1773 591,1772 616,1770 642,1770 668,1770 693,1769 719,1769 745,1769 771,1769"/>
                <TextEquiv>
                    <Unicode>Ad hec infra exemplu.</Unicode>
                </TextEquiv>
            </TextLine>
            <TextLine id="r3l71" custom="readingOrder {index:34;}">
                <Coords points="469,1842 1165,1822 1164,1779 1048,1784 1004,1756 884,1759 808,1790 468,1781"/>
                <Baseline points="474,1833 508,1832 542,1830 576,1830 611,1830 645,1829 679,1829 714,1829 748,1827 782,1827 817,1826 851,1826 885,1826 919,1824 954,1824 988,1823 1022,1821 1057,1821 1091,1820 1125,1818 1160,1817"/>
                <TextEquiv>
                    <Unicode>¶ An ergo hec propositio sit coce¬</Unicode>
                </TextEquiv>
            </TextLine>
            <TextLine id="r3l73" custom="readingOrder {index:35;}">
                <Coords points="409,1885 1165,1871 1164,1822 625,1852 408,1837"/>
                <Baseline points="414,1878 451,1877 488,1877 525,1877 563,1875 600,1875 637,1874 675,1872 712,1872 749,1871 787,1870 824,1869 861,1868 898,1866 936,1866 973,1865 1010,1865 1048,1863 1085,1863 1122,1862 1160,1862"/>
                <TextEquiv>
                    <Unicode>denda. vicem omne quod praesciuit deus ab eterno erit neces</Unicode>
                </TextEquiv>
            </TextLine>
            <TextLine id="r3l75" custom="readingOrder {index:36;}">
                <Coords points="409,1933 1166,1910 1165,1871 1134,1868 408,1883"/>
                <Baseline points="413,1922 450,1921 487,1920 525,1919 562,1917 600,1917 637,1916 674,1914 712,1914 749,1913 787,1912 824,1911 861,1910 899,1910 936,1908 974,1908 1011,1907 1048,1905 1086,1905 1123,1904 1161,1902"/>
                <TextEquiv>
                    <Unicode>sario: Respondet idem Fran. supra. q. vl. quod non est conceden¬</Unicode>
                </TextEquiv>
            </TextLine>
            <TextLine id="r3l77" custom="readingOrder {index:37;}">
                <Coords points="409,1970 1138,1957 1172,1951 1171,1906 408,1934"/>
                <Baseline points="414,1965 451,1964 489,1962 526,1961 564,1959 602,1959 639,1958 677,1956 715,1956 752,1955 790,1955 828,1954 865,1953 903,1953 941,1952 978,1952 1016,1950 1054,1949 1091,1947 1129,1946 1167,1944"/>
                <TextEquiv>
                    <Unicode>da sed neganda. quia licet deus ab eterno praeordinauit</Unicode>
                </TextEquiv>
            </TextLine>
            <TextLine id="r3l79" custom="readingOrder {index:38;}">
                <Coords points="412,2012 1173,1992 1152,1949 411,1971"/>
                <Baseline points="417,2007 454,2006 492,2004 529,2004 567,2003 604,2001 642,2000 679,2000 717,1998 754,1997 792,1997 829,1995 867,1994 904,1994 942,1992 979,1991 1017,1991 1054,1989 1092,1988 1129,1988 1167,1986"/>
                <TextEquiv>
                    <Unicode>futura et praesciuit quae sint contingentia vt te currere. tame</Unicode>
                </TextEquiv>
            </TextLine>
            <TextLine id="r3l81" custom="readingOrder {index:39;}">
                <Coords points="417,2065 1172,2035 1171,1992 416,2012"/>
                <Baseline points="422,2051 459,2049 496,2047 533,2046 571,2044 608,2043 645,2042 682,2042 720,2040 757,2039 794,2039 831,2037 869,2037 906,2036 943,2036 980,2034 1018,2033 1055,2033 1092,2031 1129,2030 1167,2028"/>
                <TextEquiv>
                    <Unicode>praeordinauit hoc fieri contingenter. et sic erit Et sicut ab</Unicode>
                </TextEquiv>
            </TextLine>
            <TextLine id="r3l83" custom="readingOrder {index:40;}">
                <Coords points="407,2105 1126,2088 1171,2079 1170,2035 406,2069"/>
                <Baseline points="411,2091 448,2090 486,2088 524,2087 562,2085 599,2085 637,2084 675,2082 713,2082 750,2081 788,2080 826,2079 864,2078 901,2078 939,2076 977,2076 1015,2075 1052,2074 1090,2073 1128,2073 1166,2072"/>
                <TextEquiv>
                    <Unicode>eterno potuit non praeordinare. quia ordinauit contin</Unicode>
                </TextEquiv>
            </TextLine>
            <TextLine id="r3l85" custom="readingOrder {index:41;}">
                <Coords points="412,2149 1043,2118 1106,2135 1174,2118 1173,2080 410,2104"/>
                <Baseline points="416,2135 453,2133 491,2132 528,2129 566,2128 604,2126 641,2126 679,2124 717,2124 754,2123 792,2121 830,2121 867,2120 905,2120 943,2118 980,2118 1018,2117 1056,2115 1093,2114 1131,2112 1169,2111"/>
                <TextEquiv>
                    <Unicode>genter fieri. sic nunc potest non ordinare quia contin</Unicode>
                </TextEquiv>
            </TextLine>
            <TextLine id="r3l87" custom="readingOrder {index:42;}">
                <Coords points="415,2193 1135,2170 1169,2161 1168,2122 413,2149"/>
                <Baseline points="419,2175 456,2174 493,2172 530,2172 568,2171 605,2169 642,2168 679,2167 717,2166 754,2165 791,2165 828,2163 866,2162 903,2161 940,2160 977,2159 1015,2158 1052,2157 1089,2156 1126,2156 1164,2154"/>
                <TextEquiv>
                    <Unicode>genter stat. Nam et secundum Bonauen. Omnis diuina actie</Unicode>
                </TextEquiv>
            </TextLine>
            <TextLine id="r3l89" custom="readingOrder {index:43;}">
                <Coords points="412,2224 1184,2207 1182,2160 411,2194"/>
                <Baseline points="417,2217 455,2216 493,2214 531,2213 569,2213 607,2211 645,2210 683,2209 721,2208 759,2207 797,2207 835,2205 873,2204 911,2204 949,2202 987,2201 1025,2201 1063,2199 1101,2198 1139,2196 1178,2195"/>
                <TextEquiv>
                    <Unicode>quae respicit obiectum quod potest non esse. potest desinere. vnde</Unicode>
                </TextEquiv>
            </TextLine>
            <TextLine id="r3l91" custom="readingOrder {index:44;}">
                <Coords points="418,2263 1168,2243 1158,2200 418,2234"/>
                <Baseline points="423,2256 460,2255 497,2255 534,2255 571,2253 608,2253 645,2252 682,2250 719,2250 756,2249 793,2247 830,2247 867,2246 904,2244 941,2243 978,2243 1015,2241 1052,2240 1089,2240 1126,2238 1163,2237"/>
                <TextEquiv>
                    <Unicode>cum deus conseruat rem creatam. potest desinere conseruare</Unicode>
                </TextEquiv>
            </TextLine>
            <TextLine id="r3l93" custom="readingOrder {index:45;}">
                <Coords points="414,2313 1169,2300 1174,2244 413,2262"/>
                <Baseline points="419,2303 456,2300 494,2298 531,2297 569,2295 606,2294 644,2292 681,2292 719,2291 756,2290 794,2289 832,2288 869,2288 907,2287 944,2286 982,2285 1019,2285 1057,2283 1094,2282 1132,2282 1170,2280"/>
                <TextEquiv>
                    <Unicode>ergo cum praescire sit respectu contingentis erit contingens sic</Unicode>
                </TextEquiv>
            </TextLine>
            <TextLine id="r3l95" custom="readingOrder {index:46;}">
                <Coords points="408,2342 466,2358 553,2340 722,2337 750,2353 1004,2335 994,2283 925,2306 870,2293 407,2313"/>
                <Baseline points="413,2343 442,2342 471,2340 500,2340 530,2339 559,2337 588,2336 617,2336 647,2334 676,2334 705,2333 734,2333 764,2333 793,2331 822,2331 851,2330 881,2330 910,2328 939,2328 968,2327 998,2327"/>
                <TextEquiv>
                    <Unicode>respectu necessarii erit necessarium etc.</Unicode>
                </TextEquiv>
            </TextLine>
            <TextLine id="r3l97" custom="readingOrder {index:47;}">
                <Coords points="469,2396 572,2413 1183,2389 1182,2332 469,2360"/>
                <Baseline points="474,2394 509,2394 544,2394 579,2394 614,2393 650,2393 685,2393 720,2391 755,2391 790,2390 826,2389 861,2388 896,2388 931,2387 966,2385 1002,2385 1037,2384 1072,2384 1107,2382 1142,2382 1178,2381"/>
                <TextEquiv>
                    <Unicode>¶ Utrum per scia dei imponat neces</Unicode>
                </TextEquiv>
            </TextLine>
            <TextLine id="r3l99" custom="readingOrder {index:48;}">
                <Coords points="412,2459 1183,2433 1175,2388 411,2406"/>
                <Baseline points="416,2441 454,2441 492,2440 530,2439 568,2439 606,2438 644,2438 682,2436 720,2436 758,2435 797,2435 835,2433 873,2433 911,2432 949,2431 987,2430 1025,2429 1063,2427 1101,2426 1139,2425 1178,2423"/>
                <TextEquiv>
                    <Unicode>sitatem circa futuram rem praescitam: Respondetur secundum Bona</Unicode>
                </TextEquiv>
            </TextLine>
            <TextLine id="r3l101" custom="readingOrder {index:49;}">
                <Coords points="411,2488 1153,2483 1195,2476 1194,2431 410,2460"/>
                <Baseline points="416,2484 454,2484 493,2483 532,2482 570,2481 609,2481 648,2480 686,2479 725,2478 764,2477 803,2477 841,2475 880,2475 919,2474 957,2472 996,2472 1035,2471 1073,2470 1112,2469 1151,2468 1190,2468"/>
                <TextEquiv>
                    <Unicode>uem. e. di. xxxviii. q. penul. et Guil. quod inter alias opi¬</Unicode>
                </TextEquiv>
            </TextLine>
            <TextLine id="r3l103" custom="readingOrder {index:50;}">
                <Coords points="418,2531 1183,2525 1182,2474 417,2493"/>
                <Baseline points="423,2523 460,2523 498,2523 536,2522 574,2522 611,2522 649,2520 687,2520 725,2519 762,2519 800,2517 838,2517 876,2516 913,2515 951,2514 989,2513 1027,2513 1064,2511 1102,2511 1140,2510 1178,2510"/>
                <TextEquiv>
                    <Unicode>niones ista est opinio catholica iusta et pia scilicet quod</Unicode>
                </TextEquiv>
            </TextLine>
            <TextLine id="r3l105" custom="readingOrder {index:51;}">
                <Coords points="409,2568 1187,2554 1160,2514 408,2541"/>
                <Baseline points="414,2567 452,2566 490,2565 529,2564 567,2564 606,2562 644,2562 682,2561 721,2560 759,2559 798,2558 836,2558 874,2558 913,2556 951,2555 990,2555 1028,2553 1066,2553 1105,2552 1143,2550 1182,2550"/>
                <TextEquiv>
                    <Unicode>diuina praescientia ab eterno est. sed tamum rebus non im</Unicode>
                </TextEquiv>
            </TextLine>
            <TextLine id="r3l107" custom="readingOrder {index:52;}">
                <Coords points="417,2625 1198,2608 1197,2562 416,2579"/>
                <Baseline points="422,2610 460,2608 499,2607 537,2606 576,2604 614,2604 653,2603 691,2602 730,2601 768,2601 807,2600 846,2600 884,2598 923,2598 961,2598 1000,2597 1038,2595 1077,2595 1115,2594 1154,2593 1193,2592"/>
                <TextEquiv>
                    <Unicode>ponit necessitatem quamuis sit certa et infallibilis. si¬</Unicode>
                </TextEquiv>
            </TextLine>
            <TextLine id="r3l109" custom="readingOrder {index:53;}">
                <Coords points="427,2659 1184,2648 1183,2601 426,2625"/>
                <Baseline points="432,2649 469,2648 506,2647 544,2646 581,2645 618,2645 656,2644 693,2643 730,2643 768,2642 805,2642 842,2640 880,2640 917,2640 954,2639 992,2639 1029,2637 1066,2637 1104,2636 1141,2636 1179,2634"/>
                <TextEquiv>
                    <Unicode>cut et patuit supra de praedestinatione. c. iii. vicem quod</Unicode>
                </TextEquiv>
            </TextLine>
            <TextLine id="r3l111" custom="readingOrder {index:54;}">
                <Coords points="417,2700 1157,2693 1173,2639 416,2664"/>
                <Baseline points="422,2691 459,2691 496,2689 534,2688 571,2687 608,2687 646,2687 683,2685 720,2685 758,2684 795,2684 832,2684 870,2683 907,2682 944,2682 982,2681 1019,2680 1056,2679 1094,2678 1131,2676 1169,2675"/>
                <TextEquiv>
                    <Unicode>nec ipsa eterna praedestinatio diuina vel reprobatio pt</Unicode>
                </TextEquiv>
            </TextLine>
            <TextLine id="r3l113" custom="readingOrder {index:55;}">
                <Coords points="425,2740 1147,2728 1180,2717 1180,2684 424,2705"/>
                <Baseline points="429,2733 466,2732 503,2730 540,2729 578,2729 615,2727 652,2727 690,2727 727,2726 764,2726 802,2726 839,2726 876,2724 913,2724 951,2724 988,2723 1025,2723 1063,2721 1100,2720 1137,2718 1175,2715"/>
                <TextEquiv>
                    <Unicode>nit in homine necessitatem. quamuis ponat certitudinem</Unicode>
                </TextEquiv>
            </TextLine>
            <TextLine id="r3l115" custom="readingOrder {index:56;}">
                <Coords points="433,2786 829,2777 884,2800 931,2773 1163,2779 1190,2774 1190,2723 432,2742"/>
                <Baseline points="437,2777 474,2777 511,2775 549,2774 586,2773 624,2772 661,2771 698,2771 736,2770 773,2769 811,2769 848,2769 885,2768 923,2768 960,2768 998,2766 1035,2766 1072,2765 1110,2765 1147,2763 1185,2763"/>
                <TextEquiv>
                    <Unicode>Ratio huius opinionis est. quia dei cognitio est perfe</Unicode>
                </TextEquiv>
            </TextLine>
            <TextEquiv>
                <Unicode>deus cogscit res sicut suen variabiles. tamen sceia inuariabili
¶ Utrum prescientia dei sit condi
tionata de futuris contingentibus ad vtrumlibet: Responde
detur secundum Fran. mayro. e. di. xxxviii. q. iii. quod ex quo de
us contingenti determinatione determinat se in volun
tate ad tale contingens ad vtrumlibet. et ab eterno de
terminauit se ad talia contengenter. Ita etiam contingen
ter stat in tali determinatione. quia a nullo necessitatur
ad extra volendum. Etem quemadmodum contingenter
creat res ita contingenter conseruat rem creatam Ideo
concedo inquit quod illam determinationem potest dimitte
re et oppositum determiare aut istam determinatam
suspendere voluntatem. verum tamen ex hoc non sequitur quod
scia dei sit mutata. quia sic sciuit ab eterno quod illud
fiet et sceia non erat nisi stante determinatione illa. vtpote
quia illud futurum sciuit veturum non necario nec absolu
te sed contingenter et praesciuit etiam quod illam determiationem
dimittet vel suspendet voluntatem etc. Sed si staret
determinatio illa quae determiauit deus tale futurum ab
solute vel necessario venturum. tunc si mutetur deter¬
minatio iam scita mutaretur. hoc autem est impossibil.
¶ Unde si arguatur quod ergo paesacia dei de contingentibus ad
vtrumlibet erit conditionata. dicit idem Fran. quod hoc non
potest quis subterfugere. Ideo concedit quod est conditiona
ta. et infra. Intelligendum tamen est inquit quod praescia dici nom
est simpliciter conditionata. sed est absoluta inquantum vt
det dei voluntatem determinatam quod scilicet hoc erit licet
contingenter ad vtrumlibet. Et ideo scia dei est infal¬
libilis. non tamen necessario quin deus posset oppositum
facere vel aliter disponere. Hec ex Fran. Unde pre
scaitia dei a parte rei contingentis ad vtrumlibet praescite est
conditionalis. tamen a parte dei praescientis est infallibilis
et determinate scita. vt patet per Boe. in fi. li. de consol¬
Ad hec infra exemplu.
¶ An ergo hec propositio sit coce¬
denda. vicem omne quod praesciuit deus ab eterno erit neces
sario: Respondet idem Fran. supra. q. vl. quod non est conceden¬
da sed neganda. quia licet deus ab eterno praeordinauit
futura et praesciuit quae sint contingentia vt te currere. tame
praeordinauit hoc fieri contingenter. et sic erit Et sicut ab
eterno potuit non praeordinare. quia ordinauit contin
genter fieri. sic nunc potest non ordinare quia contin
genter stat. Nam et secundum Bonauen. Omnis diuina actie
quae respicit obiectum quod potest non esse. potest desinere. vnde
cum deus conseruat rem creatam. potest desinere conseruare
ergo cum praescire sit respectu contingentis erit contingens sic
respectu necessarii erit necessarium etc.
¶ Utrum per scia dei imponat neces
sitatem circa futuram rem praescitam: Respondetur secundum Bona
uem. e. di. xxxviii. q. penul. et Guil. quod inter alias opi¬
niones ista est opinio catholica iusta et pia scilicet quod
diuina praescientia ab eterno est. sed tamum rebus non im
ponit necessitatem quamuis sit certa et infallibilis. si¬
cut et patuit supra de praedestinatione. c. iii. vicem quod
nec ipsa eterna praedestinatio diuina vel reprobatio pt
nit in homine necessitatem. quamuis ponat certitudinem
Ratio huius opinionis est. quia dei cognitio est perfe</Unicode>
            </TextEquiv>
        </TextRegion>
        <TextRegion orientation="0.0" id="TextRegion_1611415993351_1062" custom="readingOrder {index:1;}">
            <Coords points="1196,213 2027,213 2027,2787 1242,2787 1239,2593"/>
            <TextLine id="r3l2" custom="readingOrder {index:0;}">
                <Coords points="1215,370 2000,356 1999,311 1964,296 1881,319 1696,304 1643,325 1582,299 1449,334 1389,305 1214,324"/>
                <Baseline points="1220,359 1258,359 1297,359 1336,359 1375,359 1413,357 1452,357 1491,356 1530,356 1568,355 1607,354 1646,353 1685,353 1723,351 1762,350 1801,350 1840,348 1878,348 1917,347 1956,347 1995,347"/>
                <TextEquiv>
                    <Unicode>cta. ergo omnia sic cognoscit esse vetura sicut sunt euem¬</Unicode>
                </TextEquiv>
            </TextLine>
            <TextLine id="r3l4" custom="readingOrder {index:1;}">
                <Coords points="1213,407 1920,407 1982,402 1981,354 1212,371"/>
                <Baseline points="1217,401 1256,401 1296,401 1336,399 1376,399 1416,399 1456,399 1496,398 1536,398 1576,397 1616,396 1656,396 1696,395 1736,395 1776,393 1816,393 1856,392 1896,390 1936,390 1976,389"/>
                <TextEquiv>
                    <Unicode>tura vicem vel necessario vel contingenter. alioquin non</Unicode>
                </TextEquiv>
            </TextLine>
            <TextLine id="r3l6" custom="readingOrder {index:2;}">
                <Coords points="1215,453 1976,444 1960,394 1214,408"/>
                <Baseline points="1220,443 1257,444 1295,444 1332,443 1370,443 1407,443 1445,443 1482,441 1520,441 1557,440 1595,440 1632,438 1670,438 1707,437 1745,437 1782,435 1820,434 1857,434 1895,432 1932,431 1970,431"/>
                <TextEquiv>
                    <Unicode>esset perfecta cognitio dei. Sed quia multa sunt in</Unicode>
                </TextEquiv>
            </TextLine>
            <TextLine id="r3l8" custom="readingOrder {index:3;}">
                <Coords points="1213,492 1919,486 1987,480 1987,442 1213,455"/>
                <Baseline points="1218,486 1256,485 1294,485 1332,485 1370,483 1409,483 1447,483 1485,483 1523,482 1561,482 1600,482 1638,480 1676,480 1714,479 1752,479 1791,477 1829,476 1867,474 1905,473 1943,472 1982,470"/>
                <TextEquiv>
                    <Unicode>rebus quae eueniunt contingenter praesertim qua fiunt a liba</Unicode>
                </TextEquiv>
            </TextLine>
            <TextLine id="r3l10" custom="readingOrder {index:4;}">
                <Coords points="1221,532 1968,529 1990,480 1221,493"/>
                <Baseline points="1226,527 1265,527 1305,527 1345,527 1385,527 1425,526 1465,525 1505,525 1545,524 1585,524 1625,522 1665,522 1705,521 1745,520 1785,519 1825,519 1865,518 1905,518 1945,518 1985,518"/>
                <TextEquiv>
                    <Unicode>ro arbitrio et a casu et fortuna. ergo sequitur quod deus prae¬</Unicode>
                </TextEquiv>
            </TextLine>
            <TextLine id="r3l12" custom="readingOrder {index:5;}">
                <Coords points="1209,573 1538,593 1589,570 1988,562 1987,522 1208,533"/>
                <Baseline points="1214,566 1252,567 1290,567 1329,567 1367,567 1406,567 1444,567 1483,567 1521,567 1560,566 1598,566 1636,564 1675,563 1713,563 1752,561 1790,560 1829,560 1867,558 1906,557 1944,555 1983,555"/>
                <TextEquiv>
                    <Unicode>scit talia per modum contigentie fieri. ideo non ponit neces</Unicode>
                </TextEquiv>
            </TextLine>
            <TextLine id="r3l14" custom="readingOrder {index:6;}">
                <Coords points="1213,618 1783,620 1996,602 1996,565 1589,569 1538,593 1213,575"/>
                <Baseline points="1218,609 1256,609 1295,611 1333,611 1372,611 1411,611 1449,609 1488,609 1527,608 1565,608 1604,606 1643,606 1681,605 1720,605 1759,603 1797,602 1836,602 1875,600 1913,599 1952,599 1991,597"/>
                <TextEquiv>
                    <Unicode>sitatem praescientia dei ¶ Declaratur autem pluribus exem¬</Unicode>
                </TextEquiv>
            </TextLine>
            <TextLine id="r3l16" custom="readingOrder {index:7;}">
                <Coords points="1215,667 1973,653 1986,604 1214,625"/>
                <Baseline points="1220,653 1258,653 1296,653 1334,653 1372,653 1410,653 1448,652 1486,651 1524,651 1562,650 1601,648 1639,648 1677,647 1715,646 1753,645 1791,644 1829,642 1867,642 1905,641 1943,639 1982,639"/>
                <TextEquiv>
                    <Unicode>plis hoc idem ¶ Primo in theologicis. Quia si prae</Unicode>
                </TextEquiv>
            </TextLine>
            <TextLine id="r3l18" custom="readingOrder {index:8;}">
                <Coords points="1213,707 1981,696 1993,646 1212,670"/>
                <Baseline points="1217,695 1255,695 1294,695 1332,695 1371,695 1409,693 1448,693 1486,692 1525,692 1563,692 1602,690 1641,689 1679,689 1718,687 1756,687 1795,686 1833,684 1872,684 1910,683 1949,681 1988,680"/>
                <TextEquiv>
                    <Unicode>scientia dei imponeret necessitate frustra esset fi¬</Unicode>
                </TextEquiv>
            </TextLine>
            <TextLine id="r3l20" custom="readingOrder {index:9;}">
                <Coords points="1225,745 2002,738 2001,686 1224,705"/>
                <Baseline points="1230,735 1268,735 1306,737 1345,736 1383,735 1421,735 1460,735 1498,734 1536,734 1575,733 1613,732 1651,731 1690,731 1728,729 1766,729 1805,728 1843,728 1881,727 1920,726 1958,726 1997,726"/>
                <TextEquiv>
                    <Unicode>des et euangelium christi ac eius praedicatio cum necessa¬</Unicode>
                </TextEquiv>
            </TextLine>
            <TextLine id="r3l22" custom="readingOrder {index:10;}">
                <Coords points="1215,788 1984,775 1983,734 1215,750"/>
                <Baseline points="1220,776 1259,776 1299,777 1339,777 1379,777 1419,777 1459,777 1499,776 1539,776 1579,775 1619,774 1659,773 1699,772 1739,771 1779,770 1819,770 1859,768 1899,768 1939,767 1979,767"/>
                <TextEquiv>
                    <Unicode>rio deberent saluari vel damnari homines prout deus pre</Unicode>
                </TextEquiv>
            </TextLine>
            <TextLine id="r3l24" custom="readingOrder {index:11;}">
                <Coords points="1226,827 1861,829 1990,817 1990,773 1225,785"/>
                <Baseline points="1230,819 1267,819 1305,819 1343,819 1381,819 1418,819 1456,818 1494,818 1532,818 1569,816 1607,816 1645,815 1683,815 1720,814 1758,813 1796,812 1834,811 1871,810 1909,809 1947,807 1985,806"/>
                <TextEquiv>
                    <Unicode>sciuit hos et illos siue crederent siue non Item quia tol</Unicode>
                </TextEquiv>
            </TextLine>
            <TextLine id="r3l26" custom="readingOrder {index:12;}">
                <Coords points="1222,869 1991,855 1979,811 1221,828"/>
                <Baseline points="1227,863 1264,863 1302,863 1340,863 1378,861 1416,861 1454,861 1492,860 1530,860 1568,859 1606,858 1643,858 1681,857 1719,855 1757,855 1795,854 1833,852 1871,852 1909,851 1947,849 1985,848"/>
                <TextEquiv>
                    <Unicode>leretur libertas arbitrii in homine. et sic deus non iuste</Unicode>
                </TextEquiv>
            </TextLine>
            <TextLine id="r3l28" custom="readingOrder {index:13;}">
                <Coords points="1224,922 1996,896 1995,855 1223,872"/>
                <Baseline points="1229,903 1267,903 1305,903 1343,903 1381,903 1419,902 1457,902 1495,902 1533,902 1571,900 1610,900 1648,900 1686,899 1724,899 1762,897 1800,896 1838,896 1876,894 1914,893 1952,892 1991,890"/>
                <TextEquiv>
                    <Unicode>puniret malos cum necessario fecerunt mala quae deus</Unicode>
                </TextEquiv>
            </TextLine>
            <TextLine id="r3l30" custom="readingOrder {index:14;}">
                <Coords points="1224,964 2004,951 2003,899 1223,922"/>
                <Baseline points="1229,948 1267,948 1305,947 1344,946 1382,945 1421,944 1459,944 1498,944 1536,944 1575,942 1613,942 1651,942 1690,941 1728,941 1767,939 1805,938 1844,938 1882,936 1921,935 1959,933 1998,930"/>
                <TextEquiv>
                    <Unicode>psciuit fienda etc. nec iuste praemiaret deus bonos</Unicode>
                </TextEquiv>
            </TextLine>
            <TextLine id="r3l32" custom="readingOrder {index:15;}">
                <Coords points="1221,1004 1941,988 1957,939 1221,966"/>
                <Baseline points="1226,989 1262,987 1298,987 1334,987 1371,987 1407,986 1443,986 1480,986 1516,986 1552,986 1589,984 1625,984 1661,984 1697,983 1734,983 1770,982 1806,981 1843,980 1879,978 1915,978 1952,977"/>
                <TextEquiv>
                    <Unicode>quia necessario facerent bona que deus praeuidit etc.</Unicode>
                </TextEquiv>
            </TextLine>
            <TextLine id="r3l34" custom="readingOrder {index:16;}">
                <Coords points="1230,1038 1992,1030 1998,984 1229,999"/>
                <Baseline points="1235,1028 1274,1029 1314,1029 1354,1029 1394,1029 1434,1029 1474,1029 1514,1029 1554,1028 1594,1028 1634,1026 1674,1026 1714,1025 1754,1023 1794,1023 1834,1022 1874,1020 1914,1019 1954,1019 1994,1017"/>
                <TextEquiv>
                    <Unicode>Secundo in ethicis. quia si sic tunc peariret laus virtu</Unicode>
                </TextEquiv>
            </TextLine>
            <TextLine id="r3l36" custom="readingOrder {index:17;}">
                <Coords points="1226,1089 1976,1073 1990,1026 1225,1040"/>
                <Baseline points="1230,1074 1267,1073 1305,1073 1343,1073 1381,1073 1418,1071 1456,1071 1494,1071 1532,1070 1569,1070 1607,1068 1645,1068 1683,1067 1720,1067 1758,1065 1796,1065 1834,1064 1871,1062 1909,1061 1947,1060 1985,1058"/>
                <TextEquiv>
                    <Unicode>tis et vituperium mali nec bonis moribus mereremui</Unicode>
                </TextEquiv>
            </TextLine>
            <TextLine id="r3l38" custom="readingOrder {index:18;}">
                <Coords points="1229,1126 1990,1108 1990,1072 1228,1088"/>
                <Baseline points="1233,1116 1270,1116 1308,1115 1345,1115 1383,1113 1421,1113 1458,1113 1496,1112 1533,1112 1571,1110 1609,1110 1646,1109 1684,1109 1721,1107 1759,1106 1797,1106 1834,1105 1872,1104 1909,1103 1947,1101 1985,1100"/>
                <TextEquiv>
                    <Unicode>nec malis demereremur cum fierent necessario in ho</Unicode>
                </TextEquiv>
            </TextLine>
            <TextLine id="r3l40" custom="readingOrder {index:19;}">
                <Coords points="1224,1164 2005,1153 2004,1106 1223,1128"/>
                <Baseline points="1229,1157 1267,1157 1306,1157 1344,1157 1383,1155 1421,1155 1460,1155 1498,1155 1537,1154 1575,1154 1614,1152 1653,1152 1691,1151 1730,1150 1768,1149 1807,1148 1845,1147 1884,1146 1922,1145 1961,1143 2000,1142"/>
                <TextEquiv>
                    <Unicode>minibus ¶ Tertio in politicis. quia si sic tunc in omni</Unicode>
                </TextEquiv>
            </TextLine>
            <TextLine id="r3l42" custom="readingOrder {index:20;}">
                <Coords points="1227,1215 1911,1207 2011,1193 2010,1148 1226,1171"/>
                <Baseline points="1232,1202 1270,1200 1309,1200 1348,1199 1386,1199 1425,1197 1464,1197 1502,1197 1541,1196 1580,1196 1619,1194 1657,1194 1696,1193 1735,1193 1773,1191 1812,1191 1851,1190 1889,1188 1928,1187 1967,1185 2006,1184"/>
                <TextEquiv>
                    <Unicode>policia frustra esset prudentia consiliatiua. quia siue</Unicode>
                </TextEquiv>
            </TextLine>
            <TextLine id="r3l44" custom="readingOrder {index:21;}">
                <Coords points="1224,1257 1974,1241 2005,1234 2004,1191 1223,1214"/>
                <Baseline points="1229,1241 1267,1241 1306,1241 1344,1239 1383,1239 1421,1239 1460,1238 1498,1238 1537,1238 1575,1236 1614,1236 1653,1235 1691,1235 1730,1233 1768,1233 1807,1233 1845,1232 1884,1230 1922,1229 1961,1229 2000,1227"/>
                <TextEquiv>
                    <Unicode>consiliarentur siue non necessario omnia euenirent. Nam</Unicode>
                </TextEquiv>
            </TextLine>
            <TextLine id="r3l46" custom="readingOrder {index:22;}">
                <Coords points="1239,1290 2004,1282 2017,1235 1239,1255"/>
                <Baseline points="1244,1283 1282,1283 1320,1283 1359,1283 1397,1281 1436,1281 1474,1280 1512,1280 1551,1278 1589,1278 1628,1277 1666,1277 1704,1275 1743,1275 1781,1274 1820,1274 1858,1274 1896,1272 1935,1272 1973,1272 2012,1272"/>
                <TextEquiv>
                    <Unicode>de necessariis euentibus non est consiliari. puta sol de¬</Unicode>
                </TextEquiv>
            </TextLine>
            <TextLine id="r3l48" custom="readingOrder {index:23;}">
                <Coords points="1231,1333 1999,1330 1998,1280 1971,1276 1230,1288"/>
                <Baseline points="1236,1326 1273,1325 1311,1325 1349,1325 1387,1325 1425,1323 1463,1323 1501,1322 1539,1322 1577,1322 1615,1320 1652,1320 1690,1319 1728,1319 1766,1317 1804,1316 1842,1316 1880,1314 1918,1314 1956,1313 1994,1313"/>
                <TextEquiv>
                    <Unicode>beat oriri cras. vel homo moriatur aliquando. Et sic fru</Unicode>
                </TextEquiv>
            </TextLine>
            <TextLine id="r3l50" custom="readingOrder {index:24;}">
                <Coords points="1231,1380 1948,1368 1947,1321 1230,1331"/>
                <Baseline points="1236,1368 1271,1368 1306,1368 1342,1367 1377,1367 1412,1367 1448,1365 1483,1365 1518,1364 1554,1364 1589,1362 1624,1362 1660,1361 1695,1360 1730,1359 1766,1358 1801,1358 1836,1358 1872,1356 1907,1356 1943,1355"/>
                <TextEquiv>
                    <Unicode>stra essent leges et tolleretur omnis iusticia. ergo etc</Unicode>
                </TextEquiv>
            </TextLine>
            <TextLine id="r3l52" custom="readingOrder {index:25;}">
                <Coords points="1239,1422 2006,1408 2005,1357 1238,1376"/>
                <Baseline points="1244,1412 1281,1412 1319,1410 1357,1409 1395,1409 1433,1408 1471,1407 1508,1406 1546,1406 1584,1405 1622,1404 1660,1403 1698,1403 1736,1401 1773,1401 1811,1400 1849,1400 1887,1398 1925,1398 1963,1397 2001,1395"/>
                <TextEquiv>
                    <Unicode>Quarto in philosophcis. quia sic frustra adhiberentur</Unicode>
                </TextEquiv>
            </TextLine>
            <TextLine id="r3l54" custom="readingOrder {index:26;}">
                <Coords points="1235,1469 2009,1450 2008,1406 1234,1423"/>
                <Baseline points="1239,1455 1277,1454 1315,1452 1353,1452 1392,1451 1430,1451 1468,1449 1506,1449 1545,1448 1583,1447 1621,1446 1659,1446 1698,1445 1736,1445 1774,1443 1812,1443 1851,1442 1889,1442 1927,1440 1965,1439 2004,1437"/>
                <TextEquiv>
                    <Unicode>medicamina infirmitatibus et vulneribus. Quapro</Unicode>
                </TextEquiv>
            </TextLine>
            <TextLine id="r3l56" custom="readingOrder {index:27;}">
                <Coords points="1246,1505 2002,1493 1994,1444 1246,1467"/>
                <Baseline points="1251,1497 1288,1496 1325,1494 1362,1493 1400,1493 1437,1491 1474,1491 1512,1490 1549,1490 1586,1489 1624,1488 1661,1488 1698,1487 1735,1487 1773,1486 1810,1485 1847,1484 1885,1482 1922,1482 1959,1480 1997,1478"/>
                <TextEquiv>
                    <Unicode>pter Aug. lib. de li. ar. dicit quod sicut memoria mea</Unicode>
                </TextEquiv>
            </TextLine>
            <TextLine id="r3l58" custom="readingOrder {index:28;}">
                <Coords points="1237,1549 2006,1528 2005,1492 1930,1486 1236,1507"/>
                <Baseline points="1242,1538 1281,1536 1321,1536 1361,1536 1401,1535 1441,1535 1481,1533 1521,1533 1561,1532 1601,1532 1641,1530 1681,1530 1721,1529 1761,1528 1801,1527 1841,1526 1881,1524 1921,1524 1961,1523 2001,1521"/>
                <TextEquiv>
                    <Unicode>licet sciat que praeterierunt. tamen non cogit illa esse facta.</Unicode>
                </TextEquiv>
            </TextLine>
            <TextLine id="r3l60" custom="readingOrder {index:29;}">
                <Coords points="1234,1587 2014,1572 2013,1526 1234,1549"/>
                <Baseline points="1239,1581 1277,1580 1316,1579 1354,1578 1393,1577 1431,1577 1470,1575 1508,1575 1547,1574 1585,1573 1624,1572 1662,1571 1701,1571 1739,1570 1778,1569 1816,1569 1855,1568 1893,1568 1932,1566 1970,1566 2009,1565"/>
                <TextEquiv>
                    <Unicode>Sic dei praescientia non cogit facienda esse que futu¬</Unicode>
                </TextEquiv>
            </TextLine>
            <TextLine id="r3l62" custom="readingOrder {index:30;}">
                <Coords points="1233,1630 1983,1621 1996,1572 1232,1595"/>
                <Baseline points="1238,1622 1275,1622 1313,1620 1351,1620 1388,1619 1426,1619 1464,1617 1501,1617 1539,1616 1577,1616 1615,1614 1652,1613 1690,1613 1728,1611 1765,1611 1803,1611 1841,1610 1878,1610 1916,1608 1954,1608 1992,1608"/>
                <TextEquiv>
                    <Unicode>ra sunt. et sic patet. Item sicut visio mea qua certi</Unicode>
                </TextEquiv>
            </TextLine>
            <TextLine id="r3l64" custom="readingOrder {index:31;}">
                <Coords points="1242,1679 2011,1668 2010,1617 1241,1638"/>
                <Baseline points="1247,1667 1286,1665 1326,1664 1366,1662 1406,1661 1446,1660 1486,1659 1526,1659 1566,1658 1606,1658 1646,1656 1686,1656 1726,1656 1766,1655 1806,1654 1846,1653 1886,1652 1926,1652 1966,1650 2006,1649"/>
                <TextEquiv>
                    <Unicode>tudinaliter scio quod iste facit rotam vel ollam non ponit</Unicode>
                </TextEquiv>
            </TextLine>
            <TextLine id="r3l66" custom="readingOrder {index:32;}">
                <Coords points="1240,1719 1822,1705 1821,1667 1771,1659 1240,1681"/>
                <Baseline points="1245,1710 1273,1709 1302,1708 1330,1707 1359,1706 1388,1706 1416,1704 1445,1704 1473,1703 1502,1703 1531,1701 1559,1701 1588,1701 1616,1700 1645,1700 1674,1700 1702,1699 1731,1698 1759,1698 1788,1698 1817,1697"/>
                <TextEquiv>
                    <Unicode>necessitatem faciendi rotam. ita in proposito.</Unicode>
                </TextEquiv>
            </TextLine>
            <TextLine id="r3l69" custom="readingOrder {index:33;}">
                <Coords points="1257,1803 1965,1783 2011,1770 2010,1723 1438,1751 1255,1717"/>
                <Baseline points="1262,1785 1299,1784 1336,1782 1373,1782 1410,1781 1448,1781 1485,1781 1522,1779 1559,1779 1596,1779 1634,1779 1671,1778 1708,1778 1745,1776 1782,1775 1820,1773 1857,1772 1894,1770 1931,1767 1968,1764 2006,1761"/>
                <TextEquiv>
                    <Unicode>¶ Quo ergo ordine praescit deus fu¬</Unicode>
                </TextEquiv>
            </TextLine>
            <TextLine id="r3l70" custom="readingOrder {index:34;}">
                <Coords points="1236,1841 2012,1828 2011,1771 1729,1800 1236,1803"/>
                <Baseline points="1241,1829 1279,1829 1317,1829 1355,1827 1394,1827 1432,1827 1470,1826 1509,1826 1547,1824 1585,1824 1624,1823 1662,1823 1700,1821 1738,1820 1777,1820 1815,1818 1853,1817 1892,1817 1930,1815 1968,1814 2007,1814"/>
                <TextEquiv>
                    <Unicode>turam contingentia et queque fienda: Nota secundum Guil.</Unicode>
                </TextEquiv>
            </TextLine>
            <TextLine id="r3l72" custom="readingOrder {index:35;}">
                <Coords points="1243,1883 1957,1874 2014,1868 2013,1826 1242,1847"/>
                <Baseline points="1248,1872 1286,1872 1324,1871 1362,1870 1400,1869 1438,1869 1476,1868 1514,1868 1552,1866 1590,1865 1628,1865 1666,1863 1704,1863 1742,1862 1780,1860 1818,1860 1856,1859 1894,1859 1932,1857 1970,1856 2009,1856"/>
                <TextEquiv>
                    <Unicode>e. di. xxxviii. cum doc. subti. quod in cognitione vel praesci¬</Unicode>
                </TextEquiv>
            </TextLine>
            <TextLine id="r3l74" custom="readingOrder {index:36;}">
                <Coords points="1249,1925 2011,1908 2010,1866 1972,1863 1248,1881"/>
                <Baseline points="1253,1914 1290,1914 1328,1913 1365,1913 1403,1911 1441,1911 1478,1910 1516,1908 1554,1908 1591,1907 1629,1907 1667,1905 1704,1905 1742,1904 1780,1903 1817,1902 1855,1901 1893,1899 1930,1898 1968,1897 2006,1895"/>
                <TextEquiv>
                    <Unicode>entia complexorum in diuino intellectum tria signa</Unicode>
                </TextEquiv>
            </TextLine>
            <TextLine id="r3l76" custom="readingOrder {index:37;}">
                <Coords points="1262,1973 1932,1962 2015,1950 2015,1909 1261,1925"/>
                <Baseline points="1266,1956 1303,1956 1340,1955 1377,1955 1414,1953 1452,1953 1489,1952 1526,1950 1563,1950 1600,1949 1638,1949 1675,1947 1712,1946 1749,1946 1786,1944 1824,1944 1861,1943 1898,1943 1935,1943 1972,1941 2010,1941"/>
                <TextEquiv>
                    <Unicode>ponuntur. licet ibi vnico actu intellectus fieri ha¬</Unicode>
                </TextEquiv>
            </TextLine>
            <TextLine id="r3l78" custom="readingOrder {index:38;}">
                <Coords points="1252,2007 1940,2001 2019,1993 2019,1948 1251,1968"/>
                <Baseline points="1257,1998 1294,1998 1332,1997 1370,1997 1408,1995 1446,1995 1484,1994 1522,1994 1560,1992 1598,1992 1636,1991 1673,1989 1711,1989 1749,1988 1787,1988 1825,1986 1863,1986 1901,1985 1939,1985 1977,1983 2015,1983"/>
                <TextEquiv>
                    <Unicode>beant. tamen secundum modum intelligendi nostrum intelliguntur</Unicode>
                </TextEquiv>
            </TextLine>
            <TextLine id="r3l80" custom="readingOrder {index:39;}">
                <Coords points="1250,2050 1961,2039 2021,2034 2021,1996 1249,2008"/>
                <Baseline points="1254,2040 1292,2040 1330,2039 1368,2039 1406,2037 1444,2037 1482,2036 1520,2036 1558,2036 1596,2034 1635,2033 1673,2033 1711,2031 1749,2031 1787,2030 1825,2028 1863,2028 1901,2027 1939,2027 1977,2025 2016,2025"/>
                <TextEquiv>
                    <Unicode>distincte. In primo signo praesentantur omnes complexiones</Unicode>
                </TextEquiv>
            </TextLine>
            <TextLine id="r3l82" custom="readingOrder {index:40;}">
                <Coords points="1249,2094 2023,2073 2022,2034 1981,2032 1248,2050"/>
                <Baseline points="1254,2085 1292,2084 1330,2082 1368,2081 1406,2081 1445,2079 1483,2078 1521,2078 1559,2076 1597,2076 1636,2075 1674,2073 1712,2073 1750,2072 1788,2070 1827,2070 1865,2069 1903,2068 1941,2067 1979,2066 2018,2066"/>
                <TextEquiv>
                    <Unicode>diuino intellectui. quecumque sint aut necessarie aut</Unicode>
                </TextEquiv>
            </TextLine>
            <TextLine id="r3l84" custom="readingOrder {index:41;}">
                <Coords points="1246,2125 1323,2142 2013,2121 2019,2074 1245,2104"/>
                <Baseline points="1251,2126 1289,2125 1327,2124 1365,2123 1403,2123 1442,2121 1480,2121 1518,2120 1556,2119 1594,2118 1633,2117 1671,2117 1709,2115 1747,2115 1785,2114 1824,2112 1862,2111 1900,2111 1938,2109 1976,2109 2015,2108"/>
                <TextEquiv>
                    <Unicode>contingentes. Et in hoc signo omnes completiones intel</Unicode>
                </TextEquiv>
            </TextLine>
            <TextLine id="r3l86" custom="readingOrder {index:42;}">
                <Coords points="1242,2185 1988,2164 2013,2116 1340,2144 1240,2123"/>
                <Baseline points="1247,2171 1285,2169 1323,2168 1361,2167 1399,2165 1437,2165 1475,2163 1513,2162 1551,2162 1589,2160 1628,2159 1666,2159 1704,2157 1742,2156 1780,2156 1818,2155 1856,2154 1894,2153 1932,2151 1970,2150 2009,2150"/>
                <TextEquiv>
                    <Unicode>ligit vt sunt in se neutre. vicem nec necessarie nec con¬</Unicode>
                </TextEquiv>
            </TextLine>
            <TextLine id="r3l88" custom="readingOrder {index:43;}">
                <Coords points="1252,2222 2021,2206 1998,2155 1251,2178"/>
                <Baseline points="1256,2213 1295,2212 1335,2210 1375,2208 1415,2207 1455,2205 1495,2204 1535,2203 1575,2202 1615,2201 1655,2199 1695,2199 1735,2198 1775,2198 1815,2196 1855,2196 1895,2195 1935,2193 1975,2193 2015,2192"/>
                <TextEquiv>
                    <Unicode>tingentes. Sicut ista. antichristus erit. Iudas da¬</Unicode>
                </TextEquiv>
            </TextLine>
            <TextLine id="r3l90" custom="readingOrder {index:44;}">
                <Coords points="1246,2264 2021,2244 2020,2205 1957,2199 1245,2222"/>
                <Baseline points="1251,2255 1289,2253 1327,2252 1365,2251 1404,2249 1442,2247 1480,2247 1518,2246 1557,2244 1595,2244 1633,2243 1671,2243 1710,2241 1748,2240 1786,2240 1824,2238 1863,2237 1901,2237 1939,2235 1977,2234 2016,2232"/>
                <TextEquiv>
                    <Unicode>mnabitur. Petrus saluabitur. In secundo signo iste neu</Unicode>
                </TextEquiv>
            </TextLine>
            <TextLine id="r3l92" custom="readingOrder {index:45;}">
                <Coords points="1254,2307 2018,2290 2017,2244 1253,2270"/>
                <Baseline points="1259,2297 1296,2295 1334,2295 1372,2294 1409,2292 1447,2291 1485,2291 1522,2289 1560,2288 1598,2286 1636,2286 1673,2285 1711,2283 1749,2283 1786,2282 1824,2280 1862,2280 1899,2279 1937,2279 1975,2277 2013,2277"/>
                <TextEquiv>
                    <Unicode>tre complexiones praesentantur diuine voluntati. Et</Unicode>
                </TextEquiv>
            </TextLine>
            <TextLine id="r3l94" custom="readingOrder {index:46;}">
                <Coords points="1243,2353 2011,2329 1996,2284 1242,2307"/>
                <Baseline points="1248,2340 1285,2338 1323,2336 1361,2336 1399,2334 1437,2333 1475,2331 1513,2331 1551,2330 1589,2330 1627,2328 1664,2328 1702,2327 1740,2327 1778,2325 1816,2324 1854,2324 1892,2322 1930,2321 1968,2319 2006,2318"/>
                <TextEquiv>
                    <Unicode>tunc diuina voluntas vnam eligit partem et dicit vole</Unicode>
                </TextEquiv>
            </TextLine>
            <TextLine id="r3l96" custom="readingOrder {index:47;}">
                <Coords points="1252,2385 1977,2379 2012,2371 2011,2329 1251,2350"/>
                <Baseline points="1257,2379 1294,2379 1332,2378 1369,2378 1407,2376 1444,2376 1482,2375 1519,2374 1557,2373 1594,2372 1632,2371 1669,2370 1707,2369 1744,2367 1782,2366 1819,2366 1857,2364 1894,2364 1932,2363 1969,2363 2007,2361"/>
                <TextEquiv>
                    <Unicode>determinate antichristum esse. Iudam pro peccatis</Unicode>
                </TextEquiv>
            </TextLine>
            <TextLine id="r3l98" custom="readingOrder {index:48;}">
                <Coords points="1249,2431 2023,2412 2022,2376 1989,2370 1248,2385"/>
                <Baseline points="1254,2423 1292,2422 1330,2421 1368,2420 1406,2418 1445,2417 1483,2417 1521,2415 1559,2414 1597,2414 1636,2412 1674,2411 1712,2411 1750,2409 1788,2409 1827,2408 1865,2406 1903,2406 1941,2405 1979,2404 2018,2402"/>
                <TextEquiv>
                    <Unicode>suis damnari. Petrum saluari secundum ordinem. supra de</Unicode>
                </TextEquiv>
            </TextLine>
            <TextLine id="r3l100" custom="readingOrder {index:49;}">
                <Coords points="1264,2481 2024,2455 2023,2419 1957,2409 1263,2429"/>
                <Baseline points="1269,2466 1306,2464 1344,2462 1381,2462 1419,2460 1456,2459 1494,2459 1531,2457 1569,2456 1606,2456 1644,2454 1681,2453 1719,2453 1756,2452 1794,2451 1831,2450 1869,2448 1906,2448 1944,2447 1981,2445 2019,2445"/>
                <TextEquiv>
                    <Unicode>Predestinatione. §. xx. ac. vi. In tertio signo intelle</Unicode>
                </TextEquiv>
            </TextLine>
            <TextLine id="r3l102" custom="readingOrder {index:50;}">
                <Coords points="1249,2512 1951,2508 2012,2499 2011,2453 1248,2483"/>
                <Baseline points="1254,2507 1291,2505 1329,2504 1366,2502 1404,2501 1442,2501 1479,2499 1517,2499 1555,2498 1592,2497 1630,2496 1668,2495 1705,2495 1743,2493 1781,2493 1818,2492 1856,2492 1894,2490 1931,2490 1969,2489 2007,2487"/>
                <TextEquiv>
                    <Unicode>ctus diuinus videt determinationem diuine vo</Unicode>
                </TextEquiv>
            </TextLine>
            <TextLine id="r3l104" custom="readingOrder {index:51;}">
                <Coords points="1257,2556 2014,2539 2013,2504 1986,2497 1256,2513"/>
                <Baseline points="1262,2547 1299,2547 1336,2547 1374,2547 1411,2546 1448,2544 1486,2544 1523,2543 1560,2541 1598,2540 1635,2538 1672,2537 1710,2536 1747,2535 1784,2534 1822,2534 1859,2532 1896,2532 1934,2532 1971,2532 2009,2532"/>
                <TextEquiv>
                    <Unicode>luntatis. Et scit quod ille veritates impleri contingen¬</Unicode>
                </TextEquiv>
            </TextLine>
            <TextLine id="r3l106" custom="readingOrder {index:52;}">
                <Coords points="1251,2598 2029,2590 2028,2539 1250,2556"/>
                <Baseline points="1256,2591 1294,2590 1332,2589 1371,2588 1409,2586 1448,2586 1486,2585 1524,2583 1563,2582 1601,2581 1640,2580 1678,2579 1716,2577 1755,2577 1793,2576 1832,2576 1870,2575 1908,2574 1947,2574 1985,2574 2024,2573"/>
                <TextEquiv>
                    <Unicode>ter. vel necessario ex determinationis divine sup¬</Unicode>
                </TextEquiv>
            </TextLine>
            <TextLine id="r3l108" custom="readingOrder {index:53;}">
                <Coords points="1252,2645 2023,2622 2022,2587 1930,2578 1251,2601"/>
                <Baseline points="1256,2633 1294,2632 1332,2631 1370,2630 1408,2628 1446,2627 1484,2626 1522,2625 1560,2624 1598,2622 1637,2622 1675,2621 1713,2620 1751,2619 1789,2619 1827,2618 1865,2618 1903,2617 1941,2616 1979,2616 2018,2616"/>
                <TextEquiv>
                    <Unicode>positione. quia scit suam voluntatem esse omnipoten</Unicode>
                </TextEquiv>
            </TextLine>
            <TextLine id="r3l110" custom="readingOrder {index:54;}">
                <Coords points="1258,2682 2029,2672 2028,2623 1951,2616 1258,2645"/>
                <Baseline points="1263,2676 1301,2673 1339,2673 1377,2671 1415,2670 1453,2669 1491,2667 1529,2667 1567,2666 1605,2666 1643,2664 1681,2664 1719,2663 1757,2663 1795,2661 1833,2661 1871,2660 1909,2660 1947,2658 1985,2658 2024,2657"/>
                <TextEquiv>
                    <Unicode>tem ad implendum quicquid vult et immutabilem. ¶ Si</Unicode>
                </TextEquiv>
            </TextLine>
            <TextLine id="r3l112" custom="readingOrder {index:55;}">
                <Coords points="1252,2725 2024,2706 2023,2673 1917,2666 1251,2683"/>
                <Baseline points="1257,2715 1295,2714 1333,2714 1371,2714 1409,2713 1447,2712 1485,2712 1523,2711 1561,2710 1599,2709 1637,2708 1675,2706 1713,2705 1751,2704 1789,2703 1827,2702 1865,2702 1903,2700 1941,2700 1979,2699 2018,2699"/>
                <TextEquiv>
                    <Unicode>dicas. Quod euenit determinate immutabiliter: eue</Unicode>
                </TextEquiv>
            </TextLine>
            <TextLine id="r3l114" custom="readingOrder {index:56;}">
                <Coords points="1249,2768 1936,2752 1977,2770 2032,2756 2031,2706 1248,2733"/>
                <Baseline points="1254,2760 1292,2759 1331,2759 1369,2758 1408,2757 1447,2756 1485,2755 1524,2754 1563,2753 1601,2752 1640,2751 1679,2750 1717,2750 1756,2748 1795,2748 1833,2747 1872,2747 1911,2747 1949,2745 1988,2745 2027,2745"/>
                <TextEquiv>
                    <Unicode>nit de necessitatem. sed omne futurum euenit detertui</Unicode>
                </TextEquiv>
            </TextLine>
            <TextEquiv>
                <Unicode>cta. ergo omnia sic cognoscit esse vetura sicut sunt euem¬
tura vicem vel necessario vel contingenter. alioquin non
esset perfecta cognitio dei. Sed quia multa sunt in
rebus quae eueniunt contingenter praesertim qua fiunt a liba
ro arbitrio et a casu et fortuna. ergo sequitur quod deus prae¬
scit talia per modum contigentie fieri. ideo non ponit neces
sitatem praescientia dei ¶ Declaratur autem pluribus exem¬
plis hoc idem ¶ Primo in theologicis. Quia si prae
scientia dei imponeret necessitate frustra esset fi¬
des et euangelium christi ac eius praedicatio cum necessa¬
rio deberent saluari vel damnari homines prout deus pre
sciuit hos et illos siue crederent siue non Item quia tol
leretur libertas arbitrii in homine. et sic deus non iuste
puniret malos cum necessario fecerunt mala quae deus
psciuit fienda etc. nec iuste praemiaret deus bonos
quia necessario facerent bona que deus praeuidit etc.
Secundo in ethicis. quia si sic tunc peariret laus virtu
tis et vituperium mali nec bonis moribus mereremui
nec malis demereremur cum fierent necessario in ho
minibus ¶ Tertio in politicis. quia si sic tunc in omni
policia frustra esset prudentia consiliatiua. quia siue
consiliarentur siue non necessario omnia euenirent. Nam
de necessariis euentibus non est consiliari. puta sol de¬
beat oriri cras. vel homo moriatur aliquando. Et sic fru
stra essent leges et tolleretur omnis iusticia. ergo etc
Quarto in philosophcis. quia sic frustra adhiberentur
medicamina infirmitatibus et vulneribus. Quapro
pter Aug. lib. de li. ar. dicit quod sicut memoria mea
licet sciat que praeterierunt. tamen non cogit illa esse facta.
Sic dei praescientia non cogit facienda esse que futu¬
ra sunt. et sic patet. Item sicut visio mea qua certi
tudinaliter scio quod iste facit rotam vel ollam non ponit
necessitatem faciendi rotam. ita in proposito.
¶ Quo ergo ordine praescit deus fu¬
turam contingentia et queque fienda: Nota secundum Guil.
e. di. xxxviii. cum doc. subti. quod in cognitione vel praesci¬
entia complexorum in diuino intellectum tria signa
ponuntur. licet ibi vnico actu intellectus fieri ha¬
beant. tamen secundum modum intelligendi nostrum intelliguntur
distincte. In primo signo praesentantur omnes complexiones
diuino intellectui. quecumque sint aut necessarie aut
contingentes. Et in hoc signo omnes completiones intel
ligit vt sunt in se neutre. vicem nec necessarie nec con¬
tingentes. Sicut ista. antichristus erit. Iudas da¬
mnabitur. Petrus saluabitur. In secundo signo iste neu
tre complexiones praesentantur diuine voluntati. Et
tunc diuina voluntas vnam eligit partem et dicit vole
determinate antichristum esse. Iudam pro peccatis
suis damnari. Petrum saluari secundum ordinem. supra de
Predestinatione. §. xx. ac. vi. In tertio signo intelle
ctus diuinus videt determinationem diuine vo
luntatis. Et scit quod ille veritates impleri contingen¬
ter. vel necessario ex determinationis divine sup¬
positione. quia scit suam voluntatem esse omnipoten
tem ad implendum quicquid vult et immutabilem. ¶ Si
dicas. Quod euenit determinate immutabiliter: eue
nit de necessitatem. sed omne futurum euenit detertui</Unicode>
            </TextEquiv>
        </TextRegion>
    </Page>
</PcGts>
