2295 3309
237 301 1024 375 scilicet di. xii. primi concor. Scotorlis. quod in ista productione
246 369 1028 425 possunt pater et filius tripliciter considerari. Primo
259 410 1030 458 modo quantum ad voluntatem fecundam et spirationem acti¬
255 452 1025 502 uam. et sic producunt vt vnum principium quia eandem volun¬
249 497 1027 549 tatem et spirationem habent. Secundo modo quantum ad
249 539 1030 589 productum. Et sic idem producun scilicet spiritum sanctum. vnde sic
258 586 1028 626 actus spirandi terminatur in vnum. Itaque istis duobus
264 619 1031 670 modis pater et filius vniformiter sunt principium spiritus¬
249 662 1025 706 sancti. Tertio modo possunt considerari quantum ad supposita
249 706 1031 758 producentia quae varie se habent in modo producendi. et sic non
255 751 1018 797 vniformiter sunt principium spiritus sancti. sed distincto
258 790 1018 837 modo. quia pater a se habet producere vel spirare et fili
268 833 1028 880 us habet a patre. Sed hoc non facit varietatem in vni¬
249 870 1031 927 tate principii. sed in modo habendi. Hec ex praedictis doc.
255 910 1030 965 ¶ Exemplum secundum aliquos. Luna accipit lume a sole
253 954 1031 1005 Et posito casu quod sol totam suam luce et eandem in nu¬
264 998 1019 1047 mero quam haberet sol: communicaret lune Tunc luna lucens
255 1039 1024 1089 in nocte eadem et vna illuminatione vel luce illumia
255 1085 1031 1131 ret aerem. quae sol lucens in die. licet non vniformiter ha¬
261 1126 1035 1175 berent facere talem illuinationem. quia sol illuminaret lu¬
267 1165 1031 1216 ce a se originata. sed luna luce accepta a sole. sic
265 1207 443 1270 in proposito.
262 1242 1016 1323 ¶ n pater et filius dicantur vnum
265 1311 1033 1362 principium spiritus sancti intelligendo formaliter: Respondetur
259 1354 1021 1404 secundum Fran mayro. in conflat. primi di. xii. q. i. quod non
256 1398 1041 1448 formaliter sed identice: pater et filius sunt vnum prin¬
262 1442 1024 1494 cipium quo spiritus sancti. non autem vnum principium quod. quae
262 1493 1022 1539 no sunt vnum suppositum vel vna persona. sed due. vn
267 1522 1036 1569 idem Fran. dicit quod pater filius et spiritus sanctus respectu crea¬
268 1563 1028 1615 ture sunt identice vnum principium quo. quia voluntas
261 1605 1027 1648 diuina est principium quo creature. Ipa autem volun¬
258 1652 1035 1704 tas dicitur identice de patre et filio et spiritu sancto. nam pater est
277 1697 1034 1742 voluntas diuina sicut et essentia est. et filius est vo
267 1732 1034 1782 luntas et spiritus sanctus est voluntas. et eadem numero si
261 1773 1028 1835 cut essentia. Hec Fran. ¶ Sed diceres exquo
273 1816 1040 1870 spiritus sanctus identice est idem cum vi productiua filii sicut
267 1860 1036 1905 et pater et cum vi productiua sui id est spiratiua. sicut pater
267 1905 1040 1947 et filius sunt idem in voluntate et essentia ac potentia
270 1943 1028 1997 Quare ergo non potest dici identice quod spiritus sanctus sit princi¬
274 1989 1025 2038 pium filii et sui ipsius: Respondet idem Fran. quod addendum
261 2029 1034 2084 est et intelligendum quod per illud principium quo ipsi principi¬
270 2073 1035 2125 ant identice sunt vnum principium. Et secundum illud principi¬
265 2110 1040 2157 um qua principiant: sunt simpliciter vnum principium creatu¬
265 2159 1034 2208 re. Sic in proposito ¶ Uel potest dici quod voluntas in
267 2195 1039 2259 spiritu sancto vt sic non est fecunda sicut est in patre et filio. ergo etc
321 2262 1037 2345 ¶ Utrum concedatur quod pat et filius sint
271 2331 1031 2386 idem principium spiritus sancti sicut et vnum principium. Respondetur secur
274 2383 1034 2432 Guil. in i. di. xxix. concor. Bona. et Rich. ac Fran¬
271 2423 1027 2477 di. xi. et. xii. recolligendo. quod quamuis ista concedatur omnino
267 2467 1044 2522 et sine distinctione. pater et filius sunt vnum principium spiritus¬
276 2510 1037 2559 sancti. eo quod vera est ad hunc sensum quod pater et filius eadem
273 2549 1036 2607 potentia et vi spiratiua. et eadem spiratione principiant
282 2595 1036 2646 e producunt spiritum sanctum. Sed tantum ista non conceditur. Pr et fili
288 2636 1044 2685 us sunt idem principium spiritus sancti. quia ly idem notat identi¬
291 2678 1046 2730 tatem suppositi. scilicet producentis. et tamen sunt duo supposi¬
288 2723 1049 2780 ta. Unde Guil. ibidem dicit quod ista spiratio est actiua
1086 323 1868 387 qua pater et filius dicuntur principium spiritus sancti: potest
1096 377 1868 424 tripliciter considerari Uno modo respectiue ad patrem
1087 418 1870 465 et filium ratione sui. Et sic di. xii. primi. q. ii Istam: pater et fi¬
1093 455 1864 506 lius sunt vnus spirator. concedit Sco. licet neget
1090 498 1867 546 eam Tho. Secundo modo potest considerari solum respectiue
1105 539 1868 588 ad spiritum sanctum cuius est principium. et sic pater dicun
1102 582 1873 626 tur vnum principium spiritus sancti. licet non idem. Tertio modo
1099 632 1862 679 consideratur respectu vtriusque. hoc est: et respectu sup
1102 668 1868 720 positorum patris et filii. et respectu spiritus sancti Sicut dum
1099 706 1862 756 dico idem principium spiritus sancti) Et quia pater et filius sunt
1096 753 1863 797 duo supposita. Ido non ita conceditur ista. pater et fi¬
1105 790 1865 839 lius sunt idem principium spiritus sancti. sicut conceditur ista Pater
1099 835 1864 882 et filius sunt vnum principium spiritus sancti. Hec Guil. Nam
1101 874 1859 923 secundum Bonauem. sequeretur. pater et filius sunt idem principi
1089 921 1868 985 uiu spiritus sancti. ergo se idem. sicut pe. et pa. sunt idem homo. ergo idem.
1128 983 1863 1052 ¶ An ista concedatur. pater et filius
1108 1027 1868 1088 sunt vnus spirator vt vnum principium: Tho. in scri
1108 1085 1864 1131 pto primi di. xi. q. iiii. dicit quod sunt duo spiratores. et
1089 1125 1867 1170 nam vnus spirator. Sed doctor subti. di. xii. q. ii Et
1098 1169 1868 1217 post eum Guil. e. di. xii. dicunt quod nullatenus dicuntur
1095 1204 1858 1256 duo spiratores. licet dicantur duo spirantes. probatur
1101 1247 1864 1303 sic. Qumcumque in aliqua locutione sunt aliqua adiecti¬
1099 1289 1861 1342 ua. illa debent numerari et terminari ad aliquod sub¬
1098 1333 1864 1386 stantiuum quod secundum ea denominatur. patet a parte rei. vbi acci
1099 1374 1871 1419 dens vltimate semper requirit aliquod subiectum cui in¬
1104 1418 1864 1471 hereat e quod denoinet. sicut quantitas quantum. albe¬
1108 1458 1873 1505 do album. Sic et in locutionibus adiectiuum requirit su
1101 1502 1874 1560 um substantiuum quod denominet. ¶ Ad propositum. quando
1096 1543 1864 1593 dicimus duo spirantes. tam duo quam spirates adie¬
1108 1595 1868 1640 ctiua sunt. ideo requirunt aliquod substantiuum subin
1102 1628 1864 1680 tellectum quod terminet eorum significationem vicem persone
1102 1668 1865 1723 vel supposita vt dicatur duo spirantia supposita seu
1107 1713 1873 1757 due persone spirantes. et hoc est verum. Quando vero
1099 1748 1865 1806 dico duo spiratores. ly duo est adiectiuum et spi¬
1107 1796 1871 1842 rator substantiuum vel substantiue captum. Ideo dua
1114 1837 1868 1890 itas ponitur circa principale significatum spiratoris.
1110 1877 1867 1927 Et hoc est spiratio. Et ita significat spirationem in
1110 1926 1867 1975 patre et filio plurificari: quod non est verum. Proba¬
1099 1965 1868 2008 tio. quia pater et filius eadem spiratione spirant
1101 2006 1874 2052 spiritum sanctum tanquam vnum principium spiritus sancti secundum doc.
1111 2048 1877 2098 Ex quo patet quod illi qui dicunt esse concedendum quod
1110 2089 1876 2138 pater et filius sunt duo spiratores. vt Alex. de ales
1104 2131 1870 2178 et Tho. etc. Salua semper reuerentia talium et tan¬
1104 2178 1883 2224 torum doc. non satis inspexerunt in vi terminorum. licet
1105 2214 1871 2262 enim irrefragabilis et sancti dicta sint satis auten¬
1107 2255 1880 2301 ticata et teneant in materia Aristo. tamen non currunt
1108 2298 1880 2342 in huiusmodi disputationibus. Quod autem arguunt d. Hila
1107 2340 1874 2385 rius concedit quod pater et filius sunt duo autores
1110 2381 1867 2432 spiritus sancti. Dicendum quod bene. quia alia est autori
1117 2417 1874 2475 tas inpatre et alia in filio respectu spiritus sancti. se¬
1114 2473 1874 2518 cus de spiratione. ¶ Sed obiicitur. quia si pater
1117 2503 1862 2554 et filius sunt vnus spirator spiritus sancti. Tunc quo
1108 2549 1883 2593 ro Quis est iste vnus. Non enim est persona. quia
1104 2594 1883 2647 pater et filius non sunt vna persona sed due Nec
1104 2637 1880 2682 est essentia. quia non spirat. Respondet Guil.
1101 2679 1880 2729 ibidem Dico inquit quod sicut deitati que est quo:
1107 2721 1889 2774 respondet vnum quod adequatum scilicet deus
