2343 3271
382 270 1130 339 heccitatem. Exanmen de humanitate quae de se est communi¬
390 329 1134 377 cabilis. sed non vt hec humanitas scilicet Petri. Simili
396 371 1141 419 it a est et in natura generis quod de se est indetermina
388 418 1145 464 ta ad species diuersas: sed tamen per difturam est deturmina¬
394 461 1148 508 ta ad alteram Sicut animal per rationale: determinatur ad ho
390 496 1139 541 minem. Et sic patet quod Comnincabilitas et Incomincabilitas
390 540 1151 590 (que sunt opposita:) insunt eidem Quiditati: sed non secund
397 584 1160 637 idem. quia Communicabilitas per naturam. sed Incommunicabili
388 620 1148 679 tas per aliam superuenientem causam ¶ Et sic patet ad quesi
397 663 1151 719 tum quod Quiditas in esse quiditatiuo: siue in Esse
387 706 733 754 essentie est communicabilis.
444 746 1147 816 Sed an Quiditas in esse quidi
405 805 1160 856 tafiuo habeat singularitatem vera: Respondet Fran.
397 854 1163 897 supra disti. xlii. q. ii quod heccitas quiditati accidit. vn¬
399 892 1148 943 de non oportet quod ponatur in potentia obiectiua (se
399 937 1150 988 respectu singularitatis. Sed solum ponitur Quiditas
393 979 958 1036 abstracta ab omnibus qua per accisens insunt
411 1024 1156 1092 ¶ Quottuplex Quiditas distin
399 1076 1166 1131 guitur. Respondetur secundum Fran. Ibidem quod extendendo nom
409 1123 1163 1177 Quiditatis: possumus imaginari quadruplicem Qui¬
393 1158 1153 1203 ditatem. Primo nempe Quedam est Quiditas: ha
397 1200 1160 1249 bens ncario esse. sicut est Diuintas. Secundo: alia est
403 1245 1166 1297 quae necesse habet non esse. Sicut est chimera. proprie pro in¬
408 1288 1162 1341 omponibilibus accipiendo. Tertio quedam est
399 1336 1160 1383 quam contingens est esse. vt Quiditas rei create actu
396 1371 1163 1423 Quarto quedam est quam contingens est non esse. Sicut
399 1413 1160 1467 est Quiditas in Esse essentie rei creabilis quae non est
405 1457 1159 1507 actu sic quod potest esse. Patet de rosa in hyeme. Ideo
402 1498 1163 1548 autem deitas necesse est esse: quia est suum esse. Unde cum
400 1548 1160 1594 creatura non sit necesse esse: relinquitur quod ipsa non
402 1581 1160 1630 sit suum esse. sed in omni creatura dicitut Esse ab Essentia. vt
402 1622 1165 1671 patuit vbi Esse. §. xxxii. et sequentibus ¶ Ubi etiam
393 1673 1160 1718 dictum est Qualis distinctio sit inter Esse et Essen
394 1706 1166 1768 tiam Uide ibi. ¶ Item An Quiditas et Id cuius est
405 1748 1012 1806 quiditas distinguantur: Uide Ibidemu
417 1782 1156 1861 ¶ Utrum Quiditates secundum esse
408 1852 1166 1900 quiditatiuum sint entia Realia: vel Rationis tantum¬
399 1892 1165 1937 Ad hoc Francis Mayro. e. dist. xlii. q. ii dicit quod nec
400 1931 1159 1976 sunt Realia: nec Rationis. Quia cum Realitas sit
405 1976 1165 2020 quidamimodus intrinsecus abstrahit ab ea quiditas
402 2020 1160 2065 sicut et ab existentia: et a necessario velis contingenti: et ab
403 2062 1166 2103 eterno et temporali. et huiusmodi. Similiter abstrahit ab esse rati
405 2103 1165 2151 onis. quia hoc est accidentaliter adueniens Quiditat:
403 2145 1166 2190 Et sic ab omnibus huiusmodi abstrahit tamquam prius a posteri
405 2195 1166 2235 ori. Dicit ergo Idem Francis quod Quiditates non sunt
406 2231 1162 2274 entia Rationis: nec Realia. Ita quod hec diuisio En
399 2272 1169 2320 tis in Ens rationis et in ens Reale: non est per immedi
408 2315 1166 2357 ata. Sed Doctis subtis et cum eo Guil. in primi. dis. xxxvi.
400 2361 1172 2406 aliter dicunt. videlet quod quamuis hoc verum sit quod Quidita¬
402 2399 1157 2450 tes abstrahunt ab omnibus praedictis et posterioribus verum
399 2440 1171 2486 tamen Rerum omnim ante suum existere: non ponunt Esse essen¬
405 2483 1160 2532 tie: eo modo quo ponit Franc. qui posuit quod ante rerum creati
411 2524 1163 2575 onem res habuerunt Ee essentie formaliter: Sed rerum an
405 2569 1165 2613 suum existere ponunt solum esse ideale. quod est ens rationis
411 2608 1161 2656 in mente diuina. alias non esset creatio ex nihilo. Et sic
412 2649 1165 2696 dicunt quiditates esse entiam rationis tantummodo secundum esse quiditati
409 2695 1166 2765 uum. Et de hoc latius habitum est vbi Esse. §. xxviii. xxix. xxx.
1206 274 1982 362 ¶ De quiditate plura vbi de Esse
1216 339 1791 416 et de Essentia. et vbi Persona. §. xv.
1191 429 1985 506 ¶ In deus habeat quiditatem. vi¬
1225 487 1619 548 de vbi Cognoscere. §. vi.
1447 561 1992 674 Ho est et quod
1428 656 1988 711 est. an sint idem in deo. et quod in omni
1444 699 1985 752 bus citra deum sint diuersa. De his
1224 742 2000 788 habetur vbi Esse. §. xxxii. Ad idem vide vbi Deus.
1225 783 1990 839 §. ii. et vbi Essentia diuina. §. xxxviii. et vbi Intem¬
1228 819 1993 888 tio. §. iii. et vbi Persona. §. xv. et clarius vbi. Sim
1246 870 1364 930 lex. §. x.
1233 900 2002 988 Nota tamen secundum Bona. in pri¬
1233 973 1991 1021 mo. dist. xxiii. q. iii. Ista quattuor. videlicet quo
1234 1016 1997 1064 est. quod est. qui est. et quis est. in deo idem sunt
1240 1062 1996 1110 re: sed differunt secundum modum intelligendi. Ibi quoque
1236 1096 2005 1145 est vnum tantum quo est: vt diuinitas. et vnum quod
1239 1142 2000 1192 est: vt deus. quia fides dicit vnum deum. vnam essen¬
1246 1182 2009 1233 tiam. et vnam substantiam. Denique quo est. est idem
1233 1226 1999 1273 in deo cum hoc quod est. et econuerso. In creatura
1240 1269 1999 1315 autem qualibet vt dicit Boetius de Ebdomadibus. li.
1248 1310 2002 1360 diuersum est Esse. et id quod est. siue quo est: et quod
1243 1350 2009 1396 est. scilicet modaliter vel formaliter. Denique quis est.
1230 1396 2011 1439 in diuinis. puta pater vel filius vel spiritus sanctus:
1246 1435 2015 1487 distinguuntur. et quo distinguuntur est proprietas vel
1230 1484 2015 1529 notio. puta pat distinguitur paternitate ab aliis.
1246 1519 2009 1567 sed hoc nomen divinum qui est. secundum Guill. di. xxii. primi
1252 1560 2005 1606 pcor. Tho. dist. viii. dicit substantiam infinitam: quia
1236 1590 2015 1654 ly est. dicit substantiam. et ly qui. dicit infinitatem: cum
1240 1645 2010 1692 sit pronomen infinitum. et sic significat esse dei secundum ra¬
1249 1688 2021 1734 tionem indeterminatam. patet vbi Nomen. §. xviii. xix. etc
1245 1730 2021 1797 ¶ Quibus modis dicitur quo est.
1249 1790 2011 1840 Nota secundum Tho. in scrip. primi. dist. viii. q. v. art. ii
1249 1830 2030 1884 Quod quo est. in compositis ex materia et forma potest
1242 1874 2024 1926 dici tripliciter. Primo enim potest dici quo est: ipsa for
1242 1920 2021 1965 ma partis que dat esse materie. puta anima cor
1237 1960 2021 2011 pori. Secundo potest dici quo est: ipse actus essen¬
1239 2001 2014 2052 di. scilicet Esse. sicut quo curritur est actus currendi
1252 2042 2033 2089 Tertio potest dici quo est: ipsa natura que resul
1248 2088 2033 2133 tat ex coniunctione forme cum materia. vt huma¬
1243 2131 2026 2179 nitas in petro: praecipue secundum ponentes quod forma to¬
1245 2173 2035 2222 tius que dicitur quiditas: non est forma partis. De
1258 2206 1580 2269 quibus est Auicenna.
1254 2242 2054 2318 ¶ Quomodo in materialibus est com¬
1258 2308 2039 2358 positio ex quo est: et quod est. Nota secundum Tho. in
1251 2350 2027 2409 scrip i. dis. viii. q. v. art. ii. Quod quod est: dicit suppositum
1242 2397 2040 2450 ipsum quod habet esse. Unde differt a materia.
1257 2445 2037 2492 quia materia non habet esse: sed compositum ex ma¬
1248 2482 2032 2527 teria et forma habet esse. Ideo materia non dicitur
1248 2524 2040 2580 quod est: sed compositum. Itaque in omnibus illis qua
1248 2563 2041 2611 habent formam in materia. secundum Metaphysicos.
1245 2604 2039 2655 etiam reperitur compositio ex quo est. et quod
1245 2647 2026 2694 est. sic quod ibi vna est compositio ex materia et forma
1243 2691 2039 2754 Alia ex essentia et composito. hoc est: ex Quo est.
