2238 3298
177 296 986 382 et quod est. puta in petro ex humanitate et supposito. quia
194 368 994 416 huanitas non est petrus: nec econuerso. et sic ibi est con
198 413 990 460 positio potentie et actus. Tertia est compoato ex esse et essentia.
192 454 985 506 In separatis vero a materia non reparitur compositio
204 501 999 555 prima. Sed secunda vel saltem tertia scilicet ex esse et essentia
246 538 985 599 ¶ Sed de immaterialibus vt de
210 595 998 648 angelica natra et de anima Ibidem dicit Tho. quod exquo
198 645 988 697 de ratione quiditatis vel essentie non est quod sit compos¬
207 685 992 731 ta consequens est quod intelligi potest aliqua quiditas
210 726 989 773 simpliciter non consequens compositionem forme et mate
202 772 1001 821 rie. Et talis quiditas aut est esse suum. aut non. Si
198 813 988 856 est suum esse sic est essentia ipsius dei que est omninc
217 853 998 898 suum esse. et ideo omnino simplex. si vero talis quidi¬
211 898 998 948 tas non est esse suum. oportet quod habeat esse adquisi
217 939 1000 983 tum ab alio sicut est omnis quiditas creata. Et quoniam hec
211 981 991 1031 quiditas in se est. Ita ergo ipsa quiditas erit hoc quod
216 1026 992 1072 est et ipsum suum esse erit quo est. Sed quia omne quod non ha
219 1066 997 1112 bet aliquid a seipso: est in potentia respectu illius et
216 1109 997 1159 est possibile. Ideo huiusmodi quiditas cum habeat esse
210 1150 1000 1198 ab alio erit possibilis respectu illius esse. et respe
205 1195 1001 1239 ctu illius a quo habet esse in quo nulla cadit poten¬
214 1238 988 1281 tia et ita in tali quiditate inuenietur potentia et actus
216 1274 995 1329 secundum quod ipsa quiditas est possibilis. et esse suum
210 1327 997 1371 est actus eius. Et hoc modo inquit intelligo in
208 1361 994 1409 angelis compositionem potentie et actus et de quo est
213 1403 998 1454 et quod est et similiter in anima humana. Unde in eis ad
219 1446 988 1498 uenit compositio quiditatis et esse. licet sint simpl
211 1482 986 1545 cia secundum quid tamquam spiritualia etc. Ad idem vbi Sim
207 1520 410 1578 plicitas. §. x
364 1586 983 1669 Atio quibus mo
426 1659 992 1709 dis dicitur. Nota secundum Guil. in primi. di. i. Ratio
421 1698 990 1753 dicitur tripliciter. Uno modo dicitur vis intellectia
405 1723 986 1798 l et sic Porphirius dicit. Sumus ei rationa
204 1787 995 1837 les nos et dii: sed immortale additum nobis separat nos
207 1828 983 1876 ab illis. Secundo dicitur ratio forma constituens hominem seu
210 1871 989 1921 modus cognoscendi inquantum distinguitur ab an
216 1913 995 1963 gelicis spiritibus. quia homo cum discursu intelligit An¬
216 1958 982 2011 gelus autem non cum tali discutsu. et sic ratio distinguitur ab
203 1996 984 2055 intelligentia proprie. ¶ Tertious ratio accipitur pro diffini¬
208 2041 999 2090 tione alicuius entis vel pro quiditate seu ratione for
214 2082 989 2131 mali sicut dicitur quod entitas est ratio subiectiua entis.
204 2124 991 2175 Et hoc modo dicimus quod attributa diuina distin¬
205 2166 884 2214 guuntur for mali ratione inter se et ab essentia.
210 2226 998 2313 ¶ Rationis ens quibus modis su
217 2298 759 2361 mitur vide vbi Uoluntas. §. vii.
409 2404 1000 2495 Ecuplicatiua di
415 2479 983 2539 ctio De hoc vbi Exclusiua dictio. §. i
402 2526 979 2574 Sed preterea nota secundum Guil. in primo
211 2559 986 2620 di i. quod reduplicatio potest capi dupliciter. Uno mo¬
223 2604 986 2658 do vt solum reduplicati rationem specificat. et sic ista
214 2652 984 2702 est vera Fruemur deo: inquantum est trinus. intel¬
216 2689 998 2748 ligendo de fruitione patrie ad hunc sensum quod trini¬
214 2737 986 2806 tate fruemur ita quod non reduplicetur scilicet inquantum tri¬
1068 322 1838 386 nitate. Alio modo reduplicatio potest accipi vt dicit re
1068 382 1835 427 duplicatum esse causam quare praedicatum in est subiecto
1068 423 1847 473 Et isto modo proprie dicitur reduplicatio. Exemplum
1070 462 1840 511 dicendo. Christus inquantum deus est omnipotens. Ibi notatur
1074 503 1835 561 quod deitas in christo est causa quare christus est omnipotens.
1075 546 1847 593 et isto modo secundo capiendo flcunum est: quod videbimus de¬
1074 588 1850 640 um: et fruemur in patria deo: inquantum est trinus.
1069 632 1853 685 ita quod actus fruendi terminetur ad tres personas: in
1081 670 1847 721 quantum sunt tres. quia in patira fruemur deo per
1068 712 1852 758 rationem essentie in se praecise quae est vnica ratio vltimi fi
1081 749 1843 806 nis: respectu cuius est fruitio. et videbimus tres per
1081 793 1844 850 sonas per rationem essentie praecise: vt per rationem obie¬
1087 837 1844 885 cti primi. Ex quo enim in quolibet ordine essentiali est
1084 880 1844 928 dare vnum principium tantum. ergo et in ordine finium est tantum
1081 923 1853 974 vna vltima ratio finis. vt sic omnia reducantur in vnum.
1086 962 1853 1014 Ideo in patria fruemur tribus personis: inquan
1075 1011 1843 1059 tum sunt vnus deus. et sic patet quod in deo est vni¬
1090 1052 1844 1096 ta ratio fruitionis et causa. videlicet essentia vna in
1072 1087 1346 1153 tribus personis.
1176 1148 1836 1249 ¶ Elatio primo comun
1270 1248 1843 1292 ter. Quis philosophorum primo relationem po
1273 1288 1843 1344 suit;. Respondetur secundum Guil. in i. di. xxx. Quod
1081 1331 1844 1378 primus qui relationem a parte rei posuit fuit Plator
1086 1365 1841 1419 vt refert Alber. magnus super praedicam. Adaliquid.
1093 1413 1849 1461 Unde eam adaliquid nominauit. et dicebat quod adaliquid
1078 1455 1840 1501 sunt quecumque hocipsum quod sunt: aliorum dicuntur. veb
1078 1500 1853 1548 quomolibet aliter ad alterum. Teteri autem precedentes: vt
1078 1540 1843 1585 Teno et Socrates eam ponebant non esse. Deinde
1077 1583 1850 1633 Aristo. nominauit eam relationem. sed nostri postmodum
1083 1628 1842 1683 pabitudinem vocauerunt. ¶ Unde nota quod relatio pe
1080 1671 1850 1716 considerari tripliciter secundum eun. Guill. Uno modo a
1068 1712 1837 1760 parte fundamenti. et sic habet inesse sicut alia acci
1081 1748 1838 1805 dentia habent. Secundo in suo esse quiditatiuo. ha
1077 1795 1844 1849 bet enim genus et differentias sicut praedicamenta cete
1066 1838 1844 1885 ra: et sic dicit Ad. Tertio consideratur respectiue ad
1075 1875 1844 1928 suum terminum. et sic dicit Aliud. Unde communi
1072 1922 1847 1971 diffinitione Relatio est accidens ad aliud respe¬
1066 1953 1684 2019 ctiuum. ¶ Ad hec vbi Spiratio. §. i.
1067 2001 1838 2072 ¶ An relatio. respectus. et habitu¬
1075 2064 1841 2119 do sint idem. Respondetur secundum eun. Guill. Quod ista tria se
1075 2107 1838 2160 habent differenter adinuicem per ordinem. Nam
1075 2155 1841 2193 omnis relatio est respectus: non econtra. quia re
1075 2189 1847 2235 latio apud Aristote. est vnum predicamentum de
1071 2234 1844 2281 decem. Respectus autem quoddam est commune: tam
1075 2281 1845 2326 ad relationem que est predicamentum: quam ad sex prin
1075 2319 1838 2368 cipia. Unde et doc. subti. tertio lib. dist i. diuidit
1075 2361 1838 2406 respectum: in respectum intrinsecus aduenientem:
1067 2403 1838 2455 quem vocat relationem. et extrinsecus aduenientem:
1075 2446 1826 2492 quem vocat sex principia. Denique iterum. Omnis
1057 2487 1826 2536 respectus est habitudo: sed non econtra. Unde pe
1072 2526 1834 2576 nimus habitudinem diffiniti ad diffinitione: non
1072 2573 1841 2620 tamen proprie respectum dicimus. Preterea Fran. maro.
1062 2611 1840 2659 in Confla. di. xxix. q. i. art. i. q. i. addit quartum scilicet rela
1068 2654 1837 2701 tiuum. et dicit quod relatio abstrahit a relatiuo. sicut
1069 2695 1844 2752 causa formalis ab eo cuius est causa. vt album
1068 2740 1838 2804 ab albedine. Sed salua sua reuerentia frustra
