2246 3304
216 290 994 357 xxx. concor. Fran. colligendo quod communiter do¬
219 354 994 401 ctores concordant in partem negatiuam scilicet quod nulla
222 398 992 444 relatio realis potest esse dei ad creaturam que sit
214 443 983 484 in deo formaliter. Quamuis autem Anselmus. xxv.
220 481 985 534 Monol. videatur opinari oppositum tamen communi¬
207 528 976 575 ter in hoc a doctoribus non tenetur nisi trahatur ad hunc
208 565 986 617 sensum vicem quod deus refertur ad creaturas rela¬
208 613 979 664 tione reali que formaliter est in creatura et non in
214 650 986 698 deo formaliter. Sicut cum dicitur: deus est causa re
216 694 997 742 ali causalitate: ibi respectus est formaliter in cre
210 738 989 788 atura et non in deo formaliter. vt tenetur a doctori¬
213 777 980 821 bus communiter. ¶ Sed diuersitas est in modo pro¬
216 817 980 862 bandi. Priemo enim Henri. de Gan. probat quia illud
207 857 989 911 quod est realiter relatiuum: est realiter ad aliud ordi
220 903 985 952 natum et per consequens dependet ab eo. Et tale est imperfe¬
211 943 986 996 ctum et limitatum. sed deo hec non competunt ergo etc. Sed
213 986 983 1032 contra istam rationem datur instantia: quia si esseni
207 1027 995 1084 duo albissima in summo inter ea esset relatio simili
217 1069 979 1117 tudinis et tamen vnum non dependeret ab alio sicut a
217 1108 995 1159 quo reciperet perfectionem. ¶ Secundo Tho. et Rich. pro¬
214 1152 988 1204 bant sic. Quia relatis realis est sub ordine rerum
213 1195 989 1246 sed deus est supra omnem ordinem rerum creatarum et
210 1238 985 1287 non habet ordinem realem ad creaturam. ergo non re
216 1278 995 1325 fertur realiter ad illam. Sed hec ratio non valet
207 1321 977 1365 vt probat Scotorelis. quia in ea est fallacia consequentis
204 1365 980 1419 arguit enim ab inferiori ad superius negando. Acsi
216 1406 983 1457 diceretur Non est homo: ergo non est animal. Nam omnis
214 1447 992 1504 ordo est relatio et non econuerso. Quia ordo dicit re¬
216 1489 977 1537 lationem prioris ad posterius: sed non omnis relatio
207 1533 985 1586 dicit talem ordinem: vt patet in relationibus equi¬
226 1573 985 1629 arantie. Item deus est prior respectu creature ergo
213 1616 976 1670 habet ordinem ad eam. Et sic non est extra totum ordi
208 1666 992 1714 nem ad creaturam etc. ¶ Melius ergo tertio probatur
214 1701 983 1753 secundum docto. subti. in primo dist. viii. q. vlti. arti. iii. et
213 1745 985 1796 praedictos Scotis. Primo ex necessitate esse diui¬
222 1788 986 1839 ni: praesupposito dicto Augustini quod scilicet Quicquid est
216 1823 986 1877 in deo sit deus sic Nullu ens summe necessarium qua
213 1874 995 1921 cumque facta mutatione circa aliud potest desinere esse
219 1913 998 1961 sed deus est summe necessarius ergo non potest desinere
217 1951 991 2002 esse. Si autem deus haberet realem relationem ad cre¬
213 1991 988 2038 aturam tunc desinente creatura desineret esse rela
211 2038 988 2090 tio. cum dependeat esse a termino sicut a fundamen
216 2080 989 2135 to. Et sic desinente relatione desineret esse deus ergo
220 2123 988 2170 etc. Secundo probatur ex simplicitate dei. quia deus est su¬
216 2167 995 2212 me simplex. Si ergo esset in deo relatio noua ex cre
217 2206 989 2250 atura faceret compositionem et mutationem vt patuit
228 2247 988 2299 ego sequitur quod in deo nulla est relatio realis forma¬
229 2293 989 2342 iter sed tantum secundum dici. ¶ Ex si queratur. Quomodo ergo ma¬
214 2331 995 2381 net dominium in deo corrupta creatura et cessan¬
213 2384 985 2427 te actione intellectus: quia constat quod illud quod solum secundum
223 2420 999 2465 rationem vel secundum dici est: non manet cessante actio¬
211 2462 988 2502 ne intellectus. Et cum dominus et seruus sint relatiua.
223 2499 992 2550 v. Meta. corrupto seruo non manet dominatio illius
210 2544 988 2591 domini. Respondetur secundum Rich. e. dist. xxx. quod cessante actio
222 2584 985 2632 ne intellectus. nihilo minus in deo permanet do
229 2625 1001 2679 minium quantum ad potestatem per quam subiicit sibi cre
220 2670 989 2712 aturam siue quantum ad substantiam vt dicit etiam Scotor.
220 2715 1001 2773 non tantum manet quantum ad respectum in ipso deo. Uerum¬
1071 289 1826 364 tamen non est possibile quod cesset actio intellectus dominii etc.
1069 357 1829 413 Similiter est de causa et causato quod cessante actione inter
1056 403 1826 451 tellectus per impossibile: non sequitur ex hoc quod deus
1068 444 1838 490 minus realiter sit causa: etiam destructo causato.
1056 486 1831 538 sed magis prae ceteris causis est causa: quia verissi¬
1056 528 1840 578 me et realiter manet in deo in eternum id per quod pro
1063 571 1748 625 ducit effectum quanocumque vult etc. Hec ex Rich
1081 606 1838 690 ¶ Quo ergo deus dicitur refer¬
1060 670 1831 727 ri ad creaturam. Sicut enim Aug. de doctur. christiana
1069 712 1829 768 dicit Deus per huiusmodi nomnina creator dominus refertur ad crea¬
1063 760 1841 801 turas. Sed quicquid refertur ad aliud est relatiuum ve
1068 802 1828 853 re ergo etc. Respondetur secundum Fran. supra. concor. Guill. et Scotor.
1068 842 1838 890 quod verbum Augustini intelligendum est non hoc modo
1068 887 1829 936 quod deus referatur ad creatura relatione quae formaliter
1066 925 1828 974 est in ipso deo: quia sic non esset verum. sed intelligendo
1059 963 1834 1016 hoc modo vicem quod deus dicitur adaliquid id est ad creaturam refer¬
1069 1008 1831 1056 ri denominatione extrinseca tantummodo. Exemplum cum
1066 1053 1837 1099 dicitur homo diuinus vel homo angelicus. illud quod dicitur
1063 1092 1840 1149 diuinum non est formaliter in homine. Et hoc modo dici
1066 1137 1834 1199 tur deus referri scilicet denominatione extrinseca tantum.
1065 1179 1709 1235 et nil aliud intelligit Aug. Hec ex Fran.
1068 1217 1838 1299 ¶ Sed quid cum dicitur ieus cogni¬
1056 1269 1829 1336 tus aut dilectus a nobis. An tunc per esse cognitum
1065 1322 1831 1366 aut dilectum deus referatur. Respondet Guill. ibidem.
1069 1367 1844 1413 Dico inquit quod loquendo proprie in talibus solum est de¬
1056 1405 1834 1453 nominatio extrinseca. nec aliquid in deo ponitur cum aut
1062 1449 1828 1503 cognosco aut diligo deum. Sed totu in mente scilic
1056 1492 1825 1558 tam dicere quam dici quae sunt due partes intentionales
1074 1529 1825 1611 ¶ An dependentia creature ad
1056 1591 1837 1640 deum sit relatio formalis et actualis: Respondetur
1062 1635 1829 1689 secundum Fran. e. dist. xxx. quod sic. Inest enim per accidens cre
1066 1680 1832 1726 ature. Nam hec propositio Creatura creatur: est in ma
1060 1722 1825 1765 teria contingenti. et potest non creari ergo est formalis et non
1054 1763 1829 1820 fundamentalis. Accidit enim homini quod creatur et non in
1057 1807 1624 1857 est sibi per se. Clarius vide ex. §. xviii.
1110 1845 1831 1921 ¶ Utrum respectus fundamenta¬
1053 1902 1838 1958 les sint in deo ad creaturam: Nota secundum Fran. ma¬
1050 1953 1825 2002 ro. supra. scilicet e. dist. xxx. q. penul. quod respectus funda¬
1065 1995 1829 2036 mentalis dicitur qui est in suo fundamento non per acci
1064 2036 1823 2095 dens sed per se. Intelligendo sic inherere per se quod inest
1053 2075 1826 2121 in tertio modo perseitatis. ita quod est propria passio super
1066 2118 1829 2164 fundamenti. Sed respectus formalis vel actuals
1063 2160 1844 2203 est ille qui inest suo fundamento per accidens non sicut
1065 2200 1831 2253 ppria passio. Exemplum Angelus mouens caelum habet
1063 2245 1835 2292 huiusmodi respectus quattuor modis ad caelum. Primo
1056 2291 1841 2344 sicut mouentis ad motum. Secundo sicut producentis
1060 2329 1841 2382 ad productum: non quidem ad caelum motum sed ad termi
1062 2372 1835 2429 num motus primi. Tertio sicut excedentis scilicet poten
1057 2415 1834 2459 tie ad excessum. Quarto sicut mensurantis ad men¬
1067 2455 1826 2508 suratum. Scientia enim angeli mensurat motum celi
1059 2499 1828 2547 Isti autem respectus sunt formales vel actuales et
1056 2545 1832 2588 accidentales quia per accidens conueniunt fundamento
1068 2582 1849 2625 Sed istis correspondent alii quattuor respectus fun¬
1062 2627 1835 2674 damentales qui per se tertio insunt fundamento
1068 2669 1834 2711 vt propria passio. Angelus enim comparatur ad celum.
1068 2709 1844 2778 Primo vt motiuus celi quod est proprium angeli.
