2246 3307
216 291 998 348 ationis formalis ponitur homo in esse cognito in anima et etiam
216 337 979 400 in re quia vniformiter diffinitur. Et tamen in re habet realita¬
207 385 988 435 tem non in esse cognito. Io inquit Fran. dico quod realitas
217 427 980 476 est modus intrinsecus formalitatis sicut finitas vel infi¬
210 471 989 520 nitas est modus intrinsecus entis. sicut enim finitas vel infi
210 511 977 562 nitas aduenien. non variant rationem formalem diffini¬
213 552 961 610 tiuam alicuius quaditatis ita nec realitas. Hec Fran.
210 602 979 666 ¶ Sed quare necesse est ponere re¬
211 652 981 708 alitatem ista dicit idem Fran. quod scilice paeter rationes forma¬
213 693 980 744 les. de quibus patuit vbi Forma. Istam realitatem nec
208 744 984 798 est ponere. ¶ prio ad vitandum realem distinctionem vt
210 775 973 840 scilicet ea quae sunt in eandem persona non distinguantur realiter ad quia
214 821 986 881 ppartet quod respondeat eis vnica realitas vt sit vna res.
218 863 979 927 ¶ Secundo ad vitandum in diuis quaternitatem rerum: quia cum
202 904 977 962 tres persone sint tres res relatiue. si ergo ponatur in aliqua
208 949 983 1006 persona quod in ea sunt plures realitates quam vnica: puta
217 995 983 1051 vna realitas essetie: alia proprietatis tunc sequeretur quod erit
204 1030 988 1088 quaternitas rerum et non tantum trinitas in diuins et sic redi¬
205 1074 986 1131 ret error Ioachim vnde oportet ponere ibi realitates
208 1116 967 1165 tres. gus ad saluandum quaternitatem relationum quia si relati
201 1155 977 1211 in diuis esset omnimode sua realitas. Sequitur quod sicut
199 1199 973 1249 sunt quattuor relationes sic erunt quattuor res. Nam quattu
205 1249 986 1306 orponuntur relationes in diuins: sed non ergo quattuor res. pa¬
199 1285 863 1349 tuit supra. relatio. §. xxvii. et in sequentibus patebit
226 1319 974 1401 ¶ Sed quo et quot realitates con
205 1390 978 1442 uenit assiguere in personis diuins. Nota secundum Fraun vbi
216 1427 977 1478 upra quattuor conclusiones elucidantes huiusmodi veritatem. Pri
208 1473 977 1525 ma conclusio quod in vnaquaque persona est inuenire vnam reali¬
195 1516 974 1564 tate per qua omnia quae sunt in vna persona diuina sunt vna
204 1562 976 1612 res. Nam quacumque sunt vna res sunt vnum per vnam realita
208 1595 974 1652 tem. Sed quicumque sunt in vna persona sunt vna res ergo per
214 1642 963 1693 vnam realitatem. patuit. §. i. Secunda conclusio quod in qualibet per
211 1676 970 1727 sona non est inuenire nisi vnam tantum realitatem. Proba
210 1724 979 1774 tur quia vbicumque est inuenire rem et rem: ibi est inuenire di¬
211 1758 970 1811 stinctionem realem sed talis distinctio non est in aliqua vna
214 1805 979 1855 ersona ergo in vna persona non est nisi vna realitas etc.
214 1848 970 1899 Tertia conclusio quod in tribus personis est inuenire tres reali
201 1891 974 1943 tates per quas ad inuicem distiguuntur realiter. Probatio
214 1932 976 1982 quia quaelibet persona est res distincta realiter ab alia. ergo tres
205 1975 977 2022 persone habent tres realitates quibus distinguuntur. Quar
205 2019 967 2073 ta conclusio quod in diuins non est inuenire plures nisi tantummodo
200 2057 973 2114 tres realitates. Probatio: quia si esset quattuor cum
197 2102 971 2157 non sint nisi tres persone tunc operteret quod esset due in
207 2145 969 2194 vna persona quod est falsum quia sic esset ibi quaternitas
216 2175 502 2242 Hec ex Francisco.
250 2218 971 2291 ¶ An due realitates dici possint
201 2283 968 2337 in vna persona ex eo quod ibi est inuenire vnam realita¬
208 2323 968 2379 tem absolutam scilicet essentiam diuinam et aliam relatiuam scilicet pro¬
201 2370 977 2418 prietatem distinctiuam. Respondetur secundum e. Fran. supra. quod in perso¬
210 2411 971 2466 na vna est realitas vnica quiditatiue. Sicut ei ex anima
210 2453 969 2513 et corpore vna quiditas resultat hominis. ita quodammodo ex
207 2496 977 2552 essentia et proprietate vna realitas persone extat quidi
207 2536 977 2594 tatiue. Ticem hoc exemplum deficiat a diuins vt patet vbi
204 2576 975 2636 Proprie. §. xi. Tamen quodammodo ad declarandum conuenit
205 2626 965 2670 proposito. Denique exquo realitas inquantum realitas abi
205 2663 968 2711 trahit ab absoluto et relatimo. sicut et ens vel entitas
196 2708 980 2768 et quiditas secundum se nec est absolutum nec relatiuum: sic
1063 286 1843 366 nec realitas in persona sed tamen denominatione extrinse¬
1063 355 1828 398 ca potest dici et est vtrumque. Quia denominatur ipsa eadem
1072 392 1842 455 realitas persone tam absolutam ratione essetie quam etiam
1063 436 1841 487 relatiuam ratione relationis realis. sicut eadem natura
1071 472 1837 530 puta humana denominatiue dicitur vniuersalis et etiam
1072 527 1832 577 particularis. Unde licet idem non possit esse similis absolutum et
1063 569 1832 630 relatiuum quiditatiue: sed denominatiue bene potest
1057 598 1316 667 esse. Hec Fran.
1116 635 1835 720 ¶ Sed difficultas est quia cum
1071 705 1828 762 qualibet realitatum istarum quae sunt in personis dicatur abso
1068 752 1826 808 luta propter diuinam essentiam sicut dicitur relatiua propter
1063 794 1828 846 relationem. Uidetur ergo quod ita debeant in diuinis dici
1057 835 1840 891 tres realitates absolute sicut dicuntur tres relatiue
1072 875 1823 929 Respondet Fran. quod verum esset si illud a quae dicitur realitas
1062 922 1838 974 absoluta: multiplicaretur in diuinis sicut multipli¬
1065 964 1825 1016 catur illud a quo dicitur realitas relatiua. cuius oppositum
1062 1005 1834 1058 est de facto. Ticet enim qualibet trium realitatum sit abso¬
1049 1042 1831 1100 lutam ratione essentie. non tamen dicimus tres realitates
1050 1092 1816 1136 absolutas: sicut quodlibet attributorum dicitur infinitu
1053 1127 1825 1180 non tantum plures infinitates aut sicut qualibet persona est
1051 1169 1566 1234 deus non tamen tres dii. Hec Fran.
1084 1205 1836 1290 ¶ An ista res que est in persona
1062 1263 1833 1330 sit communicabilis vel incommunicabilis: Respondetur secundum Fran.
1059 1310 1822 1365 ibidem exquo sic est quod aliquando aliquis terminus suppo
1057 1361 1826 1414 nit pro se vt ibi album disgregat visum. aliquando pro alio scilicet
1051 1398 1822 1450 pro subiecto: vt dicendo albu currit. sic et in proposito
1053 1444 1828 1490 realitas vel res praecise quae est in persona patris potest acci
1048 1483 1833 1537 pi prout supponit pro se et sic est incommunicabilis sicut et
1053 1529 1824 1580 vnica est personalitas patris. Secus est autem cum sup
1054 1566 1799 1617 ponit pro essentia denominatiue per attributionem etc.
1089 1597 1817 1656 Si dicit. Numquid ergo persone divine sunt idem realiter si re
1062 1642 1810 1702 ilitas accipitur pro essentia quae est vnica in personis. Re
1048 1690 1813 1747 spondet idem Fran. quod sic scilicetad hunc sensum quod persone.
1056 1737 1820 1788 divine sunt idem realiter id est sunt eadem essentia et sic sunt
1049 1777 1826 1831 vnum quod est res denominatiue: tamen quiditatiue non posse
1053 1818 1813 1876 verificari quia persone non sunt aliquid vnum quod sit quidita
1048 1857 1816 1920 tiue res. Si autem accipitur realitas vt supponit pro se
1042 1898 1817 1965 sic distinguuntur per res quia se in eis tresreales entitates
1072 1938 1808 2009 ¶ An ergo tres persone divine
1054 2003 1807 2053 possint tres res dici vel tres entes: Arguitur quod sic
1044 2052 1805 2101 quia Aug. de doctri. christiana dicit quod pater et filius et spi¬
1044 2085 1804 2147 ritus sanctus sunt tres res quibus fruendum est quia nos
1048 2123 1817 2188 btons faciunt Idem dicit et magister in primo di. xxv. Tres
1043 2166 1823 2229 inquit personas dicimus tres res. Denique Damasce¬
1035 2208 1811 2272 nus ait In deitate vnam naturam confitemur et tres
1051 2254 1814 2316 hypostases secundum veritatem entes etc. ¶ In oppositum.
1054 2303 1817 2353 extra de summa trinitate dicitur quod scilicet in tribus personis
1054 2339 1811 2397 est vna summa res. Sed res et ens conuertuntur. vi.
1046 2382 1804 2436 meta: ergo etc. Respondetur secundum Tho. et doc. in primo dist.
1051 2424 1804 2479 xxv. concor. Fran. quod res in diuinis dupliciter dicitur.
1048 2460 1802 2522 Uno modo absolute scilicet a forma absoluta et sic di
1041 2509 1795 2564 citur essentialiter Isto modo tres persone sunt vna
1051 2543 1799 2602 res sicut vna essentia et vnum ens. Alio modo relati¬
1044 2589 1808 2646 ue scilicet a proprietate siue a forma relatiua. Et sic di¬
1045 2634 1799 2687 cuntur tres persone tres res. Sunt enim tres persone
1038 2672 1814 2730 tres res accipiendo rem notionaliter quia sic dicitur
1044 2721 1805 2779 relatiue relatione non explicita sed implicita: quia inclu
