2262 3309
219 270 996 340 non sunt in deo cum sit simplicissimus et incomponi¬
217 333 1001 383 bilis Ulis quod subiacet operi dei. sicut dicimus quod opera
219 382 984 430 quorum domini sumus in nobis sunt tanquam effectus in caus
226 419 992 471 Et per modum istum omnia que a deo sunt: in deo esse
225 461 992 507 dicuntur. Non autem mala que ab ipso non sunt nec priua¬
222 503 995 552 tiones vt sic. Predicta ergo tria se habent secundum quendam ordi
222 542 995 596 nem. quoniam quicquid est in essentia diuina est in deo
216 596 995 638 quasi partinens ad esse ipsius sed non conuertitur: quia
229 630 986 674 ea que subiacent operi eius in ipso sunt sed non in essen¬
216 671 983 723 tia eius Rursus quicquid est in deo est in scientia eius
226 712 999 768 sed non conuertitur vt patet de malis. Unde in deo ni¬
225 756 985 810 hil est diuersum ab ipso. Nam et creature secundum id quod
220 798 989 841 in deo sunt non sunt: aliud a deo quia creature in deo
226 837 1001 887 sunt creatrix essentia vt dicit Anselms. in monolis. Sunt
213 887 1001 935 enim in deo per suam similitudinem Ipsa autem dei essen¬
226 923 989 982 tia est similitudo omnium que a deo sunt. Hec Tho¬
226 968 635 1012 concor. Bona. e. di. circa lit.
234 1000 984 1083 ¶ Quis est excellentior modus
222 1052 994 1123 essendi in deo: Nota secundum Guil. e. di. xxxvi. quod crea¬
225 1116 989 1165 tura tripliciter dicitur esse in deo videlicet. per eminentiam in
226 1157 985 1209 diuinitate. et per virtutem in potentia Et per exem
220 1201 994 1248 plar in intellectu secundum esse ideale. Et de his clare pa
214 1244 991 1294 tuit supra. vbi Ens et esse. §. xxx. Unde de istis mo¬
217 1288 990 1333 dis queritur hic Quis sit excellentior. Et rsconontur ibi¬
216 1327 995 1376 dem scilicet di. xxxvi. primi secundum Guil. quod equalis sunt
210 1368 994 1419 nobilitatis identice cum sint vnus deus. Tamen esse
216 1409 983 1460 per eremplar diuinum est formaliter nobilior modus
220 1453 991 1507 quia alios duos includit cum sit vltimus. praesuppo
211 1494 989 1543 nit enim eminentiam in diuinitate et virtutem in ptate
210 1534 434 1593 non econuerso
262 1568 985 1642 ¶ An res creata vt est in deo sit
222 1638 988 1683 idem quod essentia diuina. Ad hoc Ansls. in monolis.
217 1681 983 1732 dicit quod creatura in creatore est creatrix essentia Sed
223 1721 983 1773 secundum Bona. in primo dist. xxxvi. circa lit. hoc intelli
222 1766 996 1818 gendum est non sic quod creatura in proprio genere sit
222 1808 980 1857 essentia diuina Sed quod idea creature vel simili
228 1847 979 1902 tudo est in diuina essentia per identitatem Nam deus
215 1897 989 1944 per suam essentiam cognoscit omnem creaturam Unde idea
223 1942 984 1987 vel similitudo rei in deo est eterna et ipse deus iden¬
217 1974 587 2029 tice patet etiam per Guil.
238 2005 987 2092 ¶ Utrum res sint in deo verius et
229 2079 995 2128 excellentius quam in seipsis id est in propria existentia vel in
216 2125 983 2170 proprio genere: Respondetur secundum Guil. e. di. xxxvi. per con¬
225 2169 985 2213 clusionem quod sic. Probatur per Augu. v. super Gen. ad
216 2198 989 2260 lit. dicit. sic Omnia priusquam fierent erat in noticia facien
220 2249 986 2301 tis Et vtique ibi meliora vbi eterna: vbi veriora et
219 2292 985 2337 incommutabilia. Hec ille Hoc idem probatur Secundo
219 2335 990 2381 ratione. quia nobilius est res vbi habet esse diuinum et
220 2378 986 2420 extat deus quam vbi extat pura creatura. Sed in deo
217 2416 980 2465 creatura est deus vt patet praecedenti. §. xv. per Anselmus. in
220 2460 990 2510 monol. dicit. Creatura in creatore: est creatrix essen¬
217 2503 986 2550 tia. Sed in genere proprio est pura vanitas Ec
217 2544 989 2595 clesiastes i. Uanitatum vanitas et omnia vani¬
229 2583 986 2634 tas. ergo etc. ¶ Si arguatur. Quia res in pro¬
229 2627 991 2674 prio genere vel existentia est secundum propriam enti¬
217 2670 980 2714 titatem et essentiam et singularem realitatem. Sed
216 2710 1001 2770 in deo est solum secundum quid. scilicet secundum similitudinem.
1071 284 1842 349 vel ideam que est respectus rationis. Sed veri
1062 344 1836 393 us est res vbi est peri suam essentiam quam vbi est
1075 386 1834 437 per suam similitudinem ergo res verius est in
1056 426 1828 481 se. ¶ Dicendum licet Philosophus libro de anima vult quod
1062 464 1836 520 lapis verius est extra animam quod in anima tantum:
1069 509 1838 563 quia lapis non est in anima sed tantum species lapi¬
1066 554 1843 598 dis. Unde ibi non attribuitur ipsi lapidi operatio
1078 592 1836 650 vel proprietas propria. Quia lapis in anima vel
1069 632 1843 684 in oculo non mouetur deorsum nec premit gra
1073 677 1843 734 uedine: nec ledit etc. sicut facit in propria rei existen
1074 719 1843 773 tia etc. Tamen idem Guil cum Bonauentura
1072 762 1843 812 eadem dist. q. iiii. notat quod exquo res habet esse
1066 801 1829 858 triplex. scilicet In deo. In anima. et in mundo sensi¬
1068 841 1846 894 bili. Ideoque si comparatur res ad seipsam tunc
1074 892 1838 947 pene conceditur quod in seipsa verius habet esse quam
1071 927 1838 984 in cognoscente anima vel deo: Quia in seipa vel
1062 972 1834 1021 in proprio genere habet propriam entitatem quam
1066 1017 1838 1070 non habet alibi. Et sic bene procedit argumen¬
1066 1058 1847 1113 tum et philosophi dictum. Si autem compara
1063 1101 1834 1150 tur res ad similitudinem suam quam habet in deo
1072 1145 1826 1192 vt sit sensus questionis. Quid habet esse verius
1072 1185 1829 1229 et nobilius an ipsa res in se: vel eius similitudo
1056 1228 1850 1269 in deo. Sic concedendum est simpliciter quod simi
1057 1262 1833 1320 litudo rei in deo habet esse verius et nobilius quam
1065 1306 1835 1360 ipsa res in se vel in mundo. aut quam in anima. Quia
1066 1358 1836 1401 umilitudo rei in deo est eterna et immutabilis et
1065 1392 1835 1438 est deus. ratione eius quod est in deo creatrix essen¬
1063 1431 1852 1488 tia vt in precedentibus dictum est per Anselmum
1072 1483 1832 1531 ¶ Exemplum. Si lapidis imago fiat ex auro:
1066 1523 1835 1574 tunc lapidis illius similitudo habet esse precio¬s
1066 1558 1826 1613 sius quam res ipsa lapidis. Denique si comparetur res
1056 1604 1835 1654 ad animam intellectiuam in qua est per cogniti
1064 1649 1841 1698 onem tunc verius et nobilius esse habet ratio¬
1066 1686 1829 1739 ne eius in quo est id est ratione intellectus quam in
1060 1725 1834 1782 se. Quia ibi habet esse spirituale et intellectuale
1060 1769 1840 1825 sed in proprio genere vel in se est quandoque cor¬
1074 1814 1834 1860 orale. Ratione autem eius quod est verius: et no
1063 1856 1838 1910 bilius esse habet in se quia est substantia. Sed
1066 1896 1834 1960 in anima habet esse accidentale. et sic patet etc. Hec
1059 1937 1655 1989 Guill. cum Bonauen. et Tho. concor.
1121 1978 1826 2053 ¶ Quod est inter omnes res cre
1059 2046 1834 2095 atas perfectissimum et quod imperfectissimum: Re¬
1062 2081 1831 2136 spondetur secundum Guill. supra. per illud Augusti¬
1062 2127 1829 2179 ni lib. confel. O domine duo formasti. Unum
1057 2171 1832 2219 ppe te. Aliud prope nihil. Prope te naturam ange
1066 2217 1823 2271 licam. Prope nihil materiam primam. Hec ille
1113 2278 1832 2381 ¶ An omnes res que sunt in deo
1053 2344 1723 2421 sint vita et lux. Uide vbi Uita. plura ibi.
1057 2422 1828 2513 Item quomodo in omnibus rebus dicitur
1065 2493 1517 2564 esse deus. Uide vbi Tocus.
1170 2539 1821 2637 Cuelatio. de hoc
1225 2621 1832 2680 an possit alicui reuelari a deo vel an¬
1218 2681 1834 2741 gelo. suus casus et damnatio vel repro¬
1047 2714 1643 2774 batio. Uide vbi Prescientia. §. xxii.
