2277 3280
601 246 1151 376 Apientia primo
610 352 1166 406 ommuniter quibus modis et vnde dicitur.
615 399 1160 450 Nota secundum Guil. in primo di. xxxiiii. et
614 441 1166 500 i. prologi. Sapientia dicitur a triplici vo
387 484 1165 539 cabulo. Uno modo a sapere inquantum illuminat
400 531 1166 583 intellectum. Unde sic solum actum intellectus impor¬
387 560 1165 619 tat. Secundo dicitur a sapore inquantum inflammat affe
397 611 1157 661 ctum et sic proprie dicit actum voluntatis. Tertio mo¬
403 649 1171 703 do dicitur quasi sapida scaita. et hoc modo dicit tam actum
400 695 1168 750 intellectus quasi praecedentis: quam actum voluntatis
404 736 1145 787 quasi sequentis. vt patet ex vi terminorum etc.
410 782 1166 837 ¶ Nota autem quod sapientia tripliciter accipitur ¶ Uno
392 816 1166 876 modo pro habitu et sic tam sctie quam intellectus con¬
411 860 1163 920 plectitur noticiam. hoc est tam conclusionum quam princi¬
402 903 1163 964 piorum noticiam et hoc modo videtur loqui philosophus. vi. ethi
400 945 1166 996 corum. vbi dicit diffiniendo eam. Sapientia est quasi
414 986 1166 1046 quoddam caput habens intellectum et sctiam Unde et pri¬
406 1025 1167 1080 mo metaph. dicit quod sapiens quodammodo omna
402 1069 1172 1126 nouit Et primo elench. dicit Sapientis est bene di
406 1112 1174 1164 cere de eis que nouit et mentientem posse redargu
403 1154 1178 1207 ere. ¶ Secundo modo accipitur sapientia vt distinguitur contra sci¬
401 1195 1169 1251 entiam. et sic prout ait Augu. super illud i. Corum. xii.
414 1244 1180 1290 Alii per spiritum datur sermo sapientie alii sermo sctie
412 1289 1168 1330 Sapientia est in cognitione eternorum. Sed scien¬
412 1328 1174 1375 tia in cognitione temporalium Isto modo sapientia
412 1365 1166 1422 est in portione rationis superioris. sed scientia in infe¬
408 1404 1181 1461 riori et ita distinguuntur. ¶ Tertio modo accipitur sapientia
407 1447 1165 1501 vt est quidam spiritualis gustus in mentibus deuoto
399 1488 1177 1548 rum Et isto modo est donum spiritus sancti scilicet donum sapien
409 1538 1175 1587 tie de quo Esa. vii. c. Repleuit eum Spiritus sapientie
414 1576 686 1630 et intellectus etc.
438 1629 1181 1713 ¶ Item de sapientia plura et quo¬
418 1690 1181 1751 modo hec differant sapientia: sancia: prudentia: intelle¬
412 1745 1076 1792 lectus vide in prolo §. vi. vii. et vbi Ars.
423 1812 1172 1895 ¶ An sapientia sit perfectior cha¬
412 1889 1175 1940 ritate vel ecouerso. Respondetur secundum e. Guil. in questi¬
418 1934 1169 1981 one sui prologi quod perfectissimus actus sapientie est vt et
418 1968 1175 2016 sapore dicitur. quia in isto actu perfectissimo consistit fe¬
418 2012 1184 2064 licitas inhesiua id est beatificatiua. licet felicitas obiecti
421 2059 1180 2100 ua se obiiciat contemplanti et in contemplatione con¬
409 2099 1178 2151 sistat. Sed quia sapientia prout dicitur a sapore inclu
412 2137 1178 2189 dit tam charitatem quam etiam intellectus noticiam vel com
415 2177 1181 2231 templationem. ergo perfectior est charitate inquantum
415 2218 1190 2270 sic dicitur a sapore. nam per solam visionem dici que est in
415 2260 1175 2320 itellectu deo iungimur dispositiue sed magis con
424 2310 1181 2352 pletiue iungimur per dilectionem qua gustum addit sa¬
414 2349 1180 2408 pientie. et in voluntatis actu completiue consistit. sa
419 2388 898 2453 pientia vtrumque includens ergo etc
438 2416 1187 2488 ¶ Qualibus gradibus ad hanc
427 2489 1190 2536 sapientiam veram peruentur scilicet ascendendo vel crescendo do¬
420 2531 1190 2580 nec perfecte quisipleatur sapientie dono; Respondetur secundum quod Hu
417 2574 1184 2626 go de archa noe li. ii. et. iii. per totum dicit concor. Guil. Quod
414 2619 1196 2665 sapientia inquit dei in cordibus sanctorum tamquam in peradiso inui
415 2654 1192 2720 sibili crescit sic vel istis gradibus Primo inquit
1227 258 2006 315 seminatur per timorem dei psalmos Initium sapientie timor d.
1233 311 2006 359 Secundo rigatur per gratiam. Tertio moritur per humilitatem
1235 349 2006 402 Quarto radicatur per fidem. Quinto oritur per compuncti¬
1229 389 1998 439 onem. Sexto crescit per desiderium diuinorum. Septino
1243 435 2018 482 viret: frondet et ramos expandit per sperem. Octauo flo
1228 471 2018 526 ret per disciplinam et morum honestate. Nono fructifi
1233 517 2012 568 cat per virtutum operationem. Decimo maturescit per per¬
1234 559 2019 610 seuerantiam. Undecimo carpitur per mortem salubrem
1242 599 2010 650 etc. Duodecimo infertur ad conuiuium mense regis per
1242 646 1828 693 dei visionem et fruitionem. Hec Hugo.
1251 681 2006 760 ¶ Que sunt signa vere sapientie
1253 741 2009 797 Nota secundum Fran. maro. in quodam ser. de doctori¬
1246 785 2015 840 bus aliosque quod plura signa colliguntur ex scripturis
1246 824 2012 897 Primum est peccaorum detestatio et penitentia Sap. i.
1260 872 2017 926 In maliuolam animam non introibit spiritus sapientie. Se¬
1251 907 2018 961 cundum est firmum propositum in bono et constantia Ecci.
1242 951 2015 1009 xxvii. Non sensatus in sapientia manet sicut sol. Stultus
1246 990 2008 1044 autem vt luna mutatur. Unde homines qui sunt vagabundi
1251 1037 2014 1091 et frequenter mutant opinionem sua non dicuntur sapien
1245 1080 2017 1131 tes. Tertium. humilitas in proprio sensu sine arrogan
1245 1128 2018 1173 tia. Unde Pythagoras interrogatus de conditione sua
1251 1161 2015 1215 se humiliando primus nominauit philosophum id est sapientie amatorem
1248 1204 2014 1253 non sapientem. Ideo prouerb xxvi. Stultus supiens si¬
1257 1248 2023 1296 xi videtur. Quartum taciturnitas et moderatio in lo¬
1254 1294 2032 1338 quela Prouerb. xviii. Qui prius respondet quam audiat
1256 1331 2021 1383 stultum se demonstrat. Et e. xxvii. Stultus si tace¬
1257 1371 2017 1420 pit sapiens reputatur. Unde Solon philosophus cum taceret
1257 1420 2033 1464 interrogatus an stultus esset quia sic taceret. Respondit
1257 1454 2018 1508 Nullus stultus tacere potest. Quitum futurorum praeco
1254 1497 2024 1559 gitatio et prouidentia. Unde philosophus i. meta. Sapieti est
1265 1540 2017 1593 quidere futura. Item Deutr. xxxii. Sens absque consi
1246 1592 2018 1636 lio et prudentia. vtinam saperent et intelligerent ac no¬
1254 1623 2017 1675 uissima prouiderem scilicet iudicium et mortem. Sextum ad¬
1252 1667 2030 1720 uersorum toleratio et patientia. Prouerb. xiiii. Im¬
1257 1712 2017 1766 patiens operatur stulticiam. Cassiodici. super psalm. vi. Sapi¬
1252 1751 2030 1799 entia non iuenitur nisi apud quietos animo etc. Septi¬
1251 1800 2023 1846 mum signum est maturitas ac gravitas in risu et leti¬
1251 1844 2030 1886 cia vel tristicia Eces. vii. Cor stultorum vbi leticia
1248 1879 2030 1930 Cor autem sapientum vbi tristicia. Queritur enim vnde est
1249 1919 2027 1972 quod homines solent ridere magis de his que partinent ad
1245 1960 2029 2013 stulticiam quam de sapientia cum magis esset letandum de sa
1251 2005 2032 2060 pientia. Respondet idem Fran. maro. quia hoc est communiter na
1255 2043 2030 2092 turale vt quis letetur de irrisione et contumelia sui ini¬
1245 2084 2051 2135 mici. sed quia caro est inimica anime vt dicit apostolus Rho.
1254 2131 2029 2189 v. Io carnales rident de stulticia quae est contumelia rationis.
1306 2169 2030 2232 ¶ Quid sit diffinitiue vera sapi¬
1245 2223 2032 2284 entia. Nota quod vt Augustinus xiiii. de trin dicit Philosophi sic
1257 2284 2027 2325 cam diffinierunt. Sapia est diuinarum humanarum quam re
1245 2320 2030 2366 rum cognitio: studio bene viuendi coniucta vel ordina
1251 2358 2038 2407 ta. Ex quibus verbis diffinitionis patet qua requiruntur ad
1258 2399 2042 2447 veram sapientiam in qua est salus vera scilicet primo diuinorum
1252 2439 2033 2492 cognitio per veram fidem. Secundo eorum qua ad hominis salu¬
1257 2486 2038 2535 tem sunt necessaria cognitio. Tertio bona vita etc.
1245 2537 2052 2626 ¶ Qnaliter distinguiter sapientia. Nota
1254 2614 2045 2668 secundum doc. clarius secundum Lyram in postilla super primo ca.
1251 2653 2051 2721 Ecci. quod sapientia vera est duplex. Prima diuina siue
