2273 3293
392 286 1157 359 corpus christi in eucharistia scilicet naturaliter. Ratio.
399 343 1162 398 quia actio naturalis non potest esse sine contac tu
396 391 1154 439 in corporibus. nec contactus potest esse sine quanti
393 438 1153 481 tate. sed quia corpus christi non est sub modo quanti
405 470 1166 530 tatiuo in eucharistia: quia non occupat locum ibi.
397 510 1166 568 ergo etc. Item in visione corporali naturaliter opor¬
406 558 1172 605 tet quod fiat deriuatio speciei visibilis per medium etc.
400 598 1166 648 sed hoc non potest fieri nisi a corpore existenti in lo
403 638 1154 695 co. Corpus autem christi in eucharistia non est in l.
411 680 1156 735 co. Item color est obiectum adequatum visus. ii
403 730 1159 770 de anima. Sed color respicit quantitatem pro suo per
409 771 1168 817 se subiecto. Unde patet quod ex quo corpus christi in
409 804 1172 856 eucharistia non habet ordinem naturalem ad oculum
402 845 1160 903 nec ratione loci: nec ratione quantitatis: nec ratio
403 890 1169 946 ne coloris. ergo non potest naturaliter ibi percipi ali¬
405 928 1160 982 quo sensu corporali. quia ibi habet esse spirituale
409 976 1166 1028 sicut substantia spiritualis puta angelus quae est sine ac
409 1013 1162 1066 cidentibus sensibilibus. ¶ Secundo: si de visu glorio
406 1059 1172 1107 si oculi loquimur: consimiliter dicendum secundum predi
408 1098 1169 1153 ctos doc. quod nec lumen glorie corporale potest na
405 1138 1166 1198 turaliter attingere rem non existente in loco. Et quia
413 1182 1169 1237 corpus christi in eucharistia non est vt in loco¬
409 1221 1168 1274 ideo non potest approximare organo nec distare
408 1265 1165 1313 determinate ab eo: quod requiritur ad terminandi
409 1306 1166 1363 visum. ¶ Tertio: si de visione miraculosa loqui
405 1355 1166 1397 mur dicunt iidem praedicti doct. quod nec per miraculi
405 1389 1171 1439 ordinata potentia potest eleuari oculus corporat
406 1435 1181 1485 ad videndum existentiam substantie separate: quemad¬
405 1471 1174 1528 modum habet corpus christi vt in eucharistia vbi
429 1517 1181 1574 benitus est inuisibile oculo corporali et intangibi¬
411 1554 1180 1609 le immediate ab alio quantumcunque penetrentur speci
421 1599 1181 1650 es eucharistie. sicut nec substantia spiritualis tangi potest a
426 1643 1184 1693 loco vel aliquo ¶ Sed de potentia absoluta di
429 1676 1172 1732 cit Scotorlis. quod deus absoluta potentia posset fa
418 1727 1184 1777 cere vt in oculo siue glorioso siue non glorioso cau
426 1763 1185 1819 saretur visio corporis christi in eucharistia. quia visio
433 1807 1174 1857 est forma absoluta: ideo potest fieri tanquam absolu
427 1853 1175 1903 tum absque respectu praesentialitatis ad obiectum sin¬
426 1894 1185 1942 implicatione contradictionis. sed nulla visio sic cau
429 1932 1177 1991 sata posset corporis vt hoc ¶ Si obiicitur quod aliquando in
426 1980 1175 2034 eucharistia apparet spies paruuli vel frustu can
424 2015 1189 2079 nis et huiusmodi. Dicendum secundum Rich. quod illud non est
428 2064 1190 2112 corpus christi. quia maiores habet dimensiones cor¬
431 2099 1187 2161 pos christi quam illa quae ibiapparent. etsi vere apperet cor¬
432 2141 1191 2201 pus christi: tunc non apperet vt sub sactero: sed extende
429 2186 1175 2241 retur extra dimensiones sacramenti. Unde quando appare
436 2226 1180 2285 vt paruulus vel huiusmodi: tunc describitur in imaginatione
439 2271 1183 2320 vel in sensu communi videntis vel confunditur tantummodo
432 2309 1180 2358 ipsa spies panis quihusdam accidentibus pueri vel ca
430 2351 1181 2416 nis quae tamen non sunt proprie accidentia corporis christ
442 2394 691 2450 vel lineamenta.
501 2449 1177 2524 Sed de intellectuali visione quod
444 2523 1177 2565 ritur Quo intellectus creatus naturaliter possit vide¬
428 2557 1189 2608 re existentiasupernaturalem corporis christi n euchari.
435 2595 1177 2652 stia. Ubi secundum Scotorli. in. iiii. di. x. q. ii ¶ Prim
428 2651 1177 2687 notatur quod intelletus creatus vel est omnino eparatue
441 2684 1186 2749 a materia: sicut est angelus vel diabolus. vel est
1221 286 1989 350 similis in operatione licet non omnino separatus: vt est intelle¬
1222 336 1984 389 ctus anime separate. vel est communiunctus corpori corruptie
1227 377 1985 429 bili qui non intelligit nisi per phantasmata ¶ Secundo no
1231 421 1988 476 tatur ibidem quod cognoscere naturaliter est congnoscere
1237 460 1990 513 concurrentibus causis naturalibus scilicet actiuo et passi
1228 503 1982 555 uo: sicut concurrit intellectus agens et possibil. E
1230 546 1988 596 quia sicut in corpore visus se habet: ita in anima intel¬
1221 589 1988 637 tellectus i. Eth. Ideo sicut oculus corporalis na
1228 636 1991 679 turaliter habet videre ea sola quae sunt infra sensum per¬
1233 674 2000 722 ceptibilia: ita intellectus naturaliter habet intellige
1227 715 1989 763 re ea sola quae subsunt rationi naturali. Nimirum secundum
1239 752 1991 822 Aur. et Tho. Primo quidam sunt infra rationem scilicet que
1224 795 1987 846 sensu percipimus. Secundo quidam sunt iuxta rationem: qa s.lice
1233 836 2001 894 naturali ratione percipimus vt vera et falsa: iusta et non
1231 880 1987 934 iusta. Tertio quidam sunt supra rationem: quae solum diuina
1234 932 1988 972 reuelatione ex sciptura et huiusmodi compreheduntur: vt ea
1236 964 2004 1039 quae sunt fidei et huiusmodi supernaturaliter intelligimus.
1279 1005 1988 1061 Tertio notatur ibidem quod videre ipsius intellectus
1236 1038 2000 1097 importat intellectionem intuitiuam vt distinguitur conr
1234 1097 1993 1146 intellectionem abstractiuam. Nam intellectio est du¬
1227 1139 1993 1188 plex. Una intuitiua quae est intellectio rei vt in se res
1240 1179 2000 1228 est praesens. Alia abstractiua quae est cognitio rei secundum
1233 1214 2003 1267 quod relucet in aliqua similitudine qua potest esse siue alicus
1233 1257 1999 1320 praesentis siue non praesentis. et etiam siue existentis siue non
1239 1294 2009 1351 existentis. Solus emim intellectus causat abstractum
1241 1336 2009 1402 iii. de anima. Unde hoc est quaestio de intelligere naturaliter
1242 1379 2006 1441 et de videre intellectionis intuitiue. ¶ His primis¬
1245 1422 2011 1480 sis ponitur Concluo Prima. Existentia corporis christi
1245 1465 2015 1516 in eucharistia non potest naturaliter videri ab intel
1243 1512 2008 1559 lectum creato sensibus alligato quandiu est in vie sta
1242 1552 2006 1603 tu. Probatio. quia talis intellectus non intelligit nisi
1240 1592 2012 1643 ex sensibilibus naturaliter per phantasmata. sed corpus
1246 1632 2006 1693 christi in eucharistia est secundum esse spirituale. ergo sicut nec
1251 1680 2008 1734 angelicos spiritus possumus intelligere per phantasma
1245 1720 2006 1766 ta sensibilia: ita nec corpus christi in eucharistia
1269 1763 2009 1821 ¶ Secunda conclusio: quod intellectus non alligatus sensi¬
1245 1801 2004 1862 bus sicut est angelus et anima separata potest natur
1258 1846 2008 1898 taliter licet non plenarie videre existentia corporis christi
1246 1887 2011 1936 in sactro. Probatio. quia ex. ii. Metaph. Sicut se
1249 1925 2005 1979 habet vnumquoque ad esse: ita et ad cogsci. Sed quia intel
1248 1969 2006 2025 lectus potest videre quod deus omnipotens potest facere talem
1251 2015 2018 2063 existentiam supernaturalem corporis christi in eucharistia
1245 2054 2008 2103 eoquod non includit contradictionem in fieri nec in facto.
1250 2090 2021 2157 ergo potest hoc naturaliter cognoscere aliquo modo etsi non
1251 2139 2011 2197 plenarie. Hec et Scotorlis. ¶ Siquis di. Quomodo su
1245 2178 2011 2238 pernaturalia sunt visibilia intellectui naturaliter
1254 2226 2014 2280 Ad hoc idem Scotorl. supra. videtur sentire quod bene existen
1254 2263 2021 2317 tia supernaturalis est cogscibilis aliquo modo: etsi non
1248 2307 2023 2368 plenarie cognitione naturali. Nam si deus crearet ali
1254 2348 2011 2401 quam nouam speciem in mundo supernaturaliter non
1254 2393 2027 2442 videtur ratio quaere non posset ab intellectum naturaliter cog¬
1244 2428 2026 2482 nosci: saltem aliquo modo: etsi non plenarie. Unde tenem
1252 2476 2015 2526 dum est quod supernaturalia licet ad plenum sint supernatu
1245 2515 2018 2568 raliter cognoscibilia: tamen aliquo modo vicem semiple
1246 2559 2023 2608 ne sunt etiam naturaliter cognoscibilia ab intelle
1246 2600 2021 2651 lectum creato. et per consequens secundum Sco. omni intel
1251 2640 2022 2694 lectui non alligato sensibus in intelligendo siue angeli
1245 2688 2026 2740 siue anime separate per naturam est visibile naturali
