<?xml version="1.0" encoding="UTF-8" standalone="yes"?>
<PcGts xmlns="http://schema.primaresearch.org/PAGE/gts/pagecontent/2013-07-15" xmlns:xsi="http://www.w3.org/2001/XMLSchema-instance" xsi:schemaLocation="http://schema.primaresearch.org/PAGE/gts/pagecontent/2013-07-15 http://schema.primaresearch.org/PAGE/gts/pagecontent/2013-07-15/pagecontent.xsd">
    <Metadata>
        <Creator>prov=University of Rostock/Institute of Mathematics/CITlab|PLANET AI GmbH/Gundram Leifert/gundram.leifert@planet-ai.de:name=cod-PELthe-m2(htr_id=29842)::::v=2.6.7
prov=University of Rostock/Institute of Mathematics/CITlab|PLANET AI GmbH/Tobias Gruening/tobias.gruening@planet-ai.de:name=de.uros.citlab.module.baseline2polygon.B2PSeamMultiOriented:v=2.6.7
prov=University of Rostock/Institute of Mathematics/CITlab|PLANET AI GmbH/Tobias Gruening/tobias.gruening@planet-ai.de:name=/net_tf/LA73_249_0mod360.pb:de.uros.citlab.segmentation.CITlab_LA_ML:v=2.6.6
Transkribus</Creator>
        <Created>2021-01-15T15:27:21.188+01:00</Created>
        <LastChange>2021-02-01T20:59:51.764+01:00</LastChange>
        <TranskribusMetadata docId="572610" pageId="23611451" pageNr="274" tsid="51889815" status="IN_PROGRESS" userId="25065" imgUrl="https://files.transkribus.eu/Get?id=DISHOMGZEGHJKHJWZRARSINF&amp;fileType=view" xmlUrl="https://files.transkribus.eu/Get?id=QUQEKCRNSBXEZRFYKSRJSQLT" imageId="18126301"/>
    </Metadata>
    <Page imageFilename="273.jpg" imageWidth="2227" imageHeight="3288">
        <ReadingOrder>
            <OrderedGroup id="ro_1612223707802" caption="Regions reading order">
                <RegionRefIndexed index="0" regionRef="TextRegion_1611442401361_3090"/>
                <RegionRefIndexed index="1" regionRef="TextRegion_1611442389112_3081"/>
            </OrderedGroup>
        </ReadingOrder>
        <TextRegion orientation="0.0" id="TextRegion_1611442401361_3090" custom="readingOrder {index:0;}">
            <Coords points="374,178 1157,178 1186,2621 1187,2764 374,2764"/>
            <TextLine id="r3l3" custom="readingOrder {index:0;}">
                <Coords points="369,366 1138,347 1105,291 508,325 368,307"/>
                <Baseline points="374,354 413,354 453,353 493,353 533,351 573,351 613,350 653,349 693,348 733,347 773,347 813,346 853,345 893,344 933,344 973,343 1013,342 1053,342 1093,342 1133,341"/>
                <TextEquiv>
                    <Unicode>spiratio passiue. et denominatur etiam tripliciter.</Unicode>
                </TextEquiv>
            </TextLine>
            <TextLine id="r3l5" custom="readingOrder {index:1;}">
                <Coords points="399,407 1126,393 1125,346 398,358"/>
                <Baseline points="404,396 439,396 475,395 511,393 547,392 583,392 619,391 654,390 690,389 726,389 762,389 798,387 834,387 870,387 905,386 941,386 977,386 1013,384 1049,384 1085,384 1121,383"/>
                <TextEquiv>
                    <Unicode>Primo spiratio passiua: est notio constitutiua spiritu</Unicode>
                </TextEquiv>
            </TextLine>
            <TextLine id="r3l7" custom="readingOrder {index:2;}">
                <Coords points="385,445 1092,439 1134,430 1133,389 444,399 384,421"/>
                <Baseline points="390,438 426,438 463,437 500,437 537,436 574,435 611,434 648,434 685,432 722,432 759,431 795,430 832,429 869,428 906,428 943,428 980,426 1017,426 1054,426 1091,426 1128,426"/>
                <TextEquiv>
                    <Unicode>sci. qui constituitur ex diuina essentia et ista spiratione pas</Unicode>
                </TextEquiv>
            </TextLine>
            <TextLine id="r3l9" custom="readingOrder {index:3;}">
                <Coords points="388,487 1138,471 1127,429 388,441"/>
                <Baseline points="393,480 430,479 467,479 504,479 541,477 578,477 615,476 652,476 689,475 726,474 763,473 800,473 837,471 874,471 911,470 948,470 985,468 1022,468 1059,468 1096,467 1133,467"/>
                <TextEquiv>
                    <Unicode>siua Et est correlatm spirationis actiue. Differt tantum</Unicode>
                </TextEquiv>
            </TextLine>
            <TextLine id="r3l11" custom="readingOrder {index:4;}">
                <Coords points="389,532 1142,519 1134,472 388,486"/>
                <Baseline points="393,522 430,521 467,521 504,520 541,519 578,519 615,518 653,518 690,517 727,516 764,516 801,515 838,515 875,513 913,513 950,512 987,512 1024,510 1061,510 1098,509 1136,509"/>
                <TextEquiv>
                    <Unicode>ab ea. quia illa actiua non constituit suppositum: sed passi¬</Unicode>
                </TextEquiv>
            </TextLine>
            <TextLine id="r3l13" custom="readingOrder {index:5;}">
                <Coords points="387,570 1131,565 1137,517 386,534"/>
                <Baseline points="392,563 429,563 466,562 503,561 540,561 577,560 614,560 651,560 688,559 725,558 762,557 799,557 836,557 873,555 910,555 947,554 984,554 1021,552 1058,552 1095,551 1133,551"/>
                <TextEquiv>
                    <Unicode>ua constituit. Rato quia illa actiua spiratio aduenit</Unicode>
                </TextEquiv>
            </TextLine>
            <TextLine id="r3l15" custom="readingOrder {index:6;}">
                <Coords points="385,615 1139,603 1138,562 384,570"/>
                <Baseline points="390,606 427,605 464,605 501,605 538,603 576,603 613,602 650,602 687,601 724,600 762,600 799,599 836,597 873,597 910,597 948,596 985,594 1022,594 1059,593 1096,592 1134,591"/>
                <TextEquiv>
                    <Unicode>suppositis iam constitutis. sed passiua non. Secundo deno</Unicode>
                </TextEquiv>
            </TextLine>
            <TextLine id="r3l17" custom="readingOrder {index:7;}">
                <Coords points="390,652 666,659 843,630 1053,651 1147,639 1146,592 389,616"/>
                <Baseline points="395,647 432,647 469,647 507,647 544,645 581,645 619,645 656,644 693,644 731,642 768,641 805,641 843,639 880,639 917,638 955,637 992,636 1029,635 1067,634 1104,633 1142,633"/>
                <TextEquiv>
                    <Unicode>minatur spiritus sanctus. qui est persona constituta ex essentia di</Unicode>
                </TextEquiv>
            </TextLine>
            <TextLine id="r3l19" custom="readingOrder {index:8;}">
                <Coords points="386,698 1045,695 1144,681 1144,639 385,652"/>
                <Baseline points="390,687 427,687 464,687 502,687 539,687 577,687 614,686 652,686 689,685 727,684 764,683 801,683 839,681 876,681 914,680 951,678 989,678 1026,677 1064,675 1101,675 1139,674"/>
                <TextEquiv>
                    <Unicode>nina et spiratione passiua. Terton spirari quod est com</Unicode>
                </TextEquiv>
            </TextLine>
            <TextLine id="r3l21" custom="readingOrder {index:9;}">
                <Coords points="391,738 1139,721 1125,678 390,694"/>
                <Baseline points="396,729 432,729 469,729 506,729 543,729 580,729 617,729 654,728 691,727 728,726 765,725 801,725 838,723 875,722 912,722 949,720 986,720 1023,719 1060,719 1097,717 1134,717"/>
                <TextEquiv>
                    <Unicode>stitui. Unde sicut compositum generatur ex vii. Metaph.</Unicode>
                </TextEquiv>
            </TextLine>
            <TextLine id="r3l23" custom="readingOrder {index:10;}">
                <Coords points="403,780 1106,767 1129,764 1129,729 403,736"/>
                <Baseline points="408,773 443,771 479,771 515,770 551,770 587,770 622,768 658,768 694,768 730,767 766,767 801,765 837,765 873,764 909,764 945,764 980,762 1016,761 1052,761 1088,759 1124,758"/>
                <TextEquiv>
                    <Unicode>ic persona in diuins spiratur. ¶ Ex quae infertur quod nec et</Unicode>
                </TextEquiv>
            </TextLine>
            <TextLine id="r3l25" custom="readingOrder {index:11;}">
                <Coords points="387,826 1144,809 1143,766 1047,761 875,785 386,776"/>
                <Baseline points="392,815 429,813 466,813 504,812 541,812 578,812 616,810 653,810 690,809 728,809 765,807 802,807 840,806 877,806 914,804 952,804 989,803 1026,803 1064,801 1101,801 1139,800"/>
                <TextEquiv>
                    <Unicode>sentia diuina spiratur. cum non sit copositum aliquid vel</Unicode>
                </TextEquiv>
            </TextLine>
            <TextLine id="r3l27" custom="readingOrder {index:12;}">
                <Coords points="394,871 1141,851 1140,807 393,823"/>
                <Baseline points="399,855 435,855 472,855 509,855 546,854 583,854 620,853 656,852 693,851 730,851 767,849 804,848 841,848 878,846 914,846 951,846 988,845 1025,845 1062,845 1099,846 1136,846"/>
                <TextEquiv>
                    <Unicode>constitutum. Nec ipsa spiratio passiua. quia tunc esset pro</Unicode>
                </TextEquiv>
            </TextLine>
            <TextLine id="r3l29" custom="readingOrder {index:13;}">
                <Coords points="391,902 1132,892 1131,859 1075,851 391,874"/>
                <Baseline points="396,897 432,896 469,896 505,896 542,894 578,894 615,894 651,893 688,893 724,892 761,891 798,890 834,890 871,888 907,888 944,888 980,887 1017,887 1053,885 1090,885 1127,884"/>
                <TextEquiv>
                    <Unicode>cessus in infinitum Nam vt dicitur. v. physus. Actionis no</Unicode>
                </TextEquiv>
            </TextLine>
            <TextLine id="r3l30" custom="readingOrder {index:14;}">
                <Coords points="394,954 1150,930 1149,892 1010,905 936,885 908,908 672,895 394,917"/>
                <Baseline points="399,939 436,939 473,938 510,938 548,937 585,936 622,936 660,935 697,935 734,933 772,933 809,932 846,932 883,930 921,930 958,929 995,929 1033,929 1070,927 1107,927 1145,926"/>
                <TextEquiv>
                    <Unicode>est actio. nec passionis est passio ¶ Tertio in diui</Unicode>
                </TextEquiv>
            </TextLine>
            <TextLine id="r3l32" custom="readingOrder {index:15;}">
                <Coords points="390,988 1144,980 1143,944 948,929 893,949 390,955"/>
                <Baseline points="395,980 432,980 469,980 506,978 543,978 581,978 618,977 655,977 692,977 729,975 767,975 804,974 841,974 878,972 915,972 953,971 990,971 1027,969 1064,969 1101,969 1139,968"/>
                <TextEquiv>
                    <Unicode>nis intelligitur spiratio. vt est commune quoddam vniuocum</Unicode>
                </TextEquiv>
            </TextLine>
            <TextLine id="r3l34" custom="readingOrder {index:16;}">
                <Coords points="390,1032 1130,1029 1156,1017 1156,975 390,989"/>
                <Baseline points="395,1022 432,1022 470,1022 508,1022 546,1021 584,1020 621,1020 659,1019 697,1019 735,1017 773,1017 810,1016 848,1015 886,1014 924,1014 962,1013 999,1011 1037,1011 1075,1011 1113,1010 1151,1010"/>
                <TextEquiv>
                    <Unicode>spirationi actiue et passiue. vt cum dicitur Deus est spi</Unicode>
                </TextEquiv>
            </TextLine>
            <TextLine id="r3l36" custom="readingOrder {index:17;}">
                <Coords points="399,1073 662,1064 742,1087 771,1064 872,1088 990,1062 1017,1080 1150,1059 1150,1022 399,1034"/>
                <Baseline points="404,1064 441,1062 478,1062 515,1062 552,1062 589,1061 626,1061 663,1061 700,1061 737,1061 774,1059 811,1059 848,1059 885,1058 922,1058 959,1057 996,1056 1033,1055 1070,1055 1107,1053 1145,1052"/>
                <TextEquiv>
                    <Unicode>ritus. De hoc autem latius. Infra §. v. capi. Spiri</Unicode>
                </TextEquiv>
            </TextLine>
            <TextLine id="r3l38" custom="readingOrder {index:18;}">
                <Coords points="393,1110 452,1117 526,1110 544,1122 567,1110 601,1123 633,1111 647,1120 660,1107 676,1109 676,1066 393,1069"/>
                <Baseline points="398,1106 425,1107 452,1107 479,1107 507,1107 534,1106 561,1106 589,1105 616,1104 643,1104 671,1103"/>
                <TextEquiv>
                    <Unicode>tus sanctus. Uide </Unicode>
                </TextEquiv>
            </TextLine>
            <TextLine id="r3l41" custom="readingOrder {index:19;}">
                <Coords points="464,1205 1138,1187 1147,1123 719,1119 639,1149 462,1135"/>
                <Baseline points="468,1187 501,1187 535,1187 569,1187 603,1185 636,1185 670,1185 704,1185 738,1184 771,1184 805,1182 839,1182 873,1181 906,1181 940,1179 974,1179 1008,1178 1041,1178 1075,1176 1109,1176 1143,1176"/>
                <TextEquiv>
                    <Unicode>¶ Quomodo conuenit spirationem dici</Unicode>
                </TextEquiv>
            </TextLine>
            <TextLine id="r3l44" custom="readingOrder {index:20;}">
                <Coords points="394,1239 1129,1235 1159,1226 1159,1184 394,1198"/>
                <Baseline points="399,1230 436,1230 474,1229 512,1229 550,1229 587,1229 625,1229 663,1227 701,1227 738,1227 776,1226 814,1226 852,1225 889,1224 927,1224 965,1223 1003,1222 1040,1221 1078,1220 1116,1219 1154,1218"/>
                <TextEquiv>
                    <Unicode>in diuins: Nota secundum e. Guil. supra. quod Spiratio dici</Unicode>
                </TextEquiv>
            </TextLine>
            <TextLine id="r3l46" custom="readingOrder {index:21;}">
                <Coords points="390,1274 539,1290 1154,1267 1153,1232 1073,1224 389,1239"/>
                <Baseline points="395,1274 432,1272 470,1272 507,1271 545,1271 583,1269 620,1269 658,1269 696,1268 733,1268 771,1267 809,1266 846,1266 884,1265 922,1265 959,1263 997,1263 1035,1262 1072,1261 1110,1260 1148,1259"/>
                <TextEquiv>
                    <Unicode>tur similitudinarie transferendo tribus modis ad diui</Unicode>
                </TextEquiv>
            </TextLine>
            <TextLine id="r3l48" custom="readingOrder {index:22;}">
                <Coords points="403,1326 1120,1318 1157,1310 1156,1267 402,1288"/>
                <Baseline points="408,1317 445,1316 482,1315 519,1314 556,1313 593,1313 630,1311 668,1311 705,1310 742,1309 779,1308 816,1308 853,1307 890,1307 928,1306 965,1305 1002,1305 1039,1305 1076,1305 1113,1304 1151,1304"/>
                <TextEquiv>
                    <Unicode>na. Uno modo ad modum ipsius motus cordis. Nam pri</Unicode>
                </TextEquiv>
            </TextLine>
            <TextLine id="r3l50" custom="readingOrder {index:23;}">
                <Coords points="399,1363 1117,1360 1159,1356 1158,1311 398,1327"/>
                <Baseline points="404,1356 441,1356 479,1356 516,1356 554,1355 591,1355 629,1355 666,1353 704,1353 741,1352 779,1352 816,1350 854,1350 891,1350 929,1349 966,1349 1004,1347 1041,1347 1079,1346 1116,1346 1154,1346"/>
                <TextEquiv>
                    <Unicode>us attrahitur aer et inspiratur. Tandem exit vel respi¬</Unicode>
                </TextEquiv>
            </TextLine>
            <TextLine id="r3l52" custom="readingOrder {index:24;}">
                <Coords points="400,1405 1154,1393 1153,1357 1098,1352 399,1362"/>
                <Baseline points="405,1398 442,1397 479,1397 516,1397 553,1395 590,1395 627,1395 665,1394 702,1394 739,1394 776,1394 813,1392 850,1392 887,1392 925,1391 962,1391 999,1389 1036,1388 1073,1388 1110,1386 1148,1385"/>
                <TextEquiv>
                    <Unicode>ratur. Et hi sunt duo motus pulmonis qui faciunt</Unicode>
                </TextEquiv>
            </TextLine>
            <TextLine id="r3l54" custom="readingOrder {index:25;}">
                <Coords points="394,1447 1153,1435 1152,1399 1121,1389 393,1405"/>
                <Baseline points="399,1442 436,1440 473,1440 511,1439 548,1439 586,1438 623,1437 661,1437 698,1436 736,1436 773,1434 810,1434 848,1434 885,1433 923,1433 960,1431 998,1430 1035,1430 1073,1428 1110,1428 1148,1427"/>
                <TextEquiv>
                    <Unicode>huiusmodi spirationem. Et vocantur secundum medicos diasto</Unicode>
                </TextEquiv>
            </TextLine>
            <TextLine id="r3l56" custom="readingOrder {index:26;}">
                <Coords points="400,1487 1153,1487 1158,1433 399,1446"/>
                <Baseline points="405,1482 442,1482 479,1481 517,1481 554,1479 592,1479 629,1479 667,1478 704,1478 742,1477 779,1476 816,1476 854,1475 891,1475 929,1475 966,1473 1004,1473 1041,1473 1079,1472 1116,1472 1154,1472"/>
                <TextEquiv>
                    <Unicode>les et systoles. Sic in diuis secundum quandam similitudiem</Unicode>
                </TextEquiv>
            </TextLine>
            <TextLine id="r3l58" custom="readingOrder {index:27;}">
                <Coords points="403,1531 1150,1517 1149,1481 1118,1476 402,1489"/>
                <Baseline points="408,1524 444,1524 481,1523 518,1523 555,1521 592,1521 629,1521 665,1520 702,1520 739,1520 776,1518 813,1518 850,1518 887,1517 923,1517 960,1515 997,1515 1034,1514 1071,1514 1108,1512 1145,1511"/>
                <TextEquiv>
                    <Unicode>huiusmodi translatiue dicitur spiratio ab amoris cordialis</Unicode>
                </TextEquiv>
            </TextLine>
            <TextLine id="r3l60" custom="readingOrder {index:28;}">
                <Coords points="403,1574 1150,1564 1138,1527 402,1531"/>
                <Baseline points="408,1566 444,1565 481,1565 518,1565 555,1563 592,1563 629,1563 665,1562 702,1562 739,1562 776,1560 813,1560 850,1559 887,1559 923,1557 960,1557 997,1556 1034,1556 1071,1555 1108,1554 1145,1553"/>
                <TextEquiv>
                    <Unicode>spiraculo ¶ Alio modo et verius Spiratio ex anima no</Unicode>
                </TextEquiv>
            </TextLine>
            <TextLine id="r3l62" custom="readingOrder {index:29;}">
                <Coords points="408,1612 1050,1611 1150,1599 1150,1564 408,1571"/>
                <Baseline points="413,1607 449,1607 486,1607 522,1605 559,1605 596,1605 632,1605 669,1604 705,1604 742,1604 779,1602 815,1602 852,1602 888,1601 925,1601 962,1599 998,1599 1035,1598 1071,1597 1108,1596 1145,1595"/>
                <TextEquiv>
                    <Unicode>stra transfertur ad diuina. Nam in nobis primo intellectus</Unicode>
                </TextEquiv>
            </TextLine>
            <TextLine id="r3l64" custom="readingOrder {index:30;}">
                <Coords points="397,1656 1136,1654 1157,1601 871,1622 397,1610"/>
                <Baseline points="402,1649 439,1649 477,1649 514,1647 552,1647 589,1647 627,1647 664,1646 702,1646 739,1646 777,1644 814,1644 852,1644 889,1643 927,1642 964,1641 1002,1641 1039,1640 1077,1639 1114,1638 1152,1638"/>
                <TextEquiv>
                    <Unicode>intelligit. Secundo fertur voluntas in cognitum per suspi</Unicode>
                </TextEquiv>
            </TextLine>
            <TextLine id="r3l66" custom="readingOrder {index:31;}">
                <Coords points="403,1703 1154,1686 1153,1649 1113,1644 403,1657"/>
                <Baseline points="408,1689 445,1689 482,1689 519,1688 556,1688 593,1688 630,1688 667,1688 704,1686 741,1686 778,1686 815,1686 852,1685 889,1685 926,1684 963,1683 1000,1683 1037,1682 1074,1682 1111,1680 1149,1680"/>
                <TextEquiv>
                    <Unicode>rium id est internam complacentiam vel delcationem. Parifor</Unicode>
                </TextEquiv>
            </TextLine>
            <TextLine id="r3l68" custom="readingOrder {index:32;}">
                <Coords points="409,1742 1157,1728 1156,1686 1125,1683 409,1702"/>
                <Baseline points="414,1731 450,1731 487,1731 524,1731 561,1731 598,1731 635,1730 672,1730 709,1730 746,1728 783,1727 819,1727 856,1725 893,1725 930,1725 967,1724 1004,1724 1041,1722 1078,1722 1115,1722 1152,1722"/>
                <TextEquiv>
                    <Unicode>mitur Pater primo producit filium intellcu vtpote verbum</Unicode>
                </TextEquiv>
            </TextLine>
            <TextLine id="r3l70" custom="readingOrder {index:33;}">
                <Coords points="411,1780 1128,1779 1156,1775 1156,1727 411,1742"/>
                <Baseline points="416,1772 452,1772 489,1773 526,1773 563,1773 599,1773 636,1772 673,1772 710,1772 746,1771 783,1770 820,1770 857,1769 893,1768 930,1767 967,1767 1004,1766 1040,1766 1077,1765 1114,1764 1151,1764"/>
                <TextEquiv>
                    <Unicode>diuinum. cui attribuitur cognitio. Et secundo producit</Unicode>
                </TextEquiv>
            </TextLine>
            <TextLine id="r3l72" custom="readingOrder {index:34;}">
                <Coords points="402,1824 1162,1821 1161,1774 1077,1769 401,1783"/>
                <Baseline points="407,1815 444,1815 482,1815 519,1815 557,1815 594,1815 632,1814 669,1814 707,1812 744,1812 782,1812 819,1811 857,1811 894,1809 932,1809 969,1809 1007,1808 1044,1808 1082,1808 1119,1808 1157,1808"/>
                <TextEquiv>
                    <Unicode>spiritum scantum voluntate: cui amor attribuitur quaei quaeddam</Unicode>
                </TextEquiv>
            </TextLine>
            <TextLine id="r3l74" custom="readingOrder {index:35;}">
                <Coords points="408,1865 1104,1862 1157,1854 1157,1821 443,1819 408,1842"/>
                <Baseline points="413,1857 451,1857 490,1857 529,1857 568,1856 607,1856 646,1856 685,1856 724,1854 763,1854 801,1854 840,1853 879,1853 918,1852 957,1851 996,1851 1035,1850 1074,1850 1113,1848 1152,1848"/>
                <TextEquiv>
                    <Unicode>iuspirium. Et ita a suspiro dicitur in diuins spiratio</Unicode>
                </TextEquiv>
            </TextLine>
            <TextLine id="r3l76" custom="readingOrder {index:36;}">
                <Coords points="415,1907 1130,1906 1159,1895 1159,1862 415,1872"/>
                <Baseline points="420,1899 456,1899 493,1898 530,1898 566,1898 603,1898 640,1898 676,1898 713,1898 750,1896 787,1896 823,1896 860,1896 897,1895 933,1895 970,1893 1007,1893 1043,1892 1080,1892 1117,1890 1154,1889"/>
                <TextEquiv>
                    <Unicode>amoris vel delectationis. Tertio spiratio dicitur a spi</Unicode>
                </TextEquiv>
            </TextLine>
            <TextLine id="r3l78" custom="readingOrder {index:37;}">
                <Coords points="403,1955 1154,1938 1153,1893 402,1905"/>
                <Baseline points="408,1941 445,1941 482,1941 519,1940 556,1940 593,1940 630,1940 667,1940 704,1938 741,1938 778,1938 815,1937 852,1937 889,1937 926,1935 963,1935 1000,1934 1037,1934 1074,1932 1111,1932 1148,1931"/>
                <TextEquiv>
                    <Unicode>ritualitate. quia nihil isto modo spirat nisi sit spirituali</Unicode>
                </TextEquiv>
            </TextLine>
            <TextLine id="r3l80" custom="readingOrder {index:38;}">
                <Coords points="412,1992 1160,1978 1159,1937 412,1954"/>
                <Baseline points="417,1983 453,1983 490,1983 527,1983 564,1983 601,1982 638,1982 675,1982 712,1981 749,1980 786,1980 822,1979 859,1979 896,1978 933,1977 970,1977 1007,1976 1044,1976 1081,1976 1118,1974 1155,1974"/>
                <TextEquiv>
                    <Unicode>Est enim proprie spiratio quando de aeternis fit amor Inde</Unicode>
                </TextEquiv>
            </TextLine>
            <TextLine id="r3l82" custom="readingOrder {index:39;}">
                <Coords points="403,2029 803,2040 1044,2016 1168,2037 1153,1979 402,1991"/>
                <Baseline points="408,2025 445,2025 483,2025 521,2024 559,2024 596,2024 634,2024 672,2024 710,2022 747,2022 785,2022 823,2021 861,2021 898,2021 936,2019 974,2019 1012,2019 1049,2018 1087,2018 1125,2018 1163,2018"/>
                <TextEquiv>
                    <Unicode>est secundum Doctor. subtis quod spiritus non procedit de obie</Unicode>
                </TextEquiv>
            </TextLine>
            <TextLine id="r3l84" custom="readingOrder {index:40;}">
                <Coords points="402,2083 1081,2074 1093,2023 402,2028"/>
                <Baseline points="407,2067 441,2067 475,2067 509,2067 543,2067 577,2067 611,2066 645,2066 679,2066 713,2064 747,2064 781,2064 815,2063 849,2063 883,2063 917,2061 951,2061 985,2061 1019,2060 1053,2060 1088,2060"/>
                <TextEquiv>
                    <Unicode>ctis secundariis. De quibus habes vbi Obiectum</Unicode>
                </TextEquiv>
            </TextLine>
            <TextLine id="r3l86" custom="readingOrder {index:41;}">
                <Coords points="438,2144 1159,2125 1159,2065 873,2092 438,2072"/>
                <Baseline points="443,2126 478,2125 514,2124 549,2124 585,2124 620,2124 656,2123 691,2123 727,2123 762,2121 798,2121 834,2121 869,2121 905,2120 940,2120 976,2119 1011,2118 1047,2118 1082,2118 1118,2117 1154,2117"/>
                <TextEquiv>
                    <Unicode>¶ Utrum Spiratione vel producti</Unicode>
                </TextEquiv>
            </TextLine>
            <TextLine id="r3l88" custom="readingOrder {index:42;}">
                <Coords points="409,2179 1109,2172 1157,2167 1157,2126 409,2138"/>
                <Baseline points="414,2169 450,2169 487,2168 524,2168 561,2168 598,2168 635,2166 672,2166 709,2166 746,2166 783,2165 819,2165 856,2165 893,2163 930,2163 967,2163 1004,2162 1041,2162 1078,2161 1115,2160 1152,2160"/>
                <TextEquiv>
                    <Unicode>cinem Spiritus sacti praecedat gratiatio filii. Respondetur secundum Sco</Unicode>
                </TextEquiv>
            </TextLine>
            <TextLine id="r3l90" custom="readingOrder {index:43;}">
                <Coords points="412,2217 1171,2206 1170,2168 1143,2166 411,2181"/>
                <Baseline points="417,2211 454,2211 491,2211 529,2210 566,2210 604,2210 641,2210 679,2210 716,2208 754,2208 791,2208 828,2207 866,2207 903,2207 941,2205 978,2205 1016,2204 1053,2204 1091,2202 1128,2202 1166,2201"/>
                <TextEquiv>
                    <Unicode>torlis. dist. xii. primi q. ii. similis Guil. e. di. quod Generatio fi¬</Unicode>
                </TextEquiv>
            </TextLine>
            <TextLine id="r3l92" custom="readingOrder {index:44;}">
                <Coords points="406,2259 1101,2263 1157,2250 1157,2216 406,2218"/>
                <Baseline points="411,2256 448,2255 485,2253 522,2253 559,2252 596,2252 633,2250 670,2250 707,2249 744,2249 781,2249 818,2248 855,2247 892,2247 929,2246 966,2246 1003,2246 1040,2246 1077,2244 1114,2244 1152,2244"/>
                <TextEquiv>
                    <Unicode>lii praecedit spirationem ordine nature. non temporis Pro</Unicode>
                </TextEquiv>
            </TextLine>
            <TextLine id="r3l94" custom="readingOrder {index:45;}">
                <Coords points="406,2307 1166,2296 1165,2249 1143,2247 405,2259"/>
                <Baseline points="411,2295 448,2295 486,2294 523,2294 561,2294 598,2294 636,2292 673,2292 711,2292 748,2291 786,2291 823,2290 861,2289 898,2289 936,2289 973,2288 1011,2288 1048,2288 1086,2286 1123,2286 1161,2286"/>
                <TextEquiv>
                    <Unicode>baton. quia eodem modo ordinantur principia sicut principia¬</Unicode>
                </TextEquiv>
            </TextLine>
            <TextLine id="r3l96" custom="readingOrder {index:46;}">
                <Coords points="409,2345 1158,2344 1167,2296 408,2308"/>
                <Baseline points="414,2337 451,2336 488,2336 526,2336 563,2334 601,2334 638,2334 676,2334 713,2333 751,2333 788,2333 825,2333 863,2331 900,2331 938,2331 975,2330 1013,2330 1050,2330 1088,2328 1125,2328 1163,2327"/>
                <TextEquiv>
                    <Unicode>ta. sed in diuins intellens est principium filii productiuum.</Unicode>
                </TextEquiv>
            </TextLine>
            <TextLine id="r3l98" custom="readingOrder {index:47;}">
                <Coords points="414,2385 1134,2369 1163,2388 1147,2336 413,2343"/>
                <Baseline points="419,2378 457,2376 496,2376 535,2376 574,2376 613,2376 652,2376 691,2376 730,2375 769,2375 807,2375 846,2375 885,2373 924,2373 963,2372 1002,2372 1041,2370 1080,2369 1119,2369 1158,2367"/>
                <TextEquiv>
                    <Unicode>et voluntas spiritus ci Intellens autem praecedit voluntatem. eoque</Unicode>
                </TextEquiv>
            </TextLine>
            <TextLine id="r3l100" custom="readingOrder {index:48;}">
                <Coords points="411,2435 534,2423 569,2449 606,2420 1171,2416 1143,2377 411,2384"/>
                <Baseline points="416,2417 453,2418 491,2418 528,2420 566,2420 603,2420 641,2418 678,2418 716,2418 753,2417 791,2417 828,2416 866,2415 903,2414 941,2414 978,2413 1016,2412 1053,2412 1091,2411 1128,2411 1166,2411"/>
                <TextEquiv>
                    <Unicode>teste Aug. x. de Trini. c. i. et philosopho Nil volitum nisi</Unicode>
                </TextEquiv>
            </TextLine>
            <TextLine id="r3l101" custom="readingOrder {index:49;}">
                <Coords points="414,2466 1116,2473 1171,2460 1171,2418 414,2434"/>
                <Baseline points="419,2462 456,2461 493,2460 531,2460 568,2460 605,2460 643,2459 680,2459 717,2458 755,2457 792,2457 829,2456 867,2456 904,2456 941,2454 979,2454 1016,2454 1053,2454 1091,2453 1128,2453 1166,2453"/>
                <TextEquiv>
                    <Unicode>cognitum. ergo et gignitio praecedit spirationem: sicut et geni¬</Unicode>
                </TextEquiv>
            </TextLine>
            <TextLine id="r3l103" custom="readingOrder {index:50;}">
                <Coords points="409,2505 1162,2505 1162,2459 409,2466"/>
                <Baseline points="414,2501 451,2501 488,2501 525,2501 562,2499 599,2499 636,2499 674,2499 711,2499 748,2499 785,2499 822,2499 859,2499 896,2498 934,2498 971,2498 1008,2498 1045,2496 1082,2496 1119,2496 1157,2495"/>
                <TextEquiv>
                    <Unicode>tum precedit spiratu. cum sit eius principium. Item processio qua</Unicode>
                </TextEquiv>
            </TextLine>
            <TextLine id="r3l105" custom="readingOrder {index:51;}">
                <Coords points="415,2552 1168,2542 1168,2509 1134,2498 415,2508"/>
                <Baseline points="420,2544 457,2543 494,2542 531,2541 568,2541 605,2541 642,2541 680,2541 717,2541 754,2541 791,2541 828,2541 865,2541 902,2541 940,2541 977,2541 1014,2540 1051,2540 1088,2538 1125,2538 1163,2537"/>
                <TextEquiv>
                    <Unicode>stat in dualitate est praeor processione qua completur et stat</Unicode>
                </TextEquiv>
            </TextLine>
            <TextLine id="r3l106" custom="readingOrder {index:52;}">
                <Coords points="411,2593 1165,2595 1165,2542 411,2554"/>
                <Baseline points="416,2585 453,2584 490,2583 527,2583 564,2583 602,2582 639,2582 676,2582 713,2582 750,2582 788,2582 825,2582 862,2582 899,2582 936,2582 974,2582 1011,2582 1048,2582 1085,2580 1122,2580 1160,2579"/>
                <TextEquiv>
                    <Unicode>in trintate sicut Binarius praecedit ternarium. sed grantiaton filii</Unicode>
                </TextEquiv>
            </TextLine>
            <TextLine id="r3l107" custom="readingOrder {index:53;}">
                <Coords points="417,2646 502,2627 1162,2629 1162,2594 1111,2582 998,2604 417,2593"/>
                <Baseline points="422,2625 458,2625 495,2624 532,2624 569,2624 605,2624 642,2624 679,2624 716,2624 752,2624 789,2624 826,2624 863,2624 899,2624 936,2624 973,2624 1010,2624 1046,2624 1083,2622 1120,2622 1157,2621"/>
                <TextEquiv>
                    <Unicode>completur in dualitate: cum sit secunda persona. Et processio</Unicode>
                </TextEquiv>
            </TextLine>
            <TextLine id="r3l111" custom="readingOrder {index:54;}">
                <Coords points="402,2684 1171,2674 1171,2629 402,2634"/>
                <Baseline points="407,2669 446,2667 486,2667 526,2667 566,2666 606,2666 646,2666 686,2666 726,2666 766,2667 806,2667 846,2667 886,2667 926,2667 966,2667 1006,2666 1046,2666 1086,2664 1126,2664 1166,2663"/>
                <TextEquiv>
                    <Unicode>spiritus sanci in tritate: cum sit tertia persona. ergo etc. Ad hec</Unicode>
                </TextEquiv>
            </TextLine>
            <TextLine id="r3l113" custom="readingOrder {index:55;}">
                <Coords points="411,2718 1068,2721 1091,2713 1091,2674 411,2679"/>
                <Baseline points="416,2708 449,2708 483,2708 516,2708 550,2708 583,2708 617,2708 650,2708 684,2708 717,2708 751,2708 784,2708 818,2708 851,2708 885,2706 918,2706 952,2706 985,2706 1019,2706 1052,2706 1086,2706"/>
                <TextEquiv>
                    <Unicode>vbi Ordo. §. x. q. et. §. Et vbi Sprasscs. §. Ai.</Unicode>
                </TextEquiv>
            </TextLine>
            <TextLine id="r3l115" custom="readingOrder {index:56;}">
                <Coords points="406,2761 1172,2765 1172,2712 1113,2706 406,2714"/>
                <Baseline points="411,2753 448,2753 486,2753 524,2751 562,2751 600,2751 637,2751 675,2751 713,2751 751,2753 789,2753 826,2753 864,2753 902,2754 940,2754 978,2754 1015,2754 1053,2754 1091,2754 1129,2754 1167,2754"/>
                <TextEquiv>
                    <Unicode>Sed difficlitas est ex communi tula quae ponitur secundum Aris in pospraentis</Unicode>
                </TextEquiv>
            </TextLine>
            <TextEquiv>
                <Unicode>spiratio passiue. et denominatur etiam tripliciter.
Primo spiratio passiua: est notio constitutiua spiritu
sci. qui constituitur ex diuina essentia et ista spiratione pas
siua Et est correlatm spirationis actiue. Differt tantum
ab ea. quia illa actiua non constituit suppositum: sed passi¬
ua constituit. Rato quia illa actiua spiratio aduenit
suppositis iam constitutis. sed passiua non. Secundo deno
minatur spiritus sanctus. qui est persona constituta ex essentia di
nina et spiratione passiua. Terton spirari quod est com
stitui. Unde sicut compositum generatur ex vii. Metaph.
ic persona in diuins spiratur. ¶ Ex quae infertur quod nec et
sentia diuina spiratur. cum non sit copositum aliquid vel
constitutum. Nec ipsa spiratio passiua. quia tunc esset pro
cessus in infinitum Nam vt dicitur. v. physus. Actionis no
est actio. nec passionis est passio ¶ Tertio in diui
nis intelligitur spiratio. vt est commune quoddam vniuocum
spirationi actiue et passiue. vt cum dicitur Deus est spi
ritus. De hoc autem latius. Infra §. v. capi. Spiri
tus sanctus. Uide 
¶ Quomodo conuenit spirationem dici
in diuins: Nota secundum e. Guil. supra. quod Spiratio dici
tur similitudinarie transferendo tribus modis ad diui
na. Uno modo ad modum ipsius motus cordis. Nam pri
us attrahitur aer et inspiratur. Tandem exit vel respi¬
ratur. Et hi sunt duo motus pulmonis qui faciunt
huiusmodi spirationem. Et vocantur secundum medicos diasto
les et systoles. Sic in diuis secundum quandam similitudiem
huiusmodi translatiue dicitur spiratio ab amoris cordialis
spiraculo ¶ Alio modo et verius Spiratio ex anima no
stra transfertur ad diuina. Nam in nobis primo intellectus
intelligit. Secundo fertur voluntas in cognitum per suspi
rium id est internam complacentiam vel delcationem. Parifor
mitur Pater primo producit filium intellcu vtpote verbum
diuinum. cui attribuitur cognitio. Et secundo producit
spiritum scantum voluntate: cui amor attribuitur quaei quaeddam
iuspirium. Et ita a suspiro dicitur in diuins spiratio
amoris vel delectationis. Tertio spiratio dicitur a spi
ritualitate. quia nihil isto modo spirat nisi sit spirituali
Est enim proprie spiratio quando de aeternis fit amor Inde
est secundum Doctor. subtis quod spiritus non procedit de obie
ctis secundariis. De quibus habes vbi Obiectum
¶ Utrum Spiratione vel producti
cinem Spiritus sacti praecedat gratiatio filii. Respondetur secundum Sco
torlis. dist. xii. primi q. ii. similis Guil. e. di. quod Generatio fi¬
lii praecedit spirationem ordine nature. non temporis Pro
baton. quia eodem modo ordinantur principia sicut principia¬
ta. sed in diuins intellens est principium filii productiuum.
et voluntas spiritus ci Intellens autem praecedit voluntatem. eoque
teste Aug. x. de Trini. c. i. et philosopho Nil volitum nisi
cognitum. ergo et gignitio praecedit spirationem: sicut et geni¬
tum precedit spiratu. cum sit eius principium. Item processio qua
stat in dualitate est praeor processione qua completur et stat
in trintate sicut Binarius praecedit ternarium. sed grantiaton filii
completur in dualitate: cum sit secunda persona. Et processio
spiritus sanci in tritate: cum sit tertia persona. ergo etc. Ad hec
vbi Ordo. §. x. q. et. §. Et vbi Sprasscs. §. Ai.
Sed difficlitas est ex communi tula quae ponitur secundum Aris in pospraentis</Unicode>
            </TextEquiv>
        </TextRegion>
        <TextRegion orientation="0.0" id="TextRegion_1611442389112_3081" custom="readingOrder {index:1;}">
            <Coords points="1187,178 2015,178 2015,2764 1232,2764 1228,2484"/>
            <TextLine id="r3l2" custom="readingOrder {index:0;}">
                <Coords points="1205,350 1940,334 1978,327 1977,276 1904,290 1726,261 1614,296 1519,270 1326,300 1203,283"/>
                <Baseline points="1209,338 1247,336 1285,335 1323,333 1361,333 1400,332 1438,330 1476,329 1514,329 1552,327 1591,326 1629,326 1667,324 1705,323 1743,323 1782,321 1820,321 1858,320 1896,318 1934,318 1973,317"/>
                <TextEquiv>
                    <Unicode>vidieliet quod communiora sted praeora secundum naturam Et ptunit vbiOr</Unicode>
                </TextEquiv>
            </TextLine>
            <TextLine id="r3l4" custom="readingOrder {index:1;}">
                <Coords points="1214,394 1967,375 1966,326 1212,345"/>
                <Baseline points="1218,381 1255,380 1292,378 1329,377 1366,375 1404,374 1441,373 1478,372 1515,371 1552,369 1590,368 1627,368 1664,366 1701,365 1738,365 1776,364 1813,363 1850,362 1887,362 1924,360 1962,360"/>
                <TextEquiv>
                    <Unicode>do. §. ii. Spiratio enim actiua est communior quam generateon</Unicode>
                </TextEquiv>
            </TextLine>
            <TextLine id="r3l6" custom="readingOrder {index:2;}">
                <Coords points="1217,430 1949,416 1981,411 1980,368 1216,394"/>
                <Baseline points="1221,420 1258,420 1296,419 1334,417 1372,417 1409,416 1447,414 1485,413 1523,412 1560,411 1598,410 1636,409 1674,408 1711,407 1749,405 1787,405 1825,404 1862,404 1900,404 1938,402 1976,402"/>
                <TextEquiv>
                    <Unicode>actiua in divinis. quia illa est communis patri et filio. sed hec propa</Unicode>
                </TextEquiv>
            </TextLine>
            <TextLine id="r3l8" custom="readingOrder {index:3;}">
                <Coords points="1220,472 1929,459 1969,453 1968,411 1219,431"/>
                <Baseline points="1224,462 1261,461 1298,461 1335,459 1372,458 1409,458 1446,456 1483,456 1520,454 1557,453 1594,452 1631,452 1668,450 1705,449 1742,449 1779,447 1816,447 1853,446 1890,445 1927,444 1964,443"/>
                <TextEquiv>
                    <Unicode>tatum patri. ergo spiratio praecedit gignitionem. Respondet doc. subti</Unicode>
                </TextEquiv>
            </TextLine>
            <TextLine id="r3l10" custom="readingOrder {index:4;}">
                <Coords points="1220,514 1970,491 1969,457 1876,448 1219,472"/>
                <Baseline points="1224,504 1261,503 1298,502 1335,501 1372,500 1409,500 1446,498 1483,498 1520,497 1557,495 1594,494 1631,494 1668,492 1705,492 1742,491 1779,489 1816,488 1853,488 1890,487 1927,486 1965,486"/>
                <TextEquiv>
                    <Unicode>in i. dist. vii. et cum eo Guil. vbi. supra. quod esse conune potest capi</Unicode>
                </TextEquiv>
            </TextLine>
            <TextLine id="r3l12" custom="readingOrder {index:5;}">
                <Coords points="1219,552 1978,534 1962,491 1219,514"/>
                <Baseline points="1224,546 1261,545 1298,544 1336,542 1373,542 1411,540 1448,540 1486,539 1523,537 1561,536 1598,536 1635,534 1673,533 1710,533 1748,531 1785,531 1823,530 1860,530 1898,528 1935,528 1973,527"/>
                <TextEquiv>
                    <Unicode>dupliciter. Uno modo quiditatiue. et sic verum est quod communiora sed</Unicode>
                </TextEquiv>
            </TextLine>
            <TextLine id="r3l14" custom="readingOrder {index:6;}">
                <Coords points="1216,602 1841,571 1900,587 1975,574 1974,532 1214,553"/>
                <Baseline points="1220,588 1257,588 1295,586 1332,585 1370,584 1407,582 1445,581 1482,581 1520,579 1557,578 1595,578 1632,576 1670,575 1707,575 1745,573 1782,572 1820,572 1857,570 1895,569 1932,567 1970,566"/>
                <TextEquiv>
                    <Unicode>praeora. sicut animal quam homo. vt dicit hec regula. Alio modo solun</Unicode>
                </TextEquiv>
            </TextLine>
            <TextLine id="r3l16" custom="readingOrder {index:7;}">
                <Coords points="1224,638 1936,628 1978,621 1977,575 1223,603"/>
                <Baseline points="1229,629 1266,628 1303,627 1340,626 1377,626 1415,624 1452,623 1489,622 1526,621 1563,620 1601,619 1638,618 1675,617 1712,615 1749,615 1787,614 1824,614 1861,612 1898,612 1935,611 1973,611"/>
                <TextEquiv>
                    <Unicode>consecutiue: per modum consequentie. Sicut est bomoa consequentia. Est</Unicode>
                </TextEquiv>
            </TextLine>
            <TextLine id="r3l18" custom="readingOrder {index:8;}">
                <Coords points="1231,684 1987,662 1985,613 1230,642"/>
                <Baseline points="1236,672 1273,671 1310,669 1347,668 1385,667 1422,665 1459,665 1497,663 1534,662 1571,660 1609,660 1646,659 1683,657 1720,657 1758,656 1795,654 1832,654 1870,654 1907,653 1944,653 1982,653"/>
                <TextEquiv>
                    <Unicode>gnis. ergo est calidus. sed non econtra et sic non est verum. Nam esse ca¬</Unicode>
                </TextEquiv>
            </TextLine>
            <TextLine id="r3l20" custom="readingOrder {index:9;}">
                <Coords points="1213,720 1985,713 1984,663 1212,679"/>
                <Baseline points="1218,711 1256,711 1294,711 1332,710 1370,709 1408,708 1446,707 1484,707 1522,705 1560,704 1598,703 1636,702 1674,701 1712,699 1750,699 1788,698 1826,698 1864,696 1902,696 1940,696 1979,695"/>
                <TextEquiv>
                    <Unicode>lidum: licet sit communius quam esse ignem. tamen non est prius igne in ipsor</Unicode>
                </TextEquiv>
            </TextLine>
            <TextLine id="r3l22" custom="readingOrder {index:10;}">
                <Coords points="1231,768 1866,757 1984,741 1984,712 1230,719"/>
                <Baseline points="1235,755 1272,754 1309,753 1346,752 1383,750 1421,749 1458,749 1495,747 1532,746 1569,745 1607,744 1644,743 1681,743 1718,741 1755,741 1793,740 1830,739 1867,738 1904,738 1941,737 1979,737"/>
                <TextEquiv>
                    <Unicode>et econuerso. quia ignis est causa caloris sui. ita in proposito.</Unicode>
                </TextEquiv>
            </TextLine>
            <TextLine id="r3l24" custom="readingOrder {index:11;}">
                <Coords points="1228,802 1983,790 1989,742 1227,768"/>
                <Baseline points="1233,798 1270,797 1308,795 1345,793 1383,792 1421,791 1458,789 1496,789 1533,788 1571,786 1609,785 1646,785 1684,784 1721,783 1759,782 1797,782 1834,782 1872,780 1909,780 1947,780 1985,779"/>
                <TextEquiv>
                    <Unicode>ex qua spiratio actiua non est de ee quiditatiuo patris vel</Unicode>
                </TextEquiv>
            </TextLine>
            <TextLine id="r3l26" custom="readingOrder {index:12;}">
                <Coords points="1217,849 1873,826 1930,847 1997,829 1996,781 1216,802"/>
                <Baseline points="1221,840 1259,840 1298,837 1336,837 1375,835 1413,834 1452,833 1490,832 1529,831 1567,830 1606,828 1645,828 1683,827 1722,826 1760,825 1799,825 1837,824 1876,824 1914,824 1953,822 1992,822"/>
                <TextEquiv>
                    <Unicode>filii. sed quasi aduenticia. Ion non sequitur quod sit prior gigni</Unicode>
                </TextEquiv>
            </TextLine>
            <TextLine id="r3l28" custom="readingOrder {index:13;}">
                <Coords points="1222,886 1811,890 1876,873 1875,828 1221,849"/>
                <Baseline points="1227,882 1259,881 1291,881 1323,879 1355,879 1388,878 1420,878 1452,876 1484,876 1516,875 1549,874 1581,873 1613,872 1645,872 1677,870 1710,870 1742,869 1774,868 1806,867 1838,866 1871,866"/>
                <TextEquiv>
                    <Unicode>tione actiua. imo est posterior. Hec Guil.</Unicode>
                </TextEquiv>
            </TextLine>
            <TextLine id="r3l31" custom="readingOrder {index:14;}">
                <Coords points="1221,981 1979,972 2003,969 2003,891 1863,921 1770,897 1615,926 1221,911"/>
                <Baseline points="1226,965 1264,963 1303,963 1341,963 1380,962 1419,962 1457,962 1496,961 1534,960 1573,960 1612,960 1650,959 1689,959 1727,959 1766,959 1805,957 1843,957 1882,957 1920,957 1959,956 1998,956"/>
                <TextEquiv>
                    <Unicode>¶ An ergo pater posset spirare spiritu</Unicode>
                </TextEquiv>
            </TextLine>
            <TextLine id="r3l33" custom="readingOrder {index:15;}">
                <Coords points="1228,1016 1996,1005 1985,969 1228,978"/>
                <Baseline points="1233,1008 1270,1008 1308,1007 1346,1007 1384,1007 1422,1007 1460,1005 1498,1005 1536,1005 1574,1004 1612,1004 1649,1004 1687,1002 1725,1002 1763,1001 1801,1001 1839,1001 1877,999 1915,999 1953,999 1991,998"/>
                <TextEquiv>
                    <Unicode>ritum scantum: etiamsi per impossibile. posito quod non genera</Unicode>
                </TextEquiv>
            </TextLine>
            <TextLine id="r3l35" custom="readingOrder {index:16;}">
                <Coords points="1231,1058 1996,1056 1996,1005 1231,1022"/>
                <Baseline points="1236,1050 1273,1050 1311,1049 1349,1049 1387,1049 1424,1047 1462,1047 1500,1046 1538,1046 1575,1045 1613,1044 1651,1044 1689,1044 1726,1043 1764,1043 1802,1043 1840,1043 1877,1043 1915,1041 1953,1041 1991,1041"/>
                <TextEquiv>
                    <Unicode>ret filium. Respondetur secundum Scotor. e. di. xii. primi q. ii quod aliqui</Unicode>
                </TextEquiv>
            </TextLine>
            <TextLine id="r3l37" custom="readingOrder {index:17;}">
                <Coords points="1237,1101 2005,1089 2004,1055 1927,1043 1236,1060"/>
                <Baseline points="1242,1092 1279,1092 1317,1091 1355,1091 1393,1091 1431,1089 1469,1089 1507,1088 1545,1088 1583,1087 1621,1086 1658,1086 1696,1085 1734,1085 1772,1083 1810,1083 1848,1083 1886,1083 1924,1083 1962,1083 2000,1083"/>
                <TextEquiv>
                    <Unicode>dicunt quod sic. quia pater est totius deitatis principium. et ita habet</Unicode>
                </TextEquiv>
            </TextLine>
            <TextLine id="r3l39" custom="readingOrder {index:18;}">
                <Coords points="1234,1143 1996,1131 1995,1096 1960,1087 1234,1106"/>
                <Baseline points="1239,1134 1276,1133 1314,1133 1351,1133 1389,1131 1427,1131 1464,1131 1502,1130 1539,1130 1577,1130 1615,1128 1652,1128 1690,1128 1727,1127 1765,1127 1803,1127 1840,1125 1878,1125 1915,1125 1953,1125 1991,1124"/>
                <TextEquiv>
                    <Unicode>omnem fecunditatem apud se. ergo circumscripto filio: potest produ¬</Unicode>
                </TextEquiv>
            </TextLine>
            <TextLine id="r3l40" custom="readingOrder {index:19;}">
                <Coords points="1234,1190 2006,1175 1989,1129 1233,1144"/>
                <Baseline points="1239,1176 1277,1175 1315,1175 1353,1175 1391,1175 1429,1173 1467,1173 1505,1172 1543,1172 1581,1170 1620,1170 1658,1169 1696,1169 1734,1168 1772,1167 1810,1167 1848,1167 1886,1166 1924,1166 1962,1166 2001,1167"/>
                <TextEquiv>
                    <Unicode>cere spiritum scantum. Exntn. Sicut homo indifferenter se habet ad </Unicode>
                </TextEquiv>
            </TextLine>
            <TextLine id="r3l43" custom="readingOrder {index:20;}">
                <Coords points="1237,1226 2006,1221 2005,1180 1973,1173 1236,1189"/>
                <Baseline points="1241,1217 1280,1217 1320,1217 1360,1217 1400,1215 1440,1215 1480,1214 1520,1214 1560,1212 1600,1212 1640,1211 1680,1211 1720,1210 1760,1209 1800,1209 1840,1209 1880,1209 1920,1209 1960,1210 2000,1211"/>
                <TextEquiv>
                    <Unicode>videre et audire. ideo potest videre: non audiendo. et au</Unicode>
                </TextEquiv>
            </TextLine>
            <TextLine id="r3l45" custom="readingOrder {index:21;}">
                <Coords points="1237,1274 1982,1263 2002,1219 1236,1225"/>
                <Baseline points="1241,1259 1278,1259 1316,1259 1354,1259 1392,1257 1430,1257 1467,1256 1505,1256 1543,1255 1581,1254 1619,1254 1656,1253 1694,1253 1732,1251 1770,1251 1808,1251 1845,1251 1883,1250 1921,1250 1959,1250 1997,1250"/>
                <TextEquiv>
                    <Unicode>dire: non videndo. Sed hec opinio non videtur vera. nec</Unicode>
                </TextEquiv>
            </TextLine>
            <TextLine id="r3l47" custom="readingOrder {index:22;}">
                <Coords points="1237,1314 2000,1305 2011,1254 1236,1275"/>
                <Baseline points="1241,1301 1279,1301 1317,1299 1355,1299 1394,1299 1432,1299 1470,1298 1508,1298 1547,1296 1585,1296 1623,1296 1661,1295 1700,1295 1738,1293 1776,1293 1814,1293 1853,1292 1891,1292 1929,1292 1967,1292 2006,1292"/>
                <TextEquiv>
                    <Unicode>valet eius probatio. quia quamuis pater hebeat omnem fecunditatem</Unicode>
                </TextEquiv>
            </TextLine>
            <TextLine id="r3l49" custom="readingOrder {index:23;}">
                <Coords points="1233,1350 1996,1348 1996,1297 1233,1313"/>
                <Baseline points="1238,1341 1275,1341 1313,1341 1350,1341 1388,1341 1426,1341 1463,1340 1501,1340 1539,1340 1576,1338 1614,1338 1652,1337 1689,1337 1727,1337 1765,1335 1802,1335 1840,1334 1878,1334 1915,1334 1953,1334 1991,1332"/>
                <TextEquiv>
                    <Unicode>apud se. tamen habet eam quodam ordie. ita quod voluntas fecun¬</Unicode>
                </TextEquiv>
            </TextLine>
            <TextLine id="r3l51" custom="readingOrder {index:24;}">
                <Coords points="1228,1392 1999,1384 1979,1340 1227,1358"/>
                <Baseline points="1233,1386 1271,1385 1309,1385 1347,1385 1385,1383 1423,1383 1461,1382 1499,1382 1537,1382 1575,1380 1613,1380 1651,1380 1689,1379 1727,1379 1765,1377 1803,1377 1841,1377 1879,1376 1917,1376 1955,1374 1994,1374"/>
                <TextEquiv>
                    <Unicode>da praesuponit intellectum fecundum. Unde intellectus fe¬</Unicode>
                </TextEquiv>
            </TextLine>
            <TextLine id="r3l53" custom="readingOrder {index:25;}">
                <Coords points="1230,1442 1991,1429 2011,1384 1230,1392"/>
                <Baseline points="1235,1427 1273,1426 1312,1425 1350,1424 1389,1424 1427,1423 1466,1422 1504,1422 1543,1422 1581,1422 1620,1421 1659,1421 1697,1421 1736,1421 1774,1420 1813,1419 1851,1419 1890,1419 1928,1418 1967,1417 2006,1416"/>
                <TextEquiv>
                    <Unicode>cundus est prior voluntate. Quod patet per hoc: quia intellectus fe</Unicode>
                </TextEquiv>
            </TextLine>
            <TextLine id="r3l55" custom="readingOrder {index:26;}">
                <Coords points="1239,1477 1989,1474 2005,1431 1239,1438"/>
                <Baseline points="1244,1467 1281,1467 1319,1467 1357,1467 1395,1466 1433,1466 1470,1466 1508,1465 1546,1464 1584,1464 1622,1463 1659,1463 1697,1461 1735,1461 1773,1461 1811,1460 1848,1460 1886,1460 1924,1460 1962,1460 2000,1460"/>
                <TextEquiv>
                    <Unicode>cundus constituit patrem. voluntas autem fecunda non constituitr</Unicode>
                </TextEquiv>
            </TextLine>
            <TextLine id="r3l57" custom="readingOrder {index:27;}">
                <Coords points="1240,1519 2003,1515 2011,1467 1239,1478"/>
                <Baseline points="1244,1509 1282,1509 1320,1509 1358,1509 1396,1509 1434,1508 1472,1508 1510,1507 1548,1506 1586,1506 1625,1505 1663,1505 1701,1504 1739,1503 1777,1503 1815,1503 1853,1502 1891,1502 1929,1502 1967,1503 2006,1503"/>
                <TextEquiv>
                    <Unicode>cum sit communis patri et filio. Denique nec exnteun inductum va¬</Unicode>
                </TextEquiv>
            </TextLine>
            <TextLine id="r3l59" custom="readingOrder {index:28;}">
                <Coords points="1240,1559 2012,1549 2011,1512 1972,1505 1239,1518"/>
                <Baseline points="1245,1554 1283,1553 1321,1553 1359,1551 1397,1551 1435,1550 1473,1550 1511,1548 1549,1548 1587,1548 1626,1547 1664,1547 1702,1547 1740,1545 1778,1545 1816,1545 1854,1545 1892,1544 1930,1544 1968,1542 2007,1542"/>
                <TextEquiv>
                    <Unicode>let ad probandum. quia ibi suppositum scilicet homo absque ordine</Unicode>
                </TextEquiv>
            </TextLine>
            <TextLine id="r3l61" custom="readingOrder {index:29;}">
                <Coords points="1231,1610 2012,1591 2011,1548 1231,1568"/>
                <Baseline points="1236,1595 1274,1593 1313,1593 1351,1592 1390,1592 1428,1590 1467,1590 1505,1589 1544,1589 1582,1589 1621,1589 1660,1587 1698,1587 1737,1587 1775,1587 1814,1586 1852,1586 1891,1586 1929,1586 1968,1585 2007,1584"/>
                <TextEquiv>
                    <Unicode>indserunter se habet ad illos actus plures scilicet ad videre et audi</Unicode>
                </TextEquiv>
            </TextLine>
            <TextLine id="r3l63" custom="readingOrder {index:30;}">
                <Coords points="1240,1642 2017,1633 2008,1591 1239,1605"/>
                <Baseline points="1245,1635 1283,1635 1321,1634 1360,1634 1398,1632 1436,1632 1475,1632 1513,1632 1551,1631 1590,1631 1628,1631 1666,1631 1705,1629 1743,1629 1781,1629 1820,1629 1858,1629 1896,1628 1935,1628 1973,1628 2012,1628"/>
                <TextEquiv>
                    <Unicode>re. ita quod vnum non praesupponit aliud. Sed in proposito: intel</Unicode>
                </TextEquiv>
            </TextLine>
            <TextLine id="r3l65" custom="readingOrder {index:31;}">
                <Coords points="1242,1688 2009,1674 1999,1632 1241,1642"/>
                <Baseline points="1247,1679 1284,1677 1322,1677 1360,1676 1398,1676 1436,1674 1474,1674 1511,1674 1549,1673 1587,1673 1625,1673 1663,1671 1701,1671 1739,1671 1776,1671 1814,1670 1852,1670 1890,1670 1928,1669 1966,1668 2004,1668"/>
                <TextEquiv>
                    <Unicode>ligere et spirare: non sine ordie habent se ad suppositum.</Unicode>
                </TextEquiv>
            </TextLine>
            <TextLine id="r3l67" custom="readingOrder {index:32;}">
                <Coords points="1249,1725 2004,1726 2015,1672 1248,1692"/>
                <Baseline points="1253,1718 1290,1718 1328,1718 1366,1718 1404,1718 1442,1718 1480,1716 1517,1716 1555,1716 1593,1715 1631,1715 1669,1715 1707,1713 1745,1713 1782,1712 1820,1712 1858,1712 1896,1712 1934,1710 1972,1710 2010,1710"/>
                <TextEquiv>
                    <Unicode>prtris. sed vnum praesuponit aliud. ¶ Aliter ergo et verius dicen</Unicode>
                </TextEquiv>
            </TextLine>
            <TextLine id="r3l69" custom="readingOrder {index:33;}">
                <Coords points="1236,1774 2011,1766 2010,1725 1983,1715 1235,1736"/>
                <Baseline points="1241,1763 1279,1763 1317,1761 1355,1761 1394,1760 1432,1760 1470,1758 1508,1758 1547,1757 1585,1757 1623,1757 1661,1755 1700,1755 1738,1754 1776,1754 1814,1754 1853,1754 1891,1752 1929,1752 1967,1752 2006,1752"/>
                <TextEquiv>
                    <Unicode>dum est. quod si per impossibile pater non generaret filium. tunc</Unicode>
                </TextEquiv>
            </TextLine>
            <TextLine id="r3l71" custom="readingOrder {index:34;}">
                <Coords points="1237,1819 1965,1810 2011,1801 2011,1765 1237,1774"/>
                <Baseline points="1242,1806 1280,1805 1318,1803 1356,1803 1394,1802 1433,1802 1471,1800 1509,1800 1547,1799 1585,1799 1624,1799 1662,1799 1700,1797 1738,1797 1776,1797 1815,1797 1853,1796 1891,1796 1929,1796 1967,1795 2006,1794"/>
                <TextEquiv>
                    <Unicode>nec posset spirare spiritum sanctum. Probatio. quia vbi</Unicode>
                </TextEquiv>
            </TextLine>
            <TextLine id="r3l73" custom="readingOrder {index:35;}">
                <Coords points="1240,1855 2004,1851 2011,1805 1240,1816"/>
                <Baseline points="1245,1845 1283,1845 1321,1845 1359,1844 1397,1844 1435,1844 1473,1843 1511,1842 1549,1842 1587,1841 1625,1841 1663,1839 1701,1839 1739,1838 1777,1838 1815,1838 1853,1838 1891,1838 1929,1838 1967,1838 2006,1838"/>
                <TextEquiv>
                    <Unicode>vnus actus primus necessario praesupponit alium actum primum. ibi</Unicode>
                </TextEquiv>
            </TextLine>
            <TextLine id="r3l75" custom="readingOrder {index:36;}">
                <Coords points="1246,1896 1911,1895 2008,1883 2008,1844 1246,1856"/>
                <Baseline points="1251,1887 1288,1887 1326,1886 1363,1886 1401,1886 1439,1886 1476,1884 1514,1884 1551,1884 1589,1883 1627,1883 1664,1883 1702,1881 1739,1881 1777,1880 1815,1880 1852,1880 1890,1878 1927,1878 1965,1878 2003,1877"/>
                <TextEquiv>
                    <Unicode>ecessario verum est. quod actus secundus praesupponit actum secundum. vide¬</Unicode>
                </TextEquiv>
            </TextLine>
            <TextLine id="r3l77" custom="readingOrder {index:37;}">
                <Coords points="1243,1941 2012,1935 2012,1894 1938,1880 1243,1894"/>
                <Baseline points="1248,1931 1287,1929 1327,1928 1367,1928 1407,1926 1447,1926 1487,1925 1527,1925 1567,1923 1607,1923 1647,1923 1687,1923 1727,1923 1767,1922 1807,1922 1847,1922 1887,1922 1927,1922 1967,1922 2007,1923"/>
                <TextEquiv>
                    <Unicode>licet: posterior priorem. sed voluntas fecunda praesupponit in¬</Unicode>
                </TextEquiv>
            </TextLine>
            <TextLine id="r3l79" custom="readingOrder {index:38;}">
                <Coords points="1240,1982 2008,1977 2007,1936 1950,1925 1239,1944"/>
                <Baseline points="1245,1974 1282,1972 1320,1971 1358,1970 1396,1968 1434,1968 1472,1967 1510,1967 1548,1965 1586,1965 1624,1965 1661,1964 1699,1964 1737,1964 1775,1964 1813,1964 1851,1964 1889,1964 1927,1964 1965,1962 2003,1962"/>
                <TextEquiv>
                    <Unicode>tellectum fecundum vt porem. non esi est velle: sine intellige</Unicode>
                </TextEquiv>
            </TextLine>
            <TextLine id="r3l81" custom="readingOrder {index:39;}">
                <Coords points="1240,2023 1928,2024 2011,2010 2011,1978 1240,1982"/>
                <Baseline points="1245,2016 1283,2015 1321,2013 1359,2012 1397,2010 1435,2010 1473,2009 1511,2009 1549,2008 1587,2007 1625,2007 1663,2007 1701,2007 1739,2007 1777,2007 1815,2006 1853,2006 1891,2006 1929,2006 1967,2006 2006,2006"/>
                <TextEquiv>
                    <Unicode>re. ergo etc. Item non existente praeori naturaliter. non potest esse poste</Unicode>
                </TextEquiv>
            </TextLine>
            <TextLine id="r3l83" custom="readingOrder {index:40;}">
                <Coords points="1240,2062 2014,2062 2014,2011 1240,2023"/>
                <Baseline points="1245,2055 1283,2054 1321,2054 1359,2052 1397,2052 1436,2051 1474,2051 1512,2051 1550,2049 1588,2049 1627,2049 1665,2048 1703,2048 1741,2048 1779,2048 1818,2048 1856,2048 1894,2048 1932,2048 1970,2048 2009,2048"/>
                <TextEquiv>
                    <Unicode>rius. Sic non existente animali: non est homo. sed generatio filii est</Unicode>
                </TextEquiv>
            </TextLine>
            <TextLine id="r3l85" custom="readingOrder {index:41;}">
                <Coords points="1248,2109 2009,2095 2008,2061 1945,2052 1247,2059"/>
                <Baseline points="1253,2099 1290,2097 1328,2097 1365,2096 1403,2094 1440,2094 1478,2093 1515,2093 1553,2092 1590,2091 1628,2091 1666,2091 1703,2091 1741,2090 1778,2090 1816,2090 1853,2090 1891,2090 1928,2090 1966,2091 2004,2091"/>
                <TextEquiv>
                    <Unicode>prima et maxime naturalis. ergo. ea non existente: non erit spira</Unicode>
                </TextEquiv>
            </TextLine>
            <TextLine id="r3l87" custom="readingOrder {index:42;}">
                <Coords points="1237,2147 2015,2146 2014,2096 1236,2114"/>
                <Baseline points="1242,2139 1280,2138 1318,2138 1357,2136 1395,2136 1434,2135 1472,2135 1510,2135 1549,2133 1587,2133 1626,2133 1664,2133 1702,2133 1741,2133 1779,2133 1818,2133 1856,2132 1894,2132 1933,2132 1971,2132 2010,2130"/>
                <TextEquiv>
                    <Unicode>rare. Hec Scotor. Sed an pater posset generare fi</Unicode>
                </TextEquiv>
            </TextLine>
            <TextLine id="r3l89" custom="readingOrder {index:43;}">
                <Coords points="1243,2188 1903,2191 2009,2178 2008,2134 1242,2147"/>
                <Baseline points="1248,2183 1285,2181 1323,2180 1361,2178 1399,2178 1437,2177 1474,2177 1512,2175 1550,2175 1588,2175 1626,2175 1663,2175 1701,2174 1739,2174 1777,2174 1815,2174 1852,2174 1890,2174 1928,2173 1966,2172 2004,2172"/>
                <TextEquiv>
                    <Unicode>lium sine spiratione spiritus sancti. Patet responsio</Unicode>
                </TextEquiv>
            </TextLine>
            <TextLine id="r3l91" custom="readingOrder {index:44;}">
                <Coords points="1246,2231 1980,2229 2008,2227 2008,2186 1246,2197"/>
                <Baseline points="1251,2223 1288,2222 1326,2222 1363,2220 1401,2220 1439,2219 1476,2219 1514,2219 1551,2217 1589,2217 1627,2217 1664,2217 1702,2217 1739,2216 1777,2216 1815,2216 1852,2216 1890,2216 1927,2216 1965,2216 2003,2216"/>
                <TextEquiv>
                    <Unicode>ex dictis quod sic. quia prius potest esse sine poste¬</Unicode>
                </TextEquiv>
            </TextLine>
            <TextLine id="r3l93" custom="readingOrder {index:45;}">
                <Coords points="1249,2270 2017,2268 2017,2226 1249,2240"/>
                <Baseline points="1254,2265 1291,2264 1329,2262 1367,2262 1405,2261 1443,2259 1481,2259 1519,2259 1557,2259 1595,2258 1633,2258 1670,2258 1708,2258 1746,2258 1784,2258 1822,2259 1860,2259 1898,2259 1936,2259 1974,2259 2012,2258"/>
                <TextEquiv>
                    <Unicode>riori: secundum intelligendi modum nostrum. tamen ex¬</Unicode>
                </TextEquiv>
            </TextLine>
            <TextLine id="r3l95" custom="readingOrder {index:46;}">
                <Coords points="1251,2320 2014,2303 2001,2260 1250,2272"/>
                <Baseline points="1256,2309 1293,2307 1331,2304 1368,2304 1406,2303 1444,2301 1481,2301 1519,2301 1557,2301 1594,2300 1632,2300 1670,2300 1707,2300 1745,2300 1783,2300 1820,2300 1858,2300 1896,2300 1933,2298 1971,2297 2009,2297"/>
                <TextEquiv>
                    <Unicode>quo voluntas diuina est fecunda: impossibile est</Unicode>
                </TextEquiv>
            </TextLine>
            <TextLine id="r3l97" custom="readingOrder {index:47;}">
                <Coords points="1237,2355 1488,2369 1901,2345 2014,2368 2013,2305 1236,2324"/>
                <Baseline points="1242,2349 1280,2348 1318,2348 1357,2347 1395,2346 1433,2346 1472,2346 1510,2345 1548,2345 1587,2345 1625,2345 1663,2345 1702,2345 1740,2345 1778,2345 1817,2345 1855,2343 1893,2343 1932,2343 1970,2343 2009,2343"/>
                <TextEquiv>
                    <Unicode>non spirare spiritum sanctum. vt patebit in se¬</Unicode>
                </TextEquiv>
            </TextLine>
            <TextLine id="r3l99" custom="readingOrder {index:48;}">
                <Coords points="1237,2407 1256,2415 1274,2400 1333,2407 1353,2395 1374,2404 1403,2391 1420,2404 1442,2408 1440,2361 1418,2356 1391,2362 1359,2354 1333,2364 1307,2358 1297,2367 1269,2356 1236,2371"/>
                <Baseline points="1242,2394 1269,2393 1297,2392 1325,2391 1352,2390 1380,2390 1408,2388 1436,2387"/>
                <TextEquiv>
                    <Unicode>queniibus.</Unicode>
                </TextEquiv>
            </TextLine>
            <TextLine id="line_1611442389243_3084" custom="readingOrder {index:49;}">
                <Coords points="1223,2511 1331,2490 1358,2509 1381,2490 2020,2499 2020,2428 1943,2450 1223,2437"/>
                <Baseline points="1228,2494 1259,2493 1299,2492 1339,2490 1379,2489 1418,2489 1458,2487 1498,2487 1538,2486 1577,2486 1617,2486 1657,2486 1697,2486 1736,2486 1776,2486 1816,2486 1856,2486 1895,2486 1935,2486 1975,2486 2015,2486"/>
                <TextEquiv>
                    <Unicode>¶ De spiratione plura. vbi Procel</Unicode>
                </TextEquiv>
            </TextLine>
            <TextLine id="r3l104" custom="readingOrder {index:50;}">
                <Coords points="1246,2560 1379,2541 1481,2557 1541,2533 1909,2552 1961,2536 1961,2506 1812,2487 1245,2499"/>
                <Baseline points="1251,2538 1286,2538 1321,2537 1356,2536 1392,2535 1427,2534 1462,2534 1497,2534 1533,2532 1568,2532 1603,2532 1638,2531 1674,2531 1709,2531 1744,2531 1779,2529 1815,2529 1850,2529 1885,2529 1920,2529 1956,2529"/>
                <TextEquiv>
                    <Unicode>sio. et vbi Principium. et vbi Spiritus sanctus.</Unicode>
                </TextEquiv>
            </TextLine>
            <TextLine id="r3l109" custom="readingOrder {index:51;}">
                <Coords points="1434,2680 1467,2662 1961,2662 1961,2596 1937,2605 1917,2585 1874,2608 1834,2586 1779,2605 1740,2590 1709,2603 1687,2585 1516,2602 1434,2591"/>
                <Baseline points="1439,2649 1464,2652 1490,2654 1516,2655 1542,2655 1568,2657 1594,2657 1619,2657 1645,2657 1671,2657 1697,2657 1723,2655 1749,2655 1775,2655 1800,2654 1826,2654 1852,2654 1878,2654 1904,2654 1930,2654 1956,2654"/>
                <TextEquiv>
                    <Unicode>Piritusscus. Q</Unicode>
                </TextEquiv>
            </TextLine>
            <TextLine id="r3l112" custom="readingOrder {index:52;}">
                <Coords points="1417,2712 2014,2710 2014,2661 1417,2676"/>
                <Baseline points="1422,2703 1451,2702 1480,2702 1510,2702 1539,2702 1568,2702 1598,2702 1627,2703 1656,2703 1686,2703 1715,2703 1744,2703 1774,2703 1803,2702 1832,2702 1862,2702 1891,2702 1920,2700 1950,2700 1979,2700 2009,2699"/>
                <TextEquiv>
                    <Unicode>ca hoc primo quaritur. Unde spiritus denominatur.</Unicode>
                </TextEquiv>
            </TextLine>
            <TextLine id="line_1611442389244_3086" custom="readingOrder {index:53;}">
                <Coords points="1232,2730 2012,2722 2012,2752 1973,2754 1232,2760"/>
                <Baseline points="1232,2750"/>
            </TextLine>
            <TextEquiv>
                <Unicode>vidieliet quod communiora sted praeora secundum naturam Et ptunit vbiOr
do. §. ii. Spiratio enim actiua est communior quam generateon
actiua in divinis. quia illa est communis patri et filio. sed hec propa
tatum patri. ergo spiratio praecedit gignitionem. Respondet doc. subti
in i. dist. vii. et cum eo Guil. vbi. supra. quod esse conune potest capi
dupliciter. Uno modo quiditatiue. et sic verum est quod communiora sed
praeora. sicut animal quam homo. vt dicit hec regula. Alio modo solun
consecutiue: per modum consequentie. Sicut est bomoa consequentia. Est
gnis. ergo est calidus. sed non econtra et sic non est verum. Nam esse ca¬
lidum: licet sit communius quam esse ignem. tamen non est prius igne in ipsor
et econuerso. quia ignis est causa caloris sui. ita in proposito.
ex qua spiratio actiua non est de ee quiditatiuo patris vel
filii. sed quasi aduenticia. Ion non sequitur quod sit prior gigni
tione actiua. imo est posterior. Hec Guil.
¶ An ergo pater posset spirare spiritu
ritum scantum: etiamsi per impossibile. posito quod non genera
ret filium. Respondetur secundum Scotor. e. di. xii. primi q. ii quod aliqui
dicunt quod sic. quia pater est totius deitatis principium. et ita habet
omnem fecunditatem apud se. ergo circumscripto filio: potest produ¬
cere spiritum scantum. Exntn. Sicut homo indifferenter se habet ad 
videre et audire. ideo potest videre: non audiendo. et au
dire: non videndo. Sed hec opinio non videtur vera. nec
valet eius probatio. quia quamuis pater hebeat omnem fecunditatem
apud se. tamen habet eam quodam ordie. ita quod voluntas fecun¬
da praesuponit intellectum fecundum. Unde intellectus fe¬
cundus est prior voluntate. Quod patet per hoc: quia intellectus fe
cundus constituit patrem. voluntas autem fecunda non constituitr
cum sit communis patri et filio. Denique nec exnteun inductum va¬
let ad probandum. quia ibi suppositum scilicet homo absque ordine
indserunter se habet ad illos actus plures scilicet ad videre et audi
re. ita quod vnum non praesupponit aliud. Sed in proposito: intel
ligere et spirare: non sine ordie habent se ad suppositum.
prtris. sed vnum praesuponit aliud. ¶ Aliter ergo et verius dicen
dum est. quod si per impossibile pater non generaret filium. tunc
nec posset spirare spiritum sanctum. Probatio. quia vbi
vnus actus primus necessario praesupponit alium actum primum. ibi
ecessario verum est. quod actus secundus praesupponit actum secundum. vide¬
licet: posterior priorem. sed voluntas fecunda praesupponit in¬
tellectum fecundum vt porem. non esi est velle: sine intellige
re. ergo etc. Item non existente praeori naturaliter. non potest esse poste
rius. Sic non existente animali: non est homo. sed generatio filii est
prima et maxime naturalis. ergo. ea non existente: non erit spira
rare. Hec Scotor. Sed an pater posset generare fi
lium sine spiratione spiritus sancti. Patet responsio
ex dictis quod sic. quia prius potest esse sine poste¬
riori: secundum intelligendi modum nostrum. tamen ex¬
quo voluntas diuina est fecunda: impossibile est
non spirare spiritum sanctum. vt patebit in se¬
queniibus.
¶ De spiratione plura. vbi Procel
sio. et vbi Principium. et vbi Spiritus sanctus.
Piritusscus. Q
ca hoc primo quaritur. Unde spiritus denominatur.</Unicode>
            </TextEquiv>
        </TextRegion>
    </Page>
</PcGts>
