2237 3301
159 263 941 330 necessaria. Et nota secundum Scotorlis. e. di. x. quod hec quost
177 322 950 373 non est de necessitate coactionis. quia illa non potest esse
175 361 946 411 in deo: sed de necessitate naturalis determinatio¬
174 406 953 454 nis: vel requisite perfectionis. vel immutabilitatis eter¬
181 448 956 500 ne. vt habetur vbi Seneratio. §. xxxi. xxxii. et vbi
187 484 942 545 Necessitas. Et arguitur. quia voluntas divina est libera
171 539 935 588 et contingens ad vtrumlibet. ergo non necessario producit
213 568 944 617 ¶ Itaque ad quesitum hoc Respondetur secundum Guil. e. di. x
179 624 940 669 contor. Scotorlis. per conclusionem. Quod licet productio spiri
181 659 947 709 tus sancti a libero principio procedat. summa tamtm ne¬
184 701 953 753 cessitate completur. Probatio. Illud est summe ne¬
178 742 944 798 cessarium produci: quod cum summe necessario idem est essen
181 787 951 837 tialiter: nec potest non esse. sed spiritus sancti productio est
184 826 947 870 huiusmodi. ergo est necessaria. Maior patet. quia si non esset summe
178 864 950 917 necessarium spiritum scantum esse vel produci. sequitur quod stante sum¬
184 912 937 961 me necessario id est deo: posset destrui spiritus sanctus. et per consequens
184 952 956 1002 non esset idem in essentia cum eo. et sic iplicaret. Sed mi¬
178 999 960 1048 nor patet: quia omnia quae sunt in deo se idem quod essentia di
184 1042 950 1090 uina: identitate essentiali. vt patet extra de sum. trini
172 1082 953 1135 at fide ca damnamus. ergo sequitur quod est summe necessaria.
193 1132 942 1178 ¶ Ex his eliditur error Macedonum. qui posuit quod
175 1164 942 1219 spiritus sanctus e creatura. et ita esset contingens: cum omnis
178 1208 944 1259 creatura est contingens. et sic sequeretur quod in deo sum¬
178 1250 953 1300 me perfecto non esset productio nobilissima. scilicet ne
178 1293 724 1353 cessaria. sed ignobilis scilicet contingens.
166 1321 947 1408 ¶ Sed adhuc restat dubium: quomodo po
181 1393 941 1440 test ncario principiare spiritum scantum vel producere volun
172 1435 947 1481 tas diuina: cum sit libera summe. Quo ergo potest stare
175 1478 941 1534 necessitas cum libertate: quae inquantum libera: contingens
172 1522 955 1567 est ad vtrumlibet. Ad hac Scotorlis. et Guill. ponunt
184 1559 941 1603 diuersos modos respondendi. Sed aliis dimissis:
178 1599 950 1660 secundum viam doc. subti. Dicendum est melius. quod ibi est li¬
175 1646 944 1692 bertas et necessitas ¶ Unde notadum inquit Scotor.
178 1691 948 1739 quod Uoluntas potest considerari dupliciter. Uno modo vt
181 1732 938 1781 natura. et sic producit de necessitate. Alio modo inquan
175 1771 939 1827 tum libera: et sic producit contingenter. sed sic non est prin¬
184 1814 936 1871 cipium spiritus sancti. vt dicunt quidam opinando. Proit
172 1853 941 1903 de secundum doc. subti. in Reportatis parisius: ibi est liber
184 1903 947 1954 tas et necessitas. quia sicut natura habet suam propriam neces¬
178 1942 932 1984 sitatem (scilicet inquantum determinata est ad vna partem con
166 1973 947 2041 tingentie) et etiam habet suam contingentiam: inquantum potest
172 2025 947 2074 deficere. Ita libertas habet suam necessitatem et suam con
175 2065 950 2119 tingentia. Et dicit. quod qui potest capere capiat. Nam ne¬
178 2113 941 2155 cessitas naturalis non stat cum libertate. sed necessitas
178 2160 951 2203 voluntatis bene stat cum libertate. Hec Scotor. De¬
181 2199 944 2254 nique Guil. vbi. supra. cum doc. subti dicit. Quod necessitatis
178 2237 944 2292 hus causa est infinitas divine essentie et divine voluntatis;
175 2281 950 2332 non inquantum voluntas: quia sic voluntas non habet se ne¬
181 2319 935 2376 cessario circa finem: nec circa ea quae st ad fine scilicet inquat
168 2361 938 2411 tum voluntas. Sed ratio hus necessitatis est ex voluntate infin
174 2405 941 2453 ta: et obiecto infinio scilicet essentia divina: quia ipsa volun
171 2446 947 2497 tas infinita necessario contemplatur divinam essentia infinitam:
181 2490 944 2535 licet inquantum voluntas sit libera. Et quamuis Fran. ma¬
180 2532 938 2583 ipugnet hec dcam. tamen non est curandum. quia doc. sbti. praefertur
168 2570 947 2651 ¶ Sed difficultas restat: quo spiri
175 2627 944 2690 tus sanctus producitur per actum voluntatis. cum nihil producit
171 2681 940 2752 peractum voluntatis: nisi praecognitum. secundum Augu. xv. de
1023 267 1802 339 Trinitate sed spiritus sanctus non est praecognitus. Nes
1024 336 1812 387 cognitione abstractiua quia illa est imperfecta. nec intui¬
1020 378 1812 421 tiua quia illa est respectu obiecti existentis s. sius autem
1024 417 1803 467 non existit antequam producatur. ergo etc. ¶ Respondetur secundum Sco¬
1033 457 1802 513 torlis. e. di. x. quod sicut in nobis necesse est obiectum es
1027 494 1805 556 praecognitum vt ametur actu amoris sed non oportet ipsam
1024 545 1803 599 dilectionem esse praecognitam. sic in proposito sufficit quod
1027 588 1808 632 obiectum est praecognitum puta essentia diuina sed non
1026 630 1802 680 oportet dilectionem ipsam esse praecognitam. videlicet spiritum
1032 664 1805 728 sanctum. Unde aliud est obiectum dilectum praecognosci et
1027 713 1505 782 aliud dilectionem esse praecognitam
1096 749 1795 824 ¶ Utrum spiritus sanctus procedat per mo¬
1032 809 1798 870 dum liberalitatis et amoris vel charitatis Responde¬
1032 858 1814 918 secundum Bonauen. in primo dist. x. q. i. ii et iii quod sic Ratio
1030 907 1808 953 quia in istis inferioribus duplex inuenitur nobilis mo
1026 949 1817 1002 dus producendi videlicet per modum nature. vt est in
1032 991 1802 1038 generatione et per modum voluntatis. sicut amor ab
1036 1035 1811 1082 amante vel donum liberaliter datur a datore. Sed quia
1030 1078 1811 1127 omne quod est nobilitatis in creatura deo perfectissi¬
1032 1121 1802 1169 me est attribuendum Ideo istis modis est productio
1033 1162 1805 1214 in deo. Primo enim modo scilicet per modum nature ema
1033 1200 1799 1246 nat filius a patre. Et secundo modo scilicet per modum volunta
1030 1245 1808 1290 tis vel amoris et liberalitatis emanat sius. Unde sicu
1023 1285 1805 1333 in diuinis naturam existente fecundissima non est pos¬
1030 1329 1814 1376 flbile vt non generetur filius ita et ibi existente perfectissi¬
1033 1371 1805 1422 ma emanatione et perfectissima dilectione ac libera¬
1036 1412 1802 1465 lissima voluntate non est possibile vt non produca
1023 1460 1811 1504 tur spiritus sanctus ¶ An ergo spiritus sanctus dicatur
1021 1495 1730 1542 amor spiratus vide vbi Sapicntia. §. xiiii.
1029 1536 1795 1613 ¶ Sed quomodo differt a productone
1021 1598 1808 1656 spiritus sancti productio creature: cum et ista sit per mo¬
1021 1654 1809 1699 dum voluntatis et liberalitatis vel amoris Responde
1024 1688 1796 1736 tur secundum Bonauen. ibidem quod emanare per modum
1018 1724 1811 1774 voluntatis vel liberalitatis est dupliciter. Uno modo
1023 1771 1811 1816 sicut volitum vel amatum siue datum. Secundo modo sicut
1020 1815 1796 1859 ratio volendi vel amandi aut donandi. Primo modo
1017 1855 1796 1907 emanant creature. Secundo modo spiritus sanctus quia ratio
1030 1893 1810 1948 volendi et donandi est intrinseca perfectissime volun
1020 1940 1801 1987 tati diuine. Item aliis pluribus modis differentia assi¬
1029 1982 1808 2047 gnatur. quia emanatio creature est ad extra. Sed spiritus
1030 2022 1810 2070 ancti ad intra. Item illa est contingens hec neces¬
1027 2061 1801 2114 saria Item illa est distans in natura et in equali¬
1029 2108 1807 2156 tate producente. hec in equalitate nature et identita
1021 2148 1642 2202 te ac virtutis et infinitatis et sic de aliis.
1092 2188 1795 2261 ¶ Utrum spiritus sanctus sit nexus
1023 2254 1802 2303 amborum scilicet patris et filii vel vnitas: Respondetur secundum
1030 2295 1811 2343 Bona. e. di. x. per. ii. q. ii quod nexus siue vnitas am¬
1023 2335 1808 2383 borum proprie dicitur de spiritu sancto vt patet per Aug. vii.
1033 2378 1802 2425 de trini. Ratio huius est quia pater et filius communicant in spi¬
1021 2422 1810 2472 ritu sancto. ergo est amborum vnitas Nam ambo sunt vnum
1023 2468 1792 2519 principium spiritus sancti vt patuit vbi Princi
1032 2514 1804 2558 pium. §. iiii. Rursum. iste spiritus est amor Ionque communicant
1029 2548 1802 2596 in eo vt in vno amore. et quia amor propriissime
1023 2594 1804 2637 notus est ideo proprie spiritus sanctus nexus dicitur am¬
1027 2630 1802 2679 borum quia amor mutuus est amor vnicus et substan
1016 2669 1816 2742 tificus Cum enim pater et filius sint distincti per¬
