2230 3277
390 256 1160 327 pture. Nam Gal. iii. apstolus dicit. Misit deus spiritum filii.
386 315 1155 368 sui in corda v. Ecce dicit spiritum filii etc. Idem Rho. viii
387 352 1153 404 Qui spiritum christi non habet hic non est eius. Item christus
396 396 1153 450 Ioam. xv. dicit Cum venerit paracletus quem ego mittam vo
391 436 1165 487 his a patre spiritum veritatis qui a patre procedit etc. Ecce dicit
402 489 1156 537 quod ipse mittit filius spiritum sanctum qui est spiritus patris et spi
398 521 1162 580 ritus veritatis id est filii. ergo habetur propositum. Alias auctoritates
392 567 1156 615 causa brevitatis transeo etc. ¶ Secundo probatur determiati
402 603 1162 657 one ecclesie. extra de sum tri. et fid. cath. Hec autem
394 657 1156 696 maxima et certissima vt ponit Aug. in epistola contra Do¬
394 692 1165 739 uatis. ¶ Tertio probatur ratione. Primo secundum Bonauen.
402 732 1153 778 supra. quia omnes fideles tam greci quam latini concedunt quod
404 770 1166 829 spiritus sanctus procedit per modum amoris. et quod donum est
403 819 1160 866 ac donatur homnibus a filio sicut datus est a christo apo
399 861 1166 910 stolis. vt patet per scripturas. Sed amare non tantum est pa
396 895 1163 951 tris sed etiam filii. Et quia non datur nisi a quo procedit. ergo etc
403 936 1166 989 Secundo secundum Fran. mayro. quia pater producit sibi equalem
394 978 1163 1032 filium. ergo communicat ei omnem vim productiuam quae sibi non re¬
404 1020 1172 1079 pugat. Sed vis productiua spiritus sancti id est spiratio actiua
400 1064 1165 1118 non repugnat filio. ergo eam sibi communicauit. Alio quin non
403 1111 1172 1159 equalem genuisset. ergo etc. Tertio secundum doc. communiter. quia vt
401 1146 1163 1206 probat Rich. de san. vic. vi. de tri. Inter personas di
399 1193 1166 1247 uinas debet esse summa germanitas. sicut et summa
410 1229 1156 1285 amicicia. Sed quia maior germanitas est inter di¬
400 1273 1165 1325 os quando vnus procedit ab altero. et ambo a tertio quam
402 1316 1159 1365 si vnus nil habeat ab altero. Hec patet. Nam maior i.
399 1356 1171 1417 germanitas filii ad patrem quam fratris ad frem. Si ergo
417 1397 1171 1454 piritus sanctus non est a filio. sequitur quod ibi non est summa ger
409 1440 1165 1495 manitas inter filium et spiritum sanctum. et per consequens nec summa
393 1479 1165 1533 amicicia. ¶ Ultimo probatur secundum doc. subti. et Sco¬
400 1519 1166 1575 tis. sic In quocumque repritur aliquod principium productiuum sic
404 1562 1172 1615 ne omni imperfectione non habens terminum adequatum
408 1611 1172 1664 seu productu: illud habens: potest producere ipso principio
405 1645 1169 1708 etsi necesse est esse necessario producit. Sed filius si
406 1688 1168 1741 cut et pater in diuins habet principium productiuum spiritus
418 1727 1171 1788 ancti sine imperfectione. quia habet voluntatem fecundam
408 1774 1165 1828 non habentem terminum seu productum adequatum priusqua
413 1816 1175 1869 ponatur spiritus sanctus. ergo filius sicut et pater potest producere
405 1853 1168 1908 spiritum sanctum. Et quia necesse est esse in filio voluntatem fi
408 1898 1181 1949 cundam communicatam a patre. ergo necsario producit spiritum sanctum
420 1945 1171 1995 Maior patet. quia implicat aliquid ese principium product
420 1989 1181 2031 uum in aliquo. et quod illo nil possit produci. Mior decla
416 2022 1168 2076 ratur. Nam pater in primo signo habet intellectum et voluntati
417 2066 1187 2118 quae secundum quod sunt potentie ordinate. ita exeunt in productio¬
412 2111 1181 2156 nes suas. Cum ergo intellectus natura praecedit voluntatem.
406 2151 1178 2209 ita primo pater intellectum producit filium. et eum producendo
417 2189 1189 2242 communicat sibi voluntatem fecundam quae prius quam ponatur spi
423 2230 1180 2283 ritus sanctus: nondum habebat productum vel terminum
416 2274 1189 2323 adequatum. Ideo per consequens pater et filius per voluntatem fe
417 2307 1183 2370 cundam ambo producunt spiritum sanctum. ¶ Exnaen ad hec
435 2356 1187 2416 Ignis eim habet duo opera scilicet calefacere et desiccare nec
426 2401 1186 2455 pet desiccare nisi prius calefaciat. Ponatur est quod ignis
435 2441 1180 2492 ommunicet liergo eandem virtutem numero desiccatiua vicem quam
420 2484 1189 2534 habet mediate calore anquam desiccet. tem lignum eadem virtu
418 2524 1181 2593 te qua ignis desiccabit. sic in proposito. Hec ex Guil
474 2582 1183 2659 ¶ Utrum spiritus sanctus distingueretur a
429 2644 1190 2715 filio etiamsi non procederet ab illo sed a solo patre vt cre¬
1228 261 1997 316 dunt greci: Ad hoc opientio Tho. per i. q. xxxvi. ar. ii.
1222 311 1981 358 icit quod non distingueretur realiter. Ratio precipua eius est quia
1225 345 1997 398 dicente Damasceno libro i. omnia sunt vnum in diuins vbi
1227 387 1996 444 non obuiat relationis oppositio. ergo persone distinguuntur
1227 431 1987 492 non per aliquid absolutum sed per relationes oppositas tam
1236 470 1990 530 quam per differentias proprias cadentes in aliquo commi scilicet in essen¬
1223 514 1988 566 tia. Sed si spiritus sanctus non procederet a filio non habe¬
1228 558 1987 614 ret relationem oppositam ad ipsum. ergo non distingueretur
1230 608 1981 652 realiter ab ipso et sic tolleretur fidei veritas trinitatis
1230 640 1991 696 Maior patet Sed Mior declaratur quia in diuins non si
1228 683 1993 736 alie relationes opposite nisi origis. Que accipiuntur
1224 723 2009 770 secundum quod est principium a nullo. sic pater. Et secundum quod est a prin
1224 765 1991 823 cipio vel ab alio. sicut est filius Si ergo spiritus sanctus non
1233 816 1999 862 procederet a filio ita esset a principio vel ab alio sicut
1224 853 2008 903 filius. ergo non distingueretur quia nec poneretur relatio ori¬
1233 898 2005 950 ginis inter filium et spiritum sanctum per consequens essent idem
1228 941 2005 991 realiter Sed salua reuerentia tanti doc. Hec ratio est in
1234 971 2008 1027 ualida vt patebit secundum Scotis ¶ Unde alia est opio
1243 1016 2006 1068 Scotis. melior quod etiamsi spiritus sanctus non procederet a
1242 1065 1997 1113 filio nihilo minus distingueretur a filio realiter Pro
1236 1104 2011 1153 batio. quia quicquid est principium essendi est principium
1236 1146 2006 1200 cogscendi et distiguendi. Ex ii. metaph. sed dato quod sss
1228 1191 2017 1241 non procederet a filio adhuc filius filiatione esset filius. et
1237 1229 2018 1283 spiritus sanctus spiratione passiua esset spiritus sanctus. ergo se¬
1233 1277 2011 1325 ipis distinguuntur. Ite iste productiones adhuc essentis
1239 1316 2005 1363 distincte quia filius produceretur productione nature. et
1248 1363 2015 1410 pus sanctus productione voluntatis secundum Aug. et quia
1233 1399 2011 1450 haberent terminos totales distinctos et relatio¬
1240 1441 2012 1491 nes constitutiuas disparatas scilicet generari et spirari. ergo
1236 1484 2012 1532 realiter distinguerentur facta hy pothesi id est suppone praedi
1246 1526 2012 1574 cta. licet non per relationes oppositas tamen per relationes dis¬
1248 1568 2012 1614 paratas. ¶ Unde nota secundum e. Scotorlis. quod aliqua possunt
1249 1608 2015 1658 distingui vel per relationes oppositas: quae sunt a nullo
1242 1654 2012 1700 esse. et ab aliquo esse sicut pater distinguitur a filio et spi¬
1236 1696 2029 1748 ritu sancto. vel per relationes disparatas. sicut esset in pro¬
1246 1736 2021 1787 posito si spiritus sanctus non procederet a filio Ioeo Greg.
1240 1778 2027 1831 namanmenus qui fuit Grecus dicit filius et spiritus sanctus gemi¬
1243 1824 2026 1871 nus patris radius vsque ad nos miserunt claritatem suam
1251 1862 2021 1918 Si ergo facta hypothesi dicta esset duo radii ergo distin
1236 1906 2029 1958 cti. Et per hec patet solutio argumenti Thome. supra. po
1246 1947 2030 1994 siti ¶ Sed obiicitur a thomistis. quod si relationes dispera
1243 1986 2029 2035 te possent sufficientur distinguere personas. cum in patre
1245 2031 2015 2077 sint due relationes tales. puta generatio et spiratio
1251 2073 2020 2120 actiua. ergo pater est due persone. Dicendum negando conse¬
1252 2115 2027 2165 quentia quia relationesactie disparate non sunt diuersarum
1263 2156 2029 2216 stitutine personarum sicut gratiare et spirare in patre. ergo nec
1251 2195 2028 2260 sunt distinctiue Sed passiue sicut generari et spira
1252 2241 1776 2286 ri sunt constitutiue ergo distinctiue etc.
1305 2274 2044 2351 ¶ Sed difficultas restat quia spiri
1257 2351 2024 2399 tus sanctus habet se ad filium sicut filius ad patrem. Et patet quia
1257 2383 2018 2441 sicut filius respectu patris est secunda persona Ita spiritus sanctus
1252 2429 2030 2479 respectu filii tertia persona Et sicut pater respectu filii habet
1248 2470 2030 2514 intellectum fecundum ita filius voluntatem fecundam respectu
1252 2510 2030 2556 spiritus sancti. ergo est similitudo Sed si pater non produceret in
1246 2555 2036 2601 filium tunc filius non distingueretur a patre. ergo a similius si filius non
1248 2591 2035 2649 produceret spiritum sanctum tunc spiritus sanctus non distingue¬
1255 2644 2039 2706 retur a filio Minor ista patet quia si pater non produceret
