2240 3348
204 266 973 341 intellectione intuitiua corpus christi sub sacra¬
205 317 972 384 mento: licet non plenarie sed in generali inquantum est
208 361 971 424 deo possibile. Et suo modo dicedum de aliis abscon¬
207 405 967 470 ditis mysteriis fidei. Sed plenarie cognitio in¬
217 467 974 511 tuiua talium est per gloriam et reuelationem dei vel au
211 501 962 549 toritatem scripture sacre: vt patet de demonibus
223 543 364 604 infra. §. vi
237 581 961 661 ¶ Quid de anima christi. Cum
214 648 965 702 em ipsa naturaliter nouit seipsam: et vbicumque est
209 688 965 744 plenarie nouit se esse: quia cognitionem habet perfe
222 734 967 778 ctissimam. sed quia in eucharistia est. ergo huiusmodi exi¬
210 770 970 818 stentiam potest videre naturali intellectione. Dicen
214 814 973 863 dum est secundum Guill. et Richar. de meud. vil. super est.
211 859 962 909 iiii. sententiarum. dist. x. quod quamuis visu non beato nequia
219 904 964 946 videri corpus christi in eucharistia scilicet intuitiue et
210 943 961 991 plenarie: vt praedictum est. Ueruntamen ab intellectu
213 985 964 1034 beato potest videri per gloriam plenarie. Et quia
216 1022 971 1070 anima christi a principio sue conceptionis fuit beata secundum
210 1065 968 1116 partem superiorem rationis: ideo non mirum quod sui
208 1108 965 1151 existentia supernaturalem in sacramento nouit ple¬
207 1148 970 1206 narie per gloriam et etiam per naturam communiunctam
202 1195 322 1234 deitati
229 1224 969 1310 ¶ Utrum mali angeli cognoscant
208 1303 966 1352 trinitatis divine sacramentu: et eucharistie my¬
208 1343 965 1394 sterium: atque ea que sunt articulorum fidei: Respo¬
214 1385 959 1434 detur secundum praedictos Scotist. et Aureo. ac Tho. super
220 1422 962 1470 iiii. dist. x. alios quam communiter doctores: quod quamuis
213 1465 969 1519 demones ex vi sue nature possint facere se praesen¬
201 1506 970 1555 tes sacramento eucharistie: et in praesentia audire
205 1549 965 1598 trinitatis mysteria et aliorum articlorum fidei ex scri¬
216 1595 958 1647 pturis. tame intelligere plenarie omnia non possunt
205 1639 964 1685 nec intuit iue videre. Ratio. quia talia sunt supra na
214 1674 968 1721 turales rationes. Cognitio autem naturalis quam ha¬
213 1716 964 1761 bent demones et anime separate nondum beate non est
211 1760 971 1806 supra rationem naturalem: sed iuxta eandem. vt pa¬
213 1801 965 1846 tuit supra. §. iiii. Unde etiam angeli boni non secundum
207 1848 956 1897 rationem naturalem apprehendunt diuina mysteria quae
211 1886 963 1941 sunt supra naturalem rationem. sed apprehendunt per
211 1929 959 1972 gloriam. Et quia demones et anime separate nondum
220 1970 971 2019 btem carent gloria: ideo non cogscunt naturaliter plena¬
222 2011 971 2059 rie nec intuitiue ipsa fidei mysteria. sed tantum ex au¬
210 2050 965 2098 toritate scripture et in generali prout deo possibilia
217 2095 968 2164 Ex qua cognitione fit quod demones credunt et con¬
207 2134 530 2185 tremiscunt: Iaco. ii
247 2166 974 2257 ¶ An angeli: trinitatis divine et
219 2240 974 2294 ndei mysteria plenarie coguerint ab initio mun¬
213 2282 965 2327 di: Et arguitur quod sic. quia angeli boni ab initio mun
220 2323 969 2382 di sunt in gloria confirmati. ergo sequitur quod per glo¬
205 2372 957 2420 riam habuerunt noticiam talium in deo. Sed in op
207 2407 968 2457 positum est quod ait Apostolus Eph. iii. Sacramentum
217 2448 953 2498 scilicet christi fidei absconditum a seculis inquit in deo
214 2495 968 2541 qui omnia creauit vt innotescat principibus et po¬
211 2538 963 2583 testatibus in celestibus. glo. id est angelis: per eccle¬
211 2574 965 2631 siam id est per apiulorum praedicationem. Respondetur secundum Lyram
208 2616 968 2665 in postil. ibidem. cocor. Bonauen. in. ii dist. iii. per.
210 2658 964 2708 iii. ar. ii. q. i. quod angeli sancti quamuis a principio sue
205 2701 962 2760 glorificationis viderum diuinam essentiam et etiam
1026 281 1802 344 trinitatem diuinarum personarum: ac mysteria fidei christi
1033 340 1796 384 Tamen non ita perfecte et plene cognouerunt ventu¬
1032 376 1799 427 ra scilicet quod pater mitteret filium et spiritums sanctum in mun
1038 417 1800 475 dum et manifestaret diuinam trinitatem omnibus do¬
1035 464 1799 513 nec praedicantibus apostolis fuit impletum. quia ante ha¬
1033 502 1808 550 buerunt tantummodo simplicem noticiam que potest dici
1039 548 1802 596 abstractiua inquantum est rei non praesentis. sed quando fu¬
1029 589 1799 640 it impletum habuerunt noticiam experimentalem siue in¬
1027 632 1799 682 tuitiuam. sicut astrologus per motum celi certitudina¬
1035 670 1796 721 liter cognoscit eclipsim futuram. tamen adhuc perfe¬
1032 717 1792 762 ctius cognoscit quand videt eam actum existentem. vnde
1033 757 1796 811 cum dicit apistuolus ibi: per ecclesiam. ly per: non im¬
1036 798 1798 851 portat causalitatem: sic intelligendo quod apostolis vel ec¬
1030 842 1799 891 clesia docuerint angelos dici christi mysteriis. quia
1033 885 1804 928 et conuerso fuit: vicem quod angeli docuerunt eos. quia
1044 921 1796 967 per angelos divine reuelationes deferuntur ad ho
1036 968 1801 1021 mines. Intelligendum est ergo sic quod apostolis praedicanti¬
1026 1005 1802 1052 bus fidem trinitatis reuelatam explicite a christo in
1036 1050 1802 1096 euangelio et mysteria christi: et gentibus actu conuer¬
1033 1085 1798 1145 sis ad fidem: viderunt angeli intuitiue fidem my
1027 1132 1795 1181 steriorum christi in gentibus iam manifestatam actu:
1041 1177 1801 1224 quam manifestationem non sic viderant intuitiue an¬
1026 1221 1786 1267 tea. Unde licet quo ad cognitionem qua necessaria est
1026 1262 1795 1308 de trinitate et christi mysteriis ad gloriam essenti¬
1027 1304 1799 1354 alem a principio angeli vicem beati fuerunt perfecte il¬
1036 1344 1798 1392 luminati. tamen quo ad gloriam accidentalem postea
1026 1384 1790 1436 profecerunt experientia et reuelatione et industria pro¬
1024 1432 1796 1496 pria conferendo. Et pro tanto dicuntur non plene an¬
1035 1469 1271 1531 tea cognouisse.
1047 1505 1792 1589 ¶ Sed an possit esse quod angeli vi
1033 1569 1799 1627 dentes diuinam essentiam non videant omnia con¬
1026 1617 1783 1659 tenta in ipsa: Arguitur. quia Gregorius. iiii. dialis. dicit
1030 1657 1790 1703 Quid est quod non videant qui videntem omnia vident.
1024 1703 1793 1752 Exemplum de speculo quae viso videntur ea que resplen¬
1031 1742 1790 1786 dent in eo. Respondetur secundum Tho i. par. q. xii. art.
1027 1784 1803 1828 viii. concor. Guil. in primo. dist. xliiii. et Fran. di.
1030 1826 1796 1872 xlvii. primi. quod intellectus creatus videns essentiam
1035 1868 1799 1917 diuinam: non propterea videt omnia secreta in deo: nec
1034 1908 1790 1959 omnia que facit vel facere potest vel vult deus.
1029 1955 1801 1999 quia omnia illa videre esset comprehendere dei infini¬
1034 1992 1798 2040 tam sctiam et virtutem. sed videt tantum ea que deus vult
1032 2029 1795 2083 videri in ipso a beato: vt dicit Augustinus. Uerum¬
1035 2074 1790 2125 tamen quanto quis beatorum plura in deo videt: tan¬
1035 2119 1795 2172 to perfectius videt. sed omnia videre non potest nisi
1023 2163 1790 2213 diuinus intellectus qui solus seipsum comphendit.
1032 2205 1792 2254 Ad autoritatem autem Gregorii dicedum quod intelligen¬
1035 2249 1793 2294 da est quantum vnicuique sufficit ad suam gloriam videtur
1031 2284 1795 2337 quisque beatorum omnia sibi expedientia. sicut et in specu¬
1026 2327 1798 2379 lo viso non est necesse omnia videri nisi speculu totum
1033 2374 1793 2421 visu comprehendat. sed speculum diuinum est incompre
1039 2418 1787 2463 pesibile creature. Nam si singuli viderent omnia in deo
1031 2446 1798 2509 anon essent reuelationes superiorum ad inferiores. ¶ Si di
1032 2491 1796 2543 cas. Quomodo ergo quietabitur appetitus beati in deo qui semper natraliter
1023 2539 1789 2587 scire desiderat: ex i. Meta. Dicendum quod bene quietabitur
1023 2580 1781 2641 quia semper tantum videt in deo quantum est capax et sufficit sibi.
1038 2635 1801 2716 ¶ De cognitione angelorum et de
1026 2705 1726 2773 angelis plurima li. ii. §. lxvii. et consequentur.
