2235 3292
387 279 1171 343 Et filius dicitur principium secundarium. tamen pater non potest dicti
399 330 1165 384 primum principium spiritus sancti proprie loquendo. Sed bene de¬
393 381 1178 427 pater cum filio vnum principium spiritus sancti. etc. Hec ex Tho.
400 413 1171 515 ¶ Utrum concedatur quod pater spirat spiritum
408 491 1171 553 anctum per filium: Ad hoc Fra. may. e. di. xi. q. i. ar. ii dici
406 539 1157 587 quod spirare per filium potest intelligi quadrupliciter. Prim
403 574 1178 631 vt per principium productiuum. sicut ignis calefacit per calorem
396 612 1171 670 Secundo sicut per instrumtum. prout faber dicitur secare per ser¬
402 667 1166 714 ram Tertio sicut per causam secundam. intelligendo scilicet proprie di
396 696 1175 761 ctam vt docet Guil. e. di. xi. de ista distinctione Francisciu
402 748 1163 797 quia instrumtum. puta serra fabri est causa secunda sine quo
396 787 1175 851 non. tamen non proprie dicta causa. quoniam proprie loquendo potius est
399 831 1169 881 instrumtum quam causa proprie dicta. Exntum hus tertii mebri
402 876 1160 929 vicem per causam secundam prout deus mouet caelum per intelligenti
406 916 1175 965 inquit Franciscus. Quarto sicut per id cui communicat vim eam¬
397 954 1173 1013 dem productiuam. His praemissis subdit idem Fran. dicit quod
399 999 1174 1052 hec locutio pater spirat per filium: non debet concedi tribus
399 1041 1174 1099 primis modis. sed tantum quarto modo intelligendo. Sicut ista
403 1095 1181 1147 conceditur. Omnia per verbum facta sunt. quia eadem vis communica
406 1128 1022 1186 ta est filio qua in patre est. Hec etiam Guil
435 1166 1172 1247 ¶ An spiritus sanctus procedat a patre me
411 1229 1178 1277 diante filio: Responsio quod in hc communiut doc. praesertim Bona.
408 1275 1170 1331 Tho. et Ric. de med. vil. sequuntur Rich. de san. vic
408 1315 1174 1360 v. de tri. c. viii. et. ix. dicentem quod in diuins est quidam pro¬
412 1360 1173 1409 cessio immediata tantummodo. sicut pater producit filium soli
406 1400 1177 1444 immediate a seipso. Est etiam quida processio mediata et
406 1439 1174 1491 immediata similis sicut pater producit spiritum sanctum mediate simus sintit
408 1491 1175 1532 per filium. et etiam immediate scilicet per seipsum. filius autem tantummodo
408 1531 1175 1584 immediate producit spiritum sanctum et n mediante aliquo. Sed
406 1568 1177 1615 in diuins mediata tantummodo processio esse non potest. Ad hec
406 1613 1183 1658 Bona. Exntem ponit et concor. Guil. in Adam Eua et
409 1653 1177 1701 Abel. Quando ei coperamus Adam ad Abel. patet quod Adam
405 1695 1188 1751 genuit Abel immediate a se et etiam mediante Eua. sed
406 1743 1186 1791 si comperaus adam ad euam immediate tantum ab adam for¬
408 1780 1187 1848 mata est eua. Sic in proposito. Hec sufficiant cau¬
416 1818 664 1880 sa brevitatis etc
443 1847 1177 1941 ¶ Utrum spiritus sanctus processerit de patra
420 1928 1181 1986 la nato filio. aut nondum nato filio: Nam si dicas p.
411 1970 1184 2015 mum sequitur quod prius fuit filius quam spiritus sanctus in diuis
408 2016 1181 2063 Si secundum sequitur quod prius fuit spiritus sanctus quam filius. Respond
405 2053 1181 2106 detur secundum Bona. e. di. xii. circa lit. concor. Ric. ibidem. quod
411 2096 1189 2143 iiii. et Tho. q. i. Quod in hac quaestione si quaeritur de ordie secundum
411 2140 1182 2192 durationem et tempous prout vester sonare scilicet de tali ordie gratiati
417 2180 1190 2229 onis filii ad processionem spiritus sancti. tunc responderi dicitetr intfri¬
406 2229 1190 2272 mendo quaestionis vtramque parte. quia vtrumque falsum est. Hec
424 2266 1178 2313 ei est fula. Spiritus sancus processit vel procedit iam nato filio
408 2309 1184 2361 quia notatur quod natiuitas filii praecessit temporis duratione pro
418 2349 1174 2400 cessionem spiritus sancti. Et iterum hec est falsa. Spiritus sanctus
413 2398 1183 2446 cedit nondum nato filio. quia notatur quod filii natiuitas
411 2434 1183 2479 non similis tempore fuerit cum processione spiritus sancti. Sed tamen hec et
407 2480 1184 2528 vera. Spiritus sancus non processit nato prius filio. quia similis et ab
417 2516 1184 2579 eterno fuit et est vtrumque. Ion prius et posterius tempore ve
418 2557 1187 2612 duratione ibi locum non habet. vnde Aug. vt allegat magister
417 2603 1186 2653 e. di. xii. dicit in. xv. li. de tri. sic. In illa summa trinita
414 2644 1177 2691 te quae deus est interualla temporum nulla sunt per qua possit quar
418 2685 1199 2753 Utrum prius de patre natus sit filius. et postea. de am
1239 262 2003 339 bobus processit spiritus santertus. Ideoque qui potest in¬
1233 331 2011 381 telligere sine tempore generationem filii de patre: intelligat
1233 375 2009 421 sine tempore processione spiritus sancti de vtroque. Hec Aug.
1239 408 2003 467 Sed si queritur de ordie prioritatis nature tunc secundum
1236 462 2011 505 rationem intelligendi prior est generatio filii quod spira¬
1233 500 2015 554 tio spiritus sauncti. vt patuit. supra. vbi Spiratio. §. iii. et
1248 540 1718 605 vbi Ordo. §. iii. et iiii. et. vi. etc.
1287 573 2055 652 ¶ Utrum spiritus sanctus procedat a pa¬ §
1242 649 2015 692 tre in filium: Respondetur secundum Fran. maro. di. xi. primi. q. i. quod
1240 680 2009 746 sic. Nam secundum Aug. quicquid habet sius habet a patre et filio. Sed
1243 725 2017 771 ssus per circumincessionem habet esse in filio. ergo hoc habet a pa
1239 765 2020 811 tre. Similiter dico inquit quod filius habet a patre quod sit in spiritu san
1242 807 2009 860 cto. Sed talis inexistentia est realiter in vtroque rela
1243 849 2014 903 tio equiperantie. Si ergo filius a patre habet quod sit in spiritu sancto
1248 896 1978 958 ergo etiam ssus a patre habet quod sit in filio Hec ex Fran.
1284 932 2015 1015 ¶ An spiritus sanctus procedat a filio
1246 994 2008 1043 in patrem. Respondet idem Fran. quod sic. patet primo auctorita
1246 1038 2026 1095 quia Clemens lius de articilis fidei dicit Monas gignit
1245 1078 2024 1126 monadem et in se suum reflectit ardorem. De ista auctoritate
1249 1123 2023 1174 hens vbi Unitas Item Rich. de Trini. Non est amor
1245 1161 2024 1214 iocundus nisi sit mutuus ita quod eundem amorem quem
1251 1204 2019 1258 habet pater ad filium rependat filius patri. Et Hilatur. de Tri¬
1256 1257 2005 1305 nitate. similiter Aug. iii. de trini. dicunt quod sius est connex
1249 1288 2021 1351 mutuus patris et filii. ergo habetur propositum. Secundo ratione
1252 1333 2018 1392 quia quicquid habet sius habet a filio. Sed sus est in patremper circum¬
1249 1381 2027 1430 incessionem. ergo hoc habet a filio Et per consequens a filio habet proce
1249 1417 2018 1477 dere in patrem. ¶ Ex istis infert Fran. plures theolo
1251 1456 2021 1517 gicas veritates. ¶ Prima quod pater a se ipso habet esse in
1248 1499 2029 1559 filio ¶ Secunda quod patera se habet esse in spiritu sancto. ¶ Ter¬
1248 1543 2037 1600 tia quod pater producit filium in se. ¶ Quarta quod pater producit
1251 1586 2027 1640 filium in spiritum sanctum ¶ Quinta quod pater producit spiritum¬
1254 1630 2021 1682 sanctum in se. ¶ Sexta quod pater producit spiritum sanctum in filium
1244 1670 2024 1745 ¶ Septia quod filius producit spiritum sanctum in se licet non a se
1263 1715 2030 1770 ¶ Octaua quod filius producit spiritum sanctum in patrem. et sic
1257 1764 2027 1813 de aliis circumincessiuis resolutionibus. ¶ Si que
1250 1796 2032 1848 ras quomodo ergo dicitur in legenda sancti Andree apostoli quod spiritus¬
1263 1844 2028 1890 sanctus procedit ex patre et in filio quiescit et permanet
1261 1891 2027 1934 vt docuit sanctus andreas etc. Nam si quiescit in filici
1252 1930 2036 1975 non exit ab eo in patrem vt tenent Greci. Respondetur secundum
1254 1972 2026 2024 Fran. et Scotorlis. quod ibi sius intelligitur vel accipitur pro
1256 2011 2036 2064 voluntate quae est principium spiritus sancti. et dicitur quiescere vl
1248 2053 2035 2113 permanere in filio quia non exit per motum localem vt stul¬
1260 2098 2038 2159 te putant Greci sicut patuit. supra §. xx. in solutione. ii ar
1257 2145 1418 2208 gumenti.
1255 2172 2045 2261 ¶ De missione et apparitone spiri¬
1249 2241 1747 2306 tus sancti plurima vbi Missio
1312 2276 2054 2358 ¶ Utrum spiritu sancto proprie conueniat
1248 2345 2042 2399 esse vel dici donum: Ad hoc reondetur secundum Bonauen. in pri
1255 2391 2032 2437 mo di. xviii. q. iiii. quod sic. Et patet per Aug. v. de trini
1258 2431 2039 2483 dicit. sic. Sicut in trinitate non est verbum nisi filius. Ita
1252 2475 2045 2525 nec donum nisi spiritus sanctus. Unde et canit ecclesia. Qui
1253 2514 2035 2570 pracletus diceris donum dei altissimi: fons viuus
1254 2566 2036 2610 ignis charitas et spiritalis vnctio. Item patet ratione
1257 2600 2042 2651 quia donum dicit emanationem per modum liberalis amo¬
1248 2643 2039 2698 ris. quod est proprium spiritus sancti et ei appropriatur vt patu¬
1258 2684 1631 2754 it vbi Donum. §. iii. et iiii.
