2243 3300
414 267 1185 336 maxime verum scilicet veritas Prima igitur a simili in gratiae
408 324 1180 375 donorum est dare vnum quod est maxie donum seu excel¬
421 368 1185 418 lentissimum et hoc est quod procedit modo liberalissi¬
412 413 1180 456 mo. sicut est spiritus sanctus qui est inter omnes amores
424 452 710 510 et dona summus.
484 486 1183 566 ¶ An ergo per hoc donum quod
414 558 1180 604 est spiritus sanctus dentur omnia dona quacumque dantur. Respond
411 600 1191 654 detur secundum Bonauem. e. di. xviii. q. i. quod ista praepo Per
412 633 1178 686 cum accusatiuo. dicendo Per quem omnia dantur. siue etiam
418 680 1175 725 ista praepo In: cum ablatiuo. dicendo In quo omnia dan
423 721 1184 767 tur. potest accipi dupliciter Uno modo vt designet concomi
423 760 1174 820 tantiam. ita vt sit sensus Spiritus sanctus est donum per quod
425 814 1180 859 vel in quo omnia alia dona dantur id est ad quod comitantur omnia
417 850 1178 894 dona sua et datur cum omnibus donis suis. et sic est falsa
418 889 1181 934 intelligendo vniuersaliter. quia spiritus sanctus non semper nec
415 933 1178 985 omnibus datur cum omnibus donis suis. vt patebit infra. §
421 974 1178 1022 xlii. Alio modo iste praepositiones praedicte cum suis casibus
414 1018 1178 1069 possunt accipi vt importent causalitatem. et hoc triplicitur
423 1057 1174 1108 Primo modo vel dicunt simpliciter causalitatem sic non se
411 1099 1181 1150 lum per spiritum sanctum vel in spiritu sancto dantur omnia dona. sed
412 1142 1178 1189 etiam per patrem et filium vel in patre et filio. quia omnia dona
411 1180 1184 1230 causantur a tota trinitate ilis secundo ita vt dicant cau
408 1228 1175 1276 salitatem et subautoritatem. Et in hoc distinguitur spiritu
418 1267 1181 1318 sanctus a patre sed non a filio. quia pater donat per filium
420 1310 1174 1360 et spiritum. Uel tertio ita vt dicat causalitatem et subat
420 1353 1190 1397 toritatem. et cum hoc exemplaritatem et sic prope conuenit
412 1392 1184 1439 spiritu sancto. Ipse enim est donum per quod vel in quo omnia alia
405 1432 1174 1480 dona dantur. hoc est. ipse est forma exemplaris omnis
417 1477 1178 1523 doni ex modo sue emanationis. quia procedit per modum
408 1517 1187 1566 amoris et liberalitatis. Omnia autem dona a deo
418 1560 833 1621 dantur ex amore liberali etc.
433 1590 1179 1673 ¶ Quare magis per spiritum sanctum et
424 1660 1190 1713 in spiritu sancto dicuntur dari omnia dona quacumque dantur cum
417 1704 1190 1751 a tota trinitate causantur omnia dona: Respondetur secundum
415 1748 1175 1796 Bonauen. in i. di. x. nec non. xviii. similis colligendo. quia
420 1788 1186 1833 spiritus sanctus emanat a patre et filio per modum amoris
414 1830 1181 1883 sicut ratio volendi et donadi quae est intrinseca perfectissi¬
408 1872 1180 1919 me voluntati divine. quoniam spiritus sanctus procedit per mo¬
411 1917 1177 1969 dum volitionis et amoris. Talis ergo emanatio necessa
418 1961 1190 2004 rio est primi et summi amoris diuini per modum libera
418 1993 1177 2049 litatis. Sed quoniam amor est prima affectio inter omnes
417 2048 1184 2091 affectiones et radix omnium aliarum vt dicit Augu. xiiii. de
406 2079 1186 2128 tri. et pluribus locis. tum quia plus tenet de ratione libera
421 2123 1180 2181 litatis quae est de ratione doni patet. quia donum est datio in
405 2171 1175 2215 reddibils. iii. Top id est non intentione reterbutionis Tum quia omnes
415 2207 1181 2256 delitie substantie intellectualis tam angelice quam anime humane
412 2246 1184 2292 et etiam diuine in amore consistunt. Nam sine amore nul
414 2286 1180 2336 le sunt delitie etiam in creaturis. Propterea philosophus dici
417 2336 1189 2385 quod amicicia aut est beatitudo aut non sine beatitudie
421 2374 1178 2425 Nullus enim eligeret viuere sine amicis habens relio
422 2419 1180 2470 bona omnia ex. viii. li. Ethi. sequitur est quod in primo et sum¬
418 2461 1185 2515 mo dono amoris id est in spiritu sancto dantur omnia quae dantur
453 2497 1184 2546 ¶ Secunda ratio secundum Rich. e. dist. xviii. q. i. et Tho. quia
415 2541 1178 2595 omnis donationis prima ratio est amor. quia donatio non pro
415 2583 1178 2636 cedit nisi ex amore liberali qui mouet secundum Diony
420 2626 1185 2680 superiora ad prouisionem minus habentium. Et quia
418 2667 1191 2735 spiritus sanctus proprie procedit vt amor. Et ipse dicitur amor
1254 280 2014 339 Ion ipse sius est exemplar omnim donorum inquantum omnia
1254 336 2014 385 dona dantur ex amore liberali. Et ipse sius tamquam amor
1254 372 2030 420 diuinus est causa et ratio omnium donorum quorum principium est
1251 419 2020 472 diuina voluntas quae ex hoc vel per hoc quod amat crea¬
1245 453 2015 511 turam suam dat omnia dona etiam gratis data etc. ¶ S
1258 505 2024 550 dicas. pater etiam est amor. et essentia diuina est amor
1246 541 2021 586 et filius est amor. ergo non magis conuenit spiritu sancto ratio do
1248 586 2021 639 ni quam illis Respondet Rich. ibidem quod pater non procedit
1246 624 2018 678 licet sit amor essentialiter neque diuina esseutia procedit
1260 670 2020 719 ergo non conuenit eis ratio doni cuius est procedere per do¬
1251 719 2020 764 nationem liberalem. Denique filius licet procedat et sit amor
1254 756 2018 803 essentialiter. non tamen procedit per modum amoris et vo
1254 794 2026 842 luntatis sed per modum nature id est generationis et in¬
1245 833 2036 889 tellectus. ergo nec sibi competit ratio doni sed soli spiritu sancto
1251 876 1834 941 qui solus procedit per modum amoris.
1266 906 2030 991 ¶ An ergo hec cocedatur quod filius
1254 983 2027 1025 datus est nobis per spiritum sanctum. Nam Esa. ix. filius da
1254 1024 2033 1070 tus est nobis ergo est donum dei. Hoc ergo donum si non est
1260 1070 2027 1120 datum per spiritum sanctum. ergo non omnia dona data sunt per spiritum
1254 1110 2023 1154 sanctum. Si autem datus est filius per spiritum sanctum sequitur
1246 1151 2030 1195 quod spiritus sanctus habeat auctoritatem in filium quod est falsum
1263 1196 2021 1244 Respondetur secundum Bona. e. di. xviii. quod filius est datus nobis
1264 1236 2030 1281 ecundum humanam naturam et hoc fuit per amorem Ioan.
1257 1278 2030 1333 iii. Sic deus dilexit modm vt filium suum vnigenitum
1257 1319 2020 1367 daret Amor autem appropriatur spiritu sancto. ergo conceden¬
1258 1365 2017 1411 dum est quod filius datus est nobis per spiritum sanctum Non
1248 1410 2031 1456 tamen ita intelligendo quod spiritus sanctus habeat auctoritatem
1264 1447 2021 1496 in filium sed in effectum istum. videlicet in opus incar¬
1254 1491 1876 1541 nationis. et hoc causaliter et exemplariter.
1317 1533 2021 1607 In qualibus donis datur spiri¬
1255 1534 1294 1604 (
1257 1584 2027 1650 tus sanctus: Nota secundum Guil. e. di. xviii. similis cum Bona
1254 1634 2023 1685 uen. ibidem concor. Tho. quod dona sunt in triplici differentia.
1254 1678 2026 1729 Primo quedam suunt dona. quae licet dentur a spiritu sancto. tamen
1246 1727 2020 1772 numquam datur cum eis ipse sius. sicut est timor seruilis cum
1254 1758 2020 1811 quo non datur nec stat sius inquantum est talis timor
1245 1811 2018 1858 Similiter attritio sola et quecumque virtus nformis
1245 1835 2011 1898 manens. Secundo quedam sunt dona cum quibus sem¬
1248 1893 2026 1940 per datur sius sicut sunt dona gratuita vt chari¬
1254 1929 2027 1981 tas sapientia vera. Tertio quedam sunt dona cum quibus
1252 1971 2029 2025 aliquando datur spiritus sanctus et aliquando non. vt fides prophetia et
1245 2022 2026 2076 gratiae gratis date. ¶ Ad hec vbi Missio. §. xix. et. xx.
1258 2086 2045 2165 ¶ De doni rone et donabilitate
1249 2149 1694 2216 habes vbi Capitulum donum.
1285 2232 2052 2317 ¶ Item de donis. vii. spiritus sancti
1250 2298 1651 2356 singillatim vide libro. iii.
1279 2351 2021 2434 ¶ Utrum spiritus sanctus dicatur spiritus
1245 2425 2015 2473 ntur ratione donabilitatis: Arguitur quod non. quia si spi¬
1245 2467 2023 2519 ritus sanctus ideo potest dici nostr. quia nobis est datus. ergo et filius
1254 2502 2026 2557 posset dici noster eo quod nobis est datus Esa. ix. Et
1239 2550 2027 2597 tamen Aug. v. de Trini. dicit quod non potest dici filius noster.
1254 2585 2030 2655 sed solius patris a quo natus est. ergo a simili de spiritu sancto.
1246 2628 2015 2685 ¶ Sed in oppositum est quia. iiii. Regum. i. dicitur spiritus
1246 2667 2030 2745 helie duplex. Et numeri. xi. spiritus Moysi. Unde
