2249 3299
406 290 1172 351 quiditatiuum cuiuscumque rei communiter. vnde Aristo. in anipoa
403 345 1166 390 dicamntis dicit. Uniuoca sunt quorum nomen est commune et roti
400 388 1174 434 substantie est eadem. Ibi rationem substantie accipit pro ratione quidita¬
411 430 1175 483 tiua vel diffinitiua. quae ratio reperitur sicut et vniuocatio eti
409 473 1168 516 am in accidentibus quae tamen non sunt substantie. Ideoque ibi ac
417 505 1177 559 cipitur ratio substantie pro ratione quiditatiua. Secundo modo substanti
417 547 1174 604 philosophce accipitur. et sic diuiditur in materiam formam et con
410 588 1181 646 positum Unde in greco sic nominantur secundum Boe. super praedi
413 629 1178 689 camnta. vicem quod materia vocatur hypostasis. sed for
417 673 1180 723 ma vsiosis. Et compositum Usia et c. ¶ Tertious substantia
406 713 1165 764 metaphorice accipitur pro fundamnto alicuius sicut apostoli
424 764 1177 804 Heb. xi. dicit Fides est substantia sperandarum rerum. Ibi sub¬
420 799 1177 847 stantia dicitur id est fundamntum. vnde et Damasce. iiii. sententiarum pro
421 840 1174 901 ly substantia ponit hypostaus sperandarum rerum. quia fides es
412 888 1171 936 fundamtum substans toti edificio spirituali quo destru
418 927 1184 977 cto destrueretur totum. Et sic etiam philosophus. v. Meta. vi¬
421 971 1169 1018 detur accipere substantiam pro eo quod aliquid terminat quo distri¬
411 1003 1169 1056 cto destrueretur totum. Sicut linea est substantia superficie
418 1046 1185 1116 et superficies est substantia corporis. et iste modus ponitur
414 1087 704 1164 a pythagoricis etc
477 1115 1188 1210 ¶ Quottuplex distinguitur substantiat
424 1190 1175 1241 Nota secundum philosophum libro praedicamtorum. Substantia distinguil
418 1235 1187 1291 duplex. Una est prima substantia. Alia secunda substantia. Prima
411 1272 1184 1327 substantia dicitur indiuiduum. vt sortes. petrus. paulus etc. Se
417 1318 1184 1372 cunda substantia dicitur velis scilicet specifica. vt homo asinus etc. vel
409 1360 1177 1415 communis vt animal corpus et alia genera substantie. Preterea. vt
417 1399 1174 1455 Meta. dicitur etiam quidam substantia perticularis quae existit sicut he
414 1443 1185 1499 tera. hec a qua. sed hec reducitur ad primam substantiam sicut et in¬
420 1484 1190 1543 diuidua vaga reducuntur vt quidam homo. aliquis asi¬
401 1532 620 1593 nus et huiusmodi
486 1560 1193 1643 ¶ Utrum in diuis hoc nomen subsisten¬
414 1621 1187 1681 tia vel substantia plurificetur. Et iterum de nomine substantie et essentie
421 1675 1100 1737 ac grecis vocabulis. vide vbi vpostasus per totum.
695 1717 1169 1815 Immu del su¬
633 1801 1181 1852 mitas. De hoc nota secundum doc. subti. in
637 1851 1181 1904 iii. li. di. xiii. q. i. capitur dupliciter summi
426 1860 1180 1941 tas. tertium addit Guil. in i. di. ix. ¶ Uno modo sum
426 1933 1179 1982 mitas dicitur negatie. Et sic dicit idem quod non excedi ab al
417 1974 1184 2021 quo. Sic ergo diuinum verbum vel ssius dicitur sumum. quia a nullo
427 2021 1180 2063 exceditur. ¶ Secundo modo summitas vel summum dicitur affir
420 2058 1189 2102 matiue scilicet quod omnia excedit. Istous si computetur pater autu
425 2101 1178 2145 ssus inter omnia. tunc verbum diuinum non est summum. quia non et
420 2144 1193 2190 cedit patrem nec spiritum sanctum. Similiter et de spiritu sancto intelli
417 2186 1183 2235 gendum est. Sed si intelligantur omnia scilicet distincta in essentia
418 2226 1177 2273 sic est bene summum verbum dei. Similiter sus. Et his duob
420 2268 1189 2318 modis capitur summitas formaliter et non dicit nisi quem¬
423 2309 1183 2368 dam respectum rationis: aut negatiuum sicut primo modo: aut
421 2347 1188 2395 affirmatiuum sicut secundo modo ¶ Tertious summitas dicitur
414 2391 1178 2435 fundamentaliter. et sic dicit quanda naturam infinitam in quo
417 2434 1199 2497 fundatur iste respectus vice diuinam essentiam quae est
418 2474 1015 2530 summa res et summum bonum infinitum etc.
627 2514 1187 2618 Empus. de hoc
610 2599 1181 2662 nota secundum Guil. in i. di. xxx. quod tempus de
592 2650 1192 2696 tripliciter ¶ Uno modo vt continet omnem men
405 2675 1199 2756 suram durationis sub eternitate scilicet ta euum quam tempus
1224 276 2015 351 proprie dictum. Et sic capiendo dicit quedanglo. super illud
1239 341 2021 391 Sen. i. In principio creauit deus celu et terram In
1246 390 2018 436 principio id est nunc temporis. Tertum est enim secundum Aug. primo
1249 424 2021 471 libro contra manicheos quod non prius conditum est celum
1248 464 2015 511 quam angeli qui mensurantur Cuo et non tempore vt patebit. ii
1248 509 2017 558 lib. quia Euum est mensura incorruptibilium sed tempors
1245 549 2024 595 corruptibilium. ¶ Secundo dicitur tempors vt est mensura tam
1242 589 2021 637 motus primi modobilis quam cuiuslibet mutationis. et sic
1252 636 2015 684 accipitur ab Augu. super Gen. ad lit. vbi Dicit quod deus
1255 680 2015 722 mouet corpora per tempus et locum. Spiritus vero per
1242 714 2024 760 tempus solum Tertum est autem quod volitiones angeli¬
1246 759 2023 804 ce non mensurantur motu primi mobilis sed Euo. quod
1251 800 2024 849 proprie est illa duratio quae habuit principium sed non ha
1246 840 2023 891 bebit finem ¶ Tertio tempors dicitur vt est numerus motus
1249 883 2026 926 secundum prius et posterius et sic est mensura primi mobi
1245 925 2030 972 lis secundum Aristo. iiii. physi. et est secundum magistrum Nicolatum
1252 967 2027 1009 boneti quidam respectus fundatus in motu primi mo
1248 1009 2023 1054 bilis et terminatus ad eternitatem primi motoris id est dei
1270 1052 2015 1102 Ita quod secundum eundem: tempors formaliter est quidam respectus
1246 1092 1817 1153 sed materialiter quantitas Hec Guil.
1317 1129 2052 1207 Ex istis patet etiam secundum Ri¬
1248 1183 2035 1241 char. de med. vil. super. ii. di. ii. q. i. Quod deus non dicitur
1258 1241 2021 1291 esse in tempore. Nec etiam angeli. quia secundum philosophum. iiii. physi¬
1245 1279 2021 1331 esse in tempore est mensurari tempore. Nil aut mensuratur tempori
1248 1323 2018 1374 nisi motus vel ratione motus. Unde licet Quies mensu
1251 1367 2033 1413 retur tamen inquantum est priuatio motus. Sic ergo motus per se habet
1246 1402 2024 1456 esse in tempore. et illud cuius esse est cum motu. ratione mod
1248 1448 2026 1493 mensuratur tempore. Sed quoniam esse dei est sine omni motu et
1246 1491 2021 1532 mutatione. ergo non est in tempore Similiter esse angeli non est mo
1254 1534 2035 1577 tus nec de necessitate existens in motu ergo non est in tempore
1258 1571 2026 1621 Unde sicut deo competit eternitas: Ita angelo Euiterni
1261 1617 2038 1676 tas est mensura. et corruptibilium tempors De his vbi
1255 1655 1686 1715 Eternitas. §. xi. et se. et li. ii.
1306 1700 2021 1764 ¶ Sed vn est quod deus non dicitur ita in
1260 1750 2026 1814 tempore sicut dicitur in loco quolibet: Respondetur secundum e. Guil. in p.
1258 1806 2027 1854 di. xxxvii. Quia tempors sercat per modum fluxus Ideo si
1251 1848 2026 1896 diceretur deus in tempore sercaretur motus inesse sibi et per consequens
1255 1890 2033 1935 mutabilis esset Tocus autem signat per modum quietis. et
1260 1928 2035 1981 quies quammaxime deo attribuitur Ideo verius dicitur in lo
1263 1973 1636 2040 co quam in tempore Hec Guil.
1498 2017 2018 2142 Beologia De
1495 2121 2041 2170 hoc vnde sic dicatur: Nota secundum Guil.
1494 2166 2038 2220 in prol. primi li.o quod theologia iuxta Gran.
1483 2213 2027 2257 maticos dicitur a theos quod est deus et lc
1251 2227 2029 2304 gos quod est sermo vel ratio quaesi sermo de deo vel ratio
1264 2294 2042 2346 Et accipitur tripliciter. videlicet communiter. et prie. et propriissi¬
1254 2336 2033 2399 me. vt habter in prolo. hus libro q. vii. §. xxv. Unde hoc partranseo.
1317 2372 2032 2444 ¶ An theologicum obiectum solum
1261 2439 2039 2488 mouet in deo intentionem eius ad omne scibile: Respondet
1251 2485 2030 2532 Guil. supra. quod sic Et dicit quod omnis sectia est deo theologia.
1266 2525 2041 2566 Non sic est in beatis Angelis. et in nobis. quia habemus
1251 2565 2033 2613 intellectum mobilem a quiditatibus creatis Sed in deo solum
1246 2604 2030 2654 obiectum theologicum(quod est essentia dici) mouet intentionem
1248 2651 2032 2697 seu intuitionem dici ad omne scibile. vel dicam quai mouet: pro¬
1255 2688 2048 2759 pter modum intelligendi quia in deo non est motus nec discuris
