2263 3295
384 294 1141 372 ad cuius similitudinem est verbum incarnatum in tempor
385 360 1142 414 quod erat ab eterno genitum in mente paterna. Unde
379 399 1151 450 in praedictis differentiis verbi in nobis est ordo. quia prae
382 442 1160 502 mo cogitamus aliquid puta ciuitatem Carthaginem
385 487 1147 538 vel rhomam. vel leonem etc Quid sit. Secundo qualiter
383 529 1142 579 debeamus cogitatum effari vel pronunciare. Tertio puro
384 577 1162 628 nunciamus vel proferimus. vt dicit Bona. et Guil. Sic
388 623 1160 665 et longe perfectius Primo verbum diuinum emanat a me¬
385 657 1163 703 moria paterna quasi lumen de lumie. Secundo in ver
397 696 1150 746 po diuino cuncta pater disponit et verbum incarnandi
384 737 1160 795 praeuidit. vnde secundum Aug. Uerbum dei dicitur ars omnium rerum
384 778 1165 833 Tertio est carni vnitum vt nobis apperet sensibile. ideo
400 823 1168 880 Ioam i. Uerbum caro factum est. vnde secundum Tho. in scrip.
394 857 1175 923 e. di. q. ii ar. i. Uerbum vocis et etiam quod habet imaginati
387 905 1171 960 onem vocis non potest dici in diuins nisi metaphorice vl
388 944 1161 998 translatiue. Sed verbum cordis quod consistit in intellectu
387 995 1135 1054 tantummodo est vere et prope ac eminentissime in deo etc.
390 1032 823 1098 ¶ Ad hec infra. §. xv. et. xvi
439 1066 1175 1151 ¶ Sed adhuc difficultas restat.
391 1133 1165 1189 quia nilis concipitur in intellectu nostro nisi spees rei intelligibil
396 1174 1165 1232 Deus aut non cognoscit per speciem. ergo non videtur quod vere sit
402 1217 1177 1270 verbum intellectuale in deo. Ad hoc respondetur secundum Tho. e.
402 1263 1165 1316 di. xxvii. q. ii ar. i. quod in hoc summe excellit verbum diu
414 1301 1177 1353 num quod deus intelligit essentiam suam per se id est per essentiam suam
407 1342 1184 1396 Unde essentia habet in deo se quasi tripliciter quo ad hoc. vicem vt
398 1386 1181 1441 intelligens. Et vt intellecta. Et vt quo intelligitur. Itaque
408 1424 1182 1482 inquantum se habet vt intelligens sic vere et proprie est ibi ratio
409 1476 1180 1521 intellectus. Et inquantum se habet vt quod intelligitur siue vt in
397 1518 1181 1565 tellecta: est ibi vere ratio intellecti obiecti. Sed inquantum
395 1554 1190 1608 se habet vt quo intelligitur. sic est ibi ratio verbi secundum Tho. et perfe¬
396 1597 1120 1658 ctissime. quia ibi est per seipum. sed in nobis per species.
462 1634 1169 1710 Item alia difficultas adhuc est.
408 1696 1180 1754 quia de ratione verbi est quod sit manifestatiuum. Sed verbum
402 1738 1185 1794 exterius sensibile magis manifestat quam verbum mentis in¬
402 1789 1178 1837 terius. Quare ergo magis conuenit transfferri ad similitu¬
406 1826 1169 1885 dinem verbi diuini: verbum interius quam exterius. Dicentu
409 1865 1183 1922 secundum quod Guil. e. di. xxvii. per conclusionem dictat quod dici fi
408 1908 1183 1961 lius in esse persone non constituitur verbo sub ratione manife
408 1953 1186 2011 stationis. sed sub ratione passiue dictionis ¶ Notat ergo idem
416 1993 1183 2048 quod secundum Commen. super Dio. vbi nos habemus Ioam i.
414 2045 1180 2098 In principio erat verbum. Grecus habet in principio erat lo
419 2080 1183 2137 gos. Et dicit commentum quod logos tria significat scilicet ra¬
407 2115 1187 2170 tionem. expressionem. et causam Igitur et verbum sibi correspondens
405 2163 1183 2219 hec tria significat. Primo expressionem seu relationem
417 2215 1184 2259 ad eum a quo exprimitur. Et ista est verbi ad patrem relatio
411 2247 1186 2298 realis. quia est producentis ad productum. Secundo dicit rati
412 2292 1178 2342 onem id est manifestationem et declarationem omnium rerum. quia
418 2331 1180 2384 filio attribuitur ab Augu. quod est ars omnipotentis dici et
411 2374 1189 2428 ratio omnium. Tertio dicit causam. quia omnia per ipsum facta ste Ioam.
411 2414 1184 2473 i. Et hi duo sunt respectus rationis. quia dici ad creatu¬
409 2466 1187 2513 ram nulla est relatio realis. Et quoniam respectus manife¬
420 2491 1186 2559 stationis aduenit verbo iam constituto vel producto ad
420 2543 1177 2599 intra. quia respectus ad creaturam aspiciut obiectum
408 2582 1177 2636 secundarium. Productio autem ad intra respicit obit
412 2628 1177 2676 ctum primarium scilicet diuinam essentiam. ergo prius in diuins
411 2666 1180 2714 tota ad intra perficitur productio persone verbi anquam fiai
415 2708 1192 2763 respectus ad creaturas. vnde patet quod verbo sub ratione
1229 281 2006 365 manifestationis vel verbatione non constituitur. Sed sub
1218 344 2002 404 ratione passiue dictionis constituitur quia verbum idem est quod di
1223 388 1996 447 ctio passiua quae constituit dei filium. vnde Aug. vii. de tri¬
1223 434 2003 491 c. iiii. dicit. Eo verbum quo filius. ergo eadem relatio vel no¬
1226 469 2017 528 tio est filius quae verbum. sed filiatione constituitur persona fi
1227 511 2012 573 lii igitur et verbo. Hec Guil. Proinde etiam secundum Tho.
1233 551 2009 614 e. di. Uerbum interius magis habet proprie rationem verbi
1229 594 2008 663 quam verbum exterius scilicet sensibile. quia vt ait Augu. xv. de
1225 637 2020 703 tri. Uerbum exterius non est verbum prie. sed signum verbi
1241 678 2005 739 licet interioris. vnde non debet dici de deo ¶ Ad obiectum
1232 721 2012 780 autem scilicet quod verbum exterius sensibile est magis manifesta
1226 773 2020 822 tiuum secundum e. Tho. quod aliquid dicitur magis maifestatiuum
1239 806 2023 865 dupliciter. Uno modo intensiue id est expressius et verius. et sic
1247 846 2024 911 verbum interius est magis manifestatiuum quantum est de se
1242 893 2023 954 quia homo expressius cogitat aliquid in mente quam possit al¬
1239 931 2027 991 teri expremere per verba exteriora. Alio modo extensiue
1242 976 2011 1038 scilicet quia pluribus manifestat. et sic verbum exterius est mag
1239 1013 2024 1078 manifestatiuum. quia manifestat non solum nobis ipsis sed
1235 1069 1496 1139 et aliis. et sic patet.
1271 1119 2006 1191 ¶ Qualem dissimilitudinem vel di
1247 1176 2035 1234 ferentiam habet verbum nosrum ad verbum diuinum. Nota
1245 1229 2024 1284 primo secundum Tho. supra. et clarius Lyram super Ioan i. quod
1252 1272 2026 1318 vox significatiua non dicitur verbum prie. sed tantummodo lar
1247 1301 2026 1369 ge capiendo verbum et denominatiue inquantum significats
1247 1347 2036 1404 interioris mentis conceptum. proprie autem dicitur verbum interi¬
1248 1388 2018 1448 or mentis conceptus qui per vocem significatur: etiam anquam per
1250 1432 2029 1492 vocem significetur vel exprimatur. Ipa vera vox potius
1247 1473 2035 1532 est signum verbi quam ipsum verbum vt dicit Aug. xv. de tri.
1256 1514 2038 1569 vnde et philosophus. i. Peri her. dicit Uoces sunt note id est signa
1249 1556 2041 1615 earum quae sunt in anima passionum ¶ Sed tantum. Secundo ad
1248 1604 2030 1658 uertendum est secundum et. Lyram quod in nobis est duplex conce
1257 1641 2036 1700 ptus interior mentis. Unus informis et imperfectus
1256 1684 2047 1742 Alius formatus et perfectus. Cuius ratio. quia nostra co
1249 1730 2033 1783 gnitio procedit de imperfecto ad perfectum. Ideo de re ha
1257 1770 2032 1824 bemus primo conceptum confusum et imperfectum vt habetur
1257 1818 2038 1872 primo Phy. vnde pueri primo appellant omnes viros pa
1253 1855 2033 1907 tres. Postea autem determinant. Hec ibi. Et talis
1263 1898 2039 1947 conceptus non dicitur proprie verbum. sed cogitatio. proceden
1256 1939 2051 1997 do at peruenimus ad habendum conceptum rei perfectum
1265 1980 2029 2039 et determinatum qui a philosophis vocatur diffinitio. A sanctis
1251 2020 2046 2075 autem proprie dicitur verbum. Et hoc est quod dicit Aug. ix. de tri.
1260 2074 2039 2121 Diffinio temprantiam. et hoc est verbum eius. Et. xv
1255 2104 2041 2170 e. c. xxiiii. Formata cogitatio ab ea re quam scimus
1260 2146 2047 2202 verbum est. Et cap. xxxvi. Uerbum nostrum de nostra
1256 2194 2048 2245 scatia nascitur. et visio de visione scilicet visio actualis de vi
1258 2246 2051 2290 sione habituali etc ¶ Denique est Tertio considera
1266 2275 2039 2332 dum (inquit). quod deus est intellectualis nature vt ab
1263 2322 2039 2373 omnibus iam sanctis quam philosophis supponitur vtpote ma¬
1257 2359 2030 2420 nifestum. quia est primum principium omnium per intellectum agens
1273 2400 2036 2461 artifex. Aliter non haberet noticiam sui et aliorum quod
1266 2442 2042 2497 esset maximum inconueniens. Ideoque quicquid est per¬
1261 2488 2045 2541 fectionis in natura intellectuali: totum competit ei
1255 2527 2032 2579 modo tamen superexcellenti. In natura autem in¬
1259 2572 2033 2621 tellectuali est perfectionis quod ibi sit verbum. quia
1261 2616 2027 2666 hoc competit ei inquantum est in actu perfecto Idcirco
1251 2648 2047 2712 in ipso deo proprie et perfectissime est verbum. non tamen ad si¬
1248 2695 2029 2751 militudine verbi sensibil quod large dicitur verbum. nec etiam
