2285 3292
375 272 1141 324 respondetur secundum Bonauen. super primo dist. viii. q. i. similis
367 315 1146 363 cum Tho. ibidem. quod veritas potest accipi. ¶ Uno modo
372 357 1153 411 vt est passio propositionis et distinguitur contra falsitatem. et sic
372 405 1154 457 non est proprietas ipsius dei: sic etiam capiendo non con¬
384 442 1150 492 uertitur cum ente vt patet. Nam portio falsa est ens et cre¬
372 487 1145 535 atura sicut et propositio vera. ¶ Secundo veritas capitur pro
382 526 1145 574 ut est passio entis et distinguitur contra permixtionem
378 567 1149 619 siue impuritatem. Ita quod verum ens vel esse dicatur illud
374 610 1151 664 quod nihil habet admixtum de vanitate vel falsitate. id
376 651 1157 707 est non entitate vel de possibilitate. sicut aurum ve¬
373 699 1162 747 rum proprie dicitur quod nil alterius metalli habet admixtum
379 733 1145 787 sed est purissimum aurum. Isto modo entitatis veritas
376 785 1154 832 soli deo propria est. Quia in deo non cadit aliquo permi
379 826 1153 874 xtio nec vanitas nec possibilitas: nec praeteritio: nec
376 865 1157 921 futuritio. Sed omnis creatura vanitati subiecta est
379 911 1148 964 etc. isto modo intelligitur dictum Hieron. supra ¶ Tertio
391 948 1157 998 veritas capitur vt est passio quidem entis communiter. Et
375 995 1150 1039 sic conuertitur cum ente in communi accepto: nec soli deo
378 1031 1154 1088 conuenit sed omni enti etiam creato inquantum habet esse ve
379 1080 1150 1127 rum secundum suum modum quo imitatur deum in esse. quamuis
387 1118 1162 1168 ens creatum habeat esse impurum et permixtum vanitati
376 1159 1150 1208 vel falsitati vel possibilitati. Tamen inquantum est verum
382 1209 1150 1256 est sicut et bonum est: veritate et bonitate entis. vt
381 1244 865 1303 patet in argumento in oppositum.
445 1274 1155 1351 ¶ An deus sit prima et summa ve¬
379 1340 1157 1403 ritas: Respondetur secundum Tho. prima parte. quia xvi. arti. v. et
382 1391 1159 1441 communiter omnes doc. et philosophos quod sic. Declaratur quia veritas
372 1432 1157 1479 in intellectum inuenitur secundum quod apprehendit rem et est in
376 1474 1154 1524 re ad extra secundum quod habet esse conformabile intellectui.
383 1515 1148 1565 Hoc autem maxie inuenitur in deo: quia esse suum non so
383 1563 1153 1616 lum est conformabile sed imo est ipsummet suum intellige¬
389 1604 1161 1661 re essentialiter. Et suum intelligere est mensura et cau¬
375 1640 1159 1694 sa omnis alterius esse et alterius intelligere. Unde sequitur
379 1685 1160 1738 quod in ipso deo non solum est veritas sed quod ipse sit prima
384 1737 1158 1781 et summa veritas sicut ipse dominus ait Ioan. xiiii. Ego
379 1772 1156 1816 sum via veritas et vita. Item Aug. lib. de vera re
384 1812 1165 1866 ligione dicit. Ueritas est qui ostenditur id quod est. Sed
382 1855 1160 1904 veritas quae est deus est lumen intellectus participatum
389 1905 1147 1950 per quod unusqusque creatus intellectus recte iudicat de re
381 1938 1158 1984 bus. Et sic est regula omnis veritatis reductiua in deum
375 1984 1151 2039 sicut in causam efficientem et exemplarem ergo veritas di
381 2025 1057 2092 uina est prima omnium et summa. Hec ex Tho.
393 2070 1156 2137 ¶ Utrum in deo fuerit ab eterno
393 2128 1145 2183 vnica sola veritas an plures: Arguitur quod vnica.
381 2170 1157 2218 Quia ab eterno non fuit nisi solus deus vnicus:
382 2212 1156 2269 sed in deo non est nisi vnica veritas quoniam quicquid est
385 2258 1160 2303 in deo est idem quod deus ergo etc ¶ Sed contra Ab eter¬
379 2291 1164 2341 no fuerunt in deo tres prione quarum qualibet est veritas
386 2341 1157 2392 ergo fuerunt plures veritates: quia ab eterno hec fuit ve¬
387 2382 1150 2434 ra. pater est deus et hec filius est deus. et hec etiam spiritus sanctus
387 2422 1161 2478 est deus ergo etc. Item ab eterno sciuit deus quod homo erit et asi
391 2464 1160 2512 nus erit. et sic plura. ¶ Respondetur secundum Rich. super i. di. xix.
387 2503 1162 2560 arti. et. q. vlti. concor. Tho. per conclusionem quo scilicet sicut vni
382 2550 1163 2600 ca est essentia diuina: ita vnica tantum est veritas eterna..
386 2594 1158 2638 Ut patet per magistrum e. di. xix. cum Aug. viii. de trini. et
387 2631 1166 2684 sic per consequens nulla fuit pluralitas veritatum ab eterno secundum
381 2677 1171 2748 rem. Et probatur. quia si consideratur veritas vt est in intelle
1220 252 1997 320 ctu constat quod ab eterno non fuit nisi vnicus intellectus scilicet
1228 316 1994 368 diuinus in quo quicquid est: idem est realiter cum essentia diuina  ergo patet
1226 356 2000 414 positum. Si autem consideratur prout veritas est in re ad
1221 396 2002 452 extra sicut dicimus quod essentia lapidis est vera: et quod homo
1222 435 2009 489 verus et diuina essentia vera: sic etiam ab eterno in fuit nisi
1226 481 2000 529 vnica veritas secundum rem scilicet veritas diuine essentie quae vnica
1224 527 1999 573 sola est ab eterno et immutabilis in qua fuerunt ab eter¬
1220 573 1999 622 no omnes veritates future praeintellecte. Unde sicut ve
1223 608 2017 661 ritas diuine essentie est vnica secundum rem: ita etiam ve
1229 648 2012 698 ritas omnium rationum et creaturarum est vnica in deo
1230 691 2012 744 secundum rem et non multiplicata nisi secundum respectum ad di
1236 736 2014 787 uersas creaturas. Unde ex pluralitate rerum creata¬
1233 782 2005 825 rum non probatur quod sint plures veritates ab eter¬
1226 814 2015 867 no sed hoc solum quod illa vnica veritas diuina sit
1232 856 2018 921 multorum secundum rationem et respectum ¶ Item de
1227 894 1883 959 regulis veritatis eternis vbi Esse. §. xxxi
1235 952 2005 1009 ¶ An autem tres persone dican
1240 1004 2016 1054 tur tres veritates in deo sicut arguebatur in obie¬
1242 1052 2009 1099 cto ad contrarium. Dicendum secundum e. Rich. quod tres perso
1239 1088 2009 1142 ne quamuis sint tres res notionales tantum vnica veri¬
1234 1134 1996 1187 tate sunt vere. Sicut enim in diuinis non possumus
1229 1173 2012 1233 ponere nisi vnam deitatem. ita non nisi vnicam verita
1242 1212 2018 1264 tem essentialem ponere possumus ¶ Si dicas
1245 1256 2024 1312 Res et verum conuertuntur. Cum ergo tres persone sunt
1242 1301 2014 1348 tres res. sequitur quod sunt tres veritates. Respondetur
1236 1339 2026 1393 secundum Rich. quod res et verum conuertuntur. vi. Meta.
1236 1384 2027 1433 intelligendum est de re essentialiter accepta non de
1227 1425 2027 1475 re notionali ergo etc. Nam in diuinis vna est res es¬
1229 1472 2021 1525 sentialis licet tres res notionales: ideo non concludit
1232 1511 1438 1573 argumentum.
1231 1548 2027 1633 ¶ Sed difficultas est. quia sicut
1235 1603 2014 1675 ab eterno fuit illa veritas quae deus est. Ita ab eter¬
1239 1654 2024 1709 no fuit verum quod malum est malum: falsum est falsum.
1237 1700 2027 1754 nihil est nihil. materia est materia. Sed iste veri
1234 1744 2014 1795 tates non sunt illa veritas quae deus est cum in deo non
1233 1783 2025 1835 sit malum vel falsum vel nihil etc. ergo plures verita¬
1241 1831 2024 1878 tes fuerunt ab eterno. Respondetur secundum Rich. supra quod si ab
1246 1869 2015 1924 eterno ponantur fore vera ista. scilicet Malum est malum
1242 1908 2027 1960 et falsum est falsum et sic de aliis. Hoc fuit verum
1233 1953 2021 2004 in intellectum solum diuino per comparationem ad
1235 2003 2030 2044 rem intellectam loquendo de comparatione secundum ra
1237 2041 2024 2088 tionem. Ex quo enim ab eterno nullus alius fuit
1228 2079 2025 2131 intellectus nisi diuinus. Ideo ante mundi con¬
1234 2121 2021 2179 stitutionem malum esse malum et falsum esse falsum
1231 2164 2027 2215 et huiusmodi non potuit esse verum nisi veritate existen
1237 2208 2015 2257 te in intellectu diuino et sic habetur propositum vicet quod
1236 2258 2018 2295 vna sola veritate diuina que fuit ab eterno fue¬
1239 2295 2029 2343 runt vera omnes iste et alie veritates. Si autem
1232 2331 2034 2388 ponetur quod deus noluisset ab eterno habere in¬
1234 2371 2036 2430 tellectu tales veritates rerum creatarum. vel de
1232 2415 2036 2470 malo et falso et nihilo. sed solummodo illam veritatem
1234 2458 2027 2516 que deus est. Tunc non fuisset neque veritas creata
1226 2507 2026 2553 neque falsitas neque loquens vel cogitans de veri
1231 2544 2029 2596 tate secundum quod est in re nec secundum quod est in intellectu: quia
1238 2587 2035 2633 tunc nullus fuisset intellectus in qua veritas vel
1230 2624 2027 2683 falsitas formaliter esse potuisset et per consequens
1227 2677 2053 2729 nec veritas fuisset cum verum et falsum non ha
