2356 3277
633 248 1143 363 Byssus Qui¬
649 343 1157 403 bus modis accipitur varie in scri¬
644 387 1144 444 pturis. Nota secundum Alexan. de ales
645 426 1151 485 aliosque. Abyssus dicitur ab a quod est
634 474 1154 527 sine et byssus quod est genus lini can
375 508 1146 564 didissimi. Et sic abyssus quasi sine claritate can
385 561 1146 610 doris. vel abyssus id est absque visu: quia eius altitudo
381 606 1141 651 videri non potest. Unde in scripturis accipitur pre¬
388 642 1148 691 cipue dupliciter. ¶ Uno modo litteraliter. Et sic secundum Lyram
374 682 1142 737 illud Ecc. i. Abyssi profundum quis dimensus
391 726 1151 776 est: Exponitur quod abyssus est ipsa profunditas impene¬
387 776 1148 819 trabilis maris oceani que licet sit mensurata in
388 816 1145 860 aliquibus locis aride propinquis ab ipsis nautis non
389 852 1160 903 tamen in omnibus sed in paucis respectiue. ergo dicitur non men
381 893 1147 940 suratus absolute et simpliciter ab aliquo. Unde abyssus
387 934 1147 985 litteraliter est pelagus immensum vel spelunca profundis
388 978 1157 1025 sima aquarum latitantium vnde fontes et flumina
387 1018 1145 1071 procedunt vt dicitur libro Catholicon. ¶ Alio modo
381 1065 1159 1113 Abyssus capitur metaphorice in sacra scriptura et
387 1104 1151 1157 pluribus modis. Primo capitur aliquando pro peccatis. Unde
376 1145 1151 1199 Ansel. lib. orationum dicit. Abyssus sunt peccata mea:
385 1197 1149 1242 quia incomprehensibilia sunt pondere et profunditate
377 1230 1153 1286 Inextimabilia sunt numero et immensitate quae abyssus
382 1278 1160 1326 est immeabilis quia nullus inde exit nisi per gratiam
390 1316 1158 1363 dei. extrahatur et sine fundo est quia qui sponte pec¬
394 1359 1146 1409 cat merito in profundissimum infernum cadit. si hic per
376 1401 1149 1445 dei misericordiam non liberatur. Hec Ansel. ibidem.
424 1440 1160 1492 Secundo Abyssus aliquando accipitur pro penis inferni
381 1483 1165 1527 vt cum Psalmus dicit. psalm. lx. Abyssus abyssum inuocat
387 1521 1160 1571 in voce cataractarum tuarum etc. Quod tractans Isid.
374 1572 1157 1617 de summo bono lib. i. et. ii dicit Abyssum inuocare
388 1612 1154 1656 abyssum est de iudicio conscientie ire ad iudicium damna¬
391 1652 1157 1696 tionis perpetue. In voce ait cataractarum tuarum id est in praedi
388 1692 1157 1742 catione sanctarum scripturarum tonantium super pecco¬
378 1732 1150 1779 res. Nimirum hanc eandem autoritatem exponens Ho¬
376 1777 1154 1822 norius Solitarius super Psalmus dicit quod sicut videmus
388 1816 1148 1866 in aquis fluentibus de fontibus siue de pluuia vicem
380 1862 1150 1909 quod abyssus prior hoc est cauerna que prius acci
384 1902 1138 1949 pit aquas et ipsa impleta posteriori infundit cum
378 1949 1141 1997 impetu. Et sic posterior abyssus quasi inuocan
381 1983 1145 2039 do expectat vt sibi prior aquas infundat. In vo¬
376 2032 1148 2072 ce cataractarum quae dicuntur aperture quasi fenestre
379 2070 1139 2115 fulgurum in nubibus per quas pluuie descendunt cum
379 2105 1142 2157 impetu et grandines voce tonitrui magni etc. Ita
369 2148 1139 2195 a simili scriptura dicit quod abyssus penarum inferna
372 2191 1148 2244 lium inuocat expectando abyssum peccatorum vt sibi infun¬
371 2233 1145 2284 dat peccatrices animas de penis tamquam cauernis hu¬
370 2281 1148 2332 ius miserie ad penas tanquam cauernas inferni in
387 2319 1151 2372 voce christi dicentis in iudicio. Ite maledicti in ignem
380 2364 1151 2411 eternum et sanctorum approbantium.  ¶ Tertio modo abys
378 2397 1140 2448 sus accipitur aliquando pro diuinis iudiciis secundum il¬
372 2444 1135 2488 lud Psalm. Iudicia dei abyssus multa. Hinc An¬
378 2488 1145 2535 selmus vbi. supra. subdit. Abyssus etiam iudicia sunt
366 2527 1139 2574 diuina. Unde abyssus diuinorum inquit supra
370 2577 1133 2625 me est. Abyssus inferni subtus me est. Abyssus
375 2612 1144 2664 peccatorum intra me est. Illa que supra me imminet
367 2658 1141 2726 timeo ne in me irruat et me cum abysso peccatorum
1219 251 1992 318 in abyssum inferni obruat. Hec Ans. etc. ¶ Abys¬
1227 298 2000 351 sus ergo exinde aliquando dicitur theologice sapi
1223 350 2004 398 entie profunditas iuxta dictum apostolis Rho. xi. vbi ait
1219 385 1988 437 O altitudo diuitiarum sapientie et scientie dei. quam¬
1225 426 1994 473 incomprehensibilia sunt iudicia eius et inuestiga
1233 468 1994 522 biles vie eius scilicet non tantum humano sed etiam angelico
1225 511 1996 556 sensu. Proinde et scriptura Eccli i. cum dixisset Are¬
1227 557 1998 606 nam maris et pluuie guttas et dies seculi quis di¬
1218 595 2000 645 numeraui scilicet secundum certitudinem: et altitudinem celi et lati¬
1215 638 2000 685 tudinem terre et profundum abyssi quis dimensus
1230 677 1994 724 est. mox subiunxit sapientiam dici precedentem omnia quis
1230 720 2000 769 inuestigauit. q. dicit. nullus nisi deus solus qui no
1230 769 2000 816 uit omnia. ¶ Itaque de abysso theologice sapien¬
1224 811 2005 860 tie acturi de qua Augu. ii. Epistola ad volusianum
1224 856 2000 900 dicit quod tanta est christianarum profunditas scripturarum vt
1227 892 2000 942 si in eis quotidie proficeremus nec tantum plene posse¬
1235 931 2012 981 mus etiamsi eas solas ab ineunte pueritia vsque
1227 967 2006 1016 ad decrepitam senectutem maximo ocio summo stu¬
1231 1008 2007 1055 dio meliori ingenio conaremur addiscere. Uerum
1228 1051 1997 1105 tamen hoc est mirabile quod dicente Grego. pelagus
1236 1097 2006 1141 sacrarum scripturarum profundissimum ouis peditat
1239 1139 1999 1185 sed Camelus natat. hoc est humilis attingit non
1236 1181 2008 1227 superbus quia prouer. xi. Ubi humilitas ibi sapien
1237 1217 2013 1271 tia praemissis ¶ His praeambulis anquam ad particula¬
1236 1263 2000 1315 ria descendamus alique questiones communio¬
1239 1306 2003 1360 res sunt partractande. Nam vt habetur primo physicorum
1236 1351 1997 1402 Innata est nobis via cognoscendi a communio¬
1227 1380 2008 1440 ribus ad propria descendendo. Unde et Pueri pri¬
1230 1435 2012 1482 mo omnes viros: patres: et omnes feminas matres ap¬
1221 1471 2005 1542 pellantem postea vnumquemque determinant. Hec ibi.
1365 1546 1996 1669 Rima ergo que¬
1372 1646 2005 1700 stio occurrit de salubri necessitate theo¬
1197 1658 2007 1747 llogie. ¶ Utrum scientia vel doctrina sacre theolo¬
1227 1727 2006 1781 gie sit necessaria ad salutem Et ratio est questionis
1231 1774 2005 1824 quia scribitur Eccli. iii. Altiora te ne quesieris Cum
1231 1819 2012 1867 ergo theologica scientia sit altissima excedens hu
1225 1855 2006 1912 manam cognitionem sequitur quod non sit necessaria. Sed
1221 1895 2012 1957 ad hoc Rich. de medi. vil. in proemio primi sententiarum
1224 1946 2006 1987 q. i. dicit quod est altiora querere tripliciter. Uno modo spiritu
1222 1979 2009 2038 diabolico. sicut faciunt multi heretici qui videli
1223 2030 2010 2082 cet intelligere quesierunt altiora ex superbia vel ma
1216 2062 2012 2120 licia quae veritatem destruere nituntur. Secundo spiritu hu¬
1224 2106 2013 2160 mano vt aliqui philosophi fecerunt curiose et presum¬
1225 2152 2024 2199 ptuose Istis duobus modis prohibet scriptura prae¬
1224 2195 2015 2240 dicta querere altiora. Sed tertio modo est que¬
1225 2241 2018 2284 rere altiora spiritu diuino sicut faciunt sancti theo
1212 2275 2021 2333 logi instinctu spiritus sancti. Et sic licet querere
1214 2322 2017 2375 altiora veritatem fidei catholice sectando. Unde
1209 2357 2021 2413 ibidem scriptura subdit Plurima super sensum
1212 2405 1976 2446 hominis ostensa sunt tibi scilicet in sacra scriptura.
1222 2442 2022 2501 ¶ Ad quesitum ergo Respondetur per conclusionem
1224 2487 2024 2537 quod necesse est homini ad salutem theologicam do¬
1215 2530 2032 2580 ctrinam supernaturaliter inspirari Nec sufficit ad
1221 2579 2028 2621 salutem naturalis scientia humanitus adinuen¬
1203 2607 2034 2658 ta. Et primo sic probatur quia ex. ii. metaph. Sicut se
1210 2650 2042 2724 habet oculus noctue ad lumen solis ita intelle¬
