2249 3285
393 284 1161 344 quia cum deus praecipit aliquid vel prohibet. Tunc
393 331 1159 388 secundum intellectum dei praecipientis non solum signum est
405 373 1153 435 quod deus velit illud impleri. sed etiam signum es
408 413 1156 479 quod deus velit voluntate consequenti transgressores
410 456 1166 519 praecepti huiusmodi punire etc. Et hoc patet per Grego.
403 505 1156 557 etiam. vi. lib. morals. dit. Omnipotentis dei consilie
412 542 1157 592 dum mali resistere nituntur: obsequuntur. quia sepe¬
410 584 1168 637 hoc eius dispositioni aperte militat: quod deo per
410 624 1168 682 humanum studium friuole insultat. Hec ille. Un¬
407 666 1165 725 de claret quod voluntas dei ex omni parte superat
412 717 1165 769 et vincit omnia. vt dicit Augu. supra. quia tam ex pai
408 750 1172 810 te voluntatis beneplaciti absolute. tam ex parte
410 791 1162 848 voluntatis antecedetis: quam etiam consequentis. Tan
402 837 1142 901 denique ex parte voluntatis signi. et sic de aliis.
404 874 1177 953 ¶ An voluntas beneplaciti dei sit
404 939 1178 994 causa sufficiens ad omnia. Nam si dicas quod non.
402 978 1165 1033 eo quod alie etiam cause particulares et secundarie deben
409 1017 1171 1075 concurrere. sequitur quod deus erit insufficiens cau¬
411 1062 1162 1131 sa. et per consequens deficit ab omnipotentia. quoc
417 1104 1174 1165 est absurdum. Si autem dicas quod sic: quia ipsa fa¬
418 1148 1181 1211 cit omnia. sequitur quod ergo cetere cause erunt ociose
423 1189 1168 1244 vel frustra. Respondetur secundum Guil. ea. dist. il v. Quod cau
413 1233 1175 1289 satio diuine voluntatis non impedit aliarum cau¬
411 1270 1168 1326 sationem causarum. quia causat in suo ordine. et ali¬
420 1312 1171 1377 in suo. Unde August. super Gene. dicit. Sic deus
420 1358 1169 1411 res quas condidit administrat: vt eos propos
408 1401 1178 1455 motus agere sinat ¶ Si petas quomodo hoc
419 1432 1184 1498 cum Auctor lib. de causis propositione prima dicat.
409 1481 1172 1535 Omnis causa prima plus est influens super cau
416 1530 1171 1589 satum suum quam causa secunda. et per consequens ten
419 1569 1175 1620 tum causat. et ita cetere cause nihil videntur causa
414 1612 1181 1664 re. Dicendum inquit idem Guil. quod totum cau
422 1649 1173 1711 sat. et tamen cetere etiam cause causant. Imagi
416 1690 1189 1755 natur enim hoc argumentum quod causatio ista sit sud
426 1731 1183 1791 cessiua. Ita quod causa prima causet primo in vno
423 1774 1180 1827 instanti. et cause alie in alio instanti. Sed non est
433 1816 1185 1879 sic. imo omnes in eodem instanti causant: sic quod
424 1864 862 1931 sunt singule permanentes.
432 1896 1180 1988 Sed an diuina voluntas aliquo
423 1972 1186 2025 modo concurrat: etiam ad peccatum: Respondent Guil.
426 2017 1192 2073 Ibidem. Quod si sit peccatum commissionis: concur¬
420 2059 1189 2107 rit ad substratum peccati: et non ad deformitatem.
432 2101 1189 2154 Imo ipsa deformitas peccati est a sola volunta¬
415 2140 1186 2194 te creata. vt etiam de hoc latius et clarius tactun
417 2180 1183 2228 est. vbi Potentia. §. x. Sed quomodo possit dei voli
424 2224 1181 2275 tas concurrere ad substratum peccati sinc huius
427 2263 1196 2320 deformitate. Cum dicat Aristo. ii Ethicorum. quod ali¬
439 2301 1196 2358 qua sunt: que mox nominata habent annexa ma
441 2347 1188 2398 liciam. sicut Mentiri. et in theologia est odire de
435 2389 1189 2445 um. Hic dicit Guil. ochan in suo Centilogio. Quod
435 2442 1187 2488 posset quis meritorie odire deum: si deus precipi
438 2471 1192 2521 ret seipsum odire. Sed contra hoc Guill. vbi. supra
439 2515 1198 2568 dicit. Quod istud dicere est piarum aurium in tantum
433 2556 1190 2612 offensiuum vt impugnari non debeat. In pri
442 2600 1196 2656 ma enim tabula decalogi non cadit dispensatio. er¬
444 2641 1193 2694 go illud dictum non est verum ¶ Unde dicendum
427 2683 1195 2749 est. Quod est deus ad totum tunc concurrat. non ta¬
1225 258 2009 335 men peccat. quia peccati deformitas est ex parte
1230 321 1999 385 solius voluntatis create: et non ex parte dei. Hec Guil.
1303 362 2006 437 ¶ Utrum voluntatis dei est fieri
1239 417 1928 497 mala. Uide vbi De Malo. §. Pluribus.
1275 495 2018 588 ¶ Item de voluntate dei qua per¬
1246 581 1901 632 mittit malum. vbi Permissio. per totum.
1275 642 2015 726 ¶ Item an voluntas diuina pos¬
1247 707 1861 785 fit precipere mala. vbi Precipere. §. iii.
1236 798 1996 871 ¶ Quo ponitur in deo voluntatis be¬
1245 853 2005 910 neplaciti diuisio. videlicet in ipsam voluntatem an
1246 905 2020 951 tecedentem et in consequentem. vt patet per Damasce. ii.
1242 938 2008 999 sententiarum. c. penul. et communiter doc. ¶ Nota secundum Bo
1239 978 2008 1036 na. in primo. q. xlvi. simulque Rich. et Tho. quod hec
1257 1024 2014 1080 distinctio non est intelligenda ex parte diuine volunta
1251 1063 2014 1122 tis: quasi ipsa esset diuersa. quia est omnino vnica in se
1246 1116 2021 1159 diuina voluntas. Sed propter diuersas conditiones
1245 1152 2021 1202 ipsius voliti: sic distinguitur voluntas divina. Un¬
1250 1196 2013 1247 de ista antecedentia voluntatis et consequeutia: non
1252 1242 2014 1289 est accipienda ex parte volentis dei: sed ex parte volito
1254 1274 2020 1330 rum. Exemplum. Exquo Apistolus scribit. i. Timoth. ii.
1255 1324 2014 1374 Quod deus vult omnes homines saluari et ad agnitionem ve¬
1253 1363 2027 1411 ritatis venire. Istud necesse habemus concedere tan¬
1253 1400 2020 1457 quam veritatem a spiritu sancto dictam. Sed quia hoc dictum
1262 1445 2016 1499 non potest verificari de voluntate signi. quae non semper
1253 1487 2018 1538 impletur. necesse habemus exponere de voluntate be
1251 1527 2020 1583 neplaciti. Scimus autem quod non omnes homines saluantur.
1257 1578 2026 1629 quia dicente christo Math. xx. Multi sunt vocati: pau
1262 1613 2033 1668 ci vero electi. Constat etiam quod dei voluntas non po¬
1257 1653 2014 1710 test frustrari. vt patuit ex praedictis. Ideo vt hec scri¬
1260 1705 2035 1753 ptura verificetur. necesse est voluntate dei distingue
1257 1749 2023 1794 re in voluntatem antecedentem: que est condicionata.
1254 1781 2023 1834 et in voluntatem consequentem: que est determinata
1263 1820 2038 1878 vt Scotorlis. dicit. e. dist. xl vi. et Bona. Ita quod sit sen¬
1263 1855 2032 1915 sus. Deus vult omns homines saluos fieri. lub ista
1255 1912 2036 1962 conditione: si non ponunt obicem gratie dei. quia
1263 1950 2030 1997 quantum est in se: deus vult bona omnibus hominibus ex chari
1254 1992 2021 2040 tate. Omnis enim habens charitatem: vult salutem ho¬
1263 2034 2032 2096 minum. sed deus habet summam charitatem. ergo etc.
1293 2079 1700 2138 Ad idem in sequentibus
1250 2100 2055 2186 ¶ Quo ergo voluntas diuina ex be
1270 2175 2026 2232 neplacito vult omnens homines saluari. cum tamen non
1271 2222 2038 2269 vult omnes homines eligere vel praedestinare. Saluatio
1265 2264 2028 2317 autem praesuponit electionem. Iuxta illud Apostolis. Quos
1267 2310 2029 2353 elegit: hos et praedestinauit. et quis praedestinauit: hos
1266 2352 2033 2398 et vocauit etc. Et magnificaui scilicet per gratiam et gloram
1256 2387 2047 2434 etc. Si ergo non elegit omnes sed paucos. Math. xxii.
1261 2423 2036 2475 ergo etc. ¶ Respondetur secundum Guil. e. dist. xl vi. et Scotor.
1263 2473 2038 2525 Ibidem. q. ii quod auctoritas illa Apostolis tripliciter solet ex¬
1263 2516 2029 2566 poni ¶ Prima expositio est Iobienis Damasce. ii
1266 2559 2024 2606 suarum sententiarum. c. penul. qui ad saluandum illam au¬
1266 2596 2030 2643 ctoritatem: adinuenit voluntatis divine distinctio¬
1266 2634 2029 2686 nem: in voluntatem antecedentem et consequentem. Et
1264 2686 2044 2751 dicit sic. Oportet sciri quoniam deus vult autecedentat:
