2236 3356
184 297 951 384 et promissio ac remuneratio reducitur ad praeceptum vel
189 372 950 425 consilium. comminatio et prunitio: ad prohibitionem. Et sa
183 410 968 480 tis claret. Ideo partranseo de horum signorum sufficien¬
199 451 511 496 tia causa brevitatis
195 484 956 561 ¶ Quis et ordo inter signa divine
201 553 953 602 voluntatis praedicta: Nota secundum. e Guil. dist. xl vii. pim
198 601 958 648 ¶ Quod loquendo absolute: prius natura in deo intelli¬
189 642 959 694 gitur. non velle mala fieri: quam velle bona fieri. quia
198 687 959 734 absolute: negatio actus scilicet non velle: prior est quam ipse
202 721 962 771 actus scilicet velle. Nam secundum nostrum modum intelligedi de
199 765 968 813 non volente fit volens. cum voluntas mouetur ad vo¬
192 807 968 855 lendum etc. Sed loquendo comperatiue ad bonum et malum.
201 852 955 904 prius dicitur deus velle bona quam non velle mala. Et hous
189 900 962 944 ratio. quia quanida potentia aspicit duo opposita. vnum per se¬
198 934 953 990 teliquum per acciuns. Prius respicit obiectum per se qua
205 985 956 1030 peraccidens. sed huiusmodi est malum et bonum respectu vo
204 1017 956 1069 luntatis. Bonum enim est obiectum per se voluntatis. et
205 1068 970 1116 malum per accisens. vt bonum eliciatur. Patuit. supra. Per¬
195 1103 965 1146 missio. §. v. Ex qua sequitur. quod inter signa divine volun¬
195 1143 962 1194 tatis: ea quae sunt de bono sunt prieora. videlicet consi
204 1190 968 1242 lium. praeceptio. et impletio siue operatio. Ea autem signa
204 1230 968 1281 quaest de malo vt permissio et prohibitio: sunt posterio
195 1272 967 1322 raordine nature. Item inter hec permissio prior est
202 1315 961 1367 quam prohibitio. quia nisi deus permitteret mala fieri: non esse
214 1361 961 1409 opus prohibitione. Data vero prohibitione: adhu
201 1397 965 1469 oportet esse permissionem: que praeintelligitur semper prohi¬
193 1443 557 1501 bitioni etc. Hec Guil.
178 1473 965 1553 ¶ Utrum preter dei voluntatem eueni¬
213 1554 970 1597 ant in vniuerso aliqua bona vel mala: Respondetur secundum
214 1590 959 1639 Guil. e. di. xl vii. quod licet praeter antecedentem dei volunt:
204 1639 961 1689 te: et contra eam multa eueniant. nihil tamen praeter voluntati
204 1675 961 1730 consequentem et permissionem venire noscitur. Patet prima pars
213 1719 964 1766 huius conclusiois. quia voluntate ancedente: deus vult omnes
211 1758 965 1807 homines saluos fieri. i. Timoth. ii Et tantum multi non
201 1809 974 1853 saluantur contra huiusmodi voluntatem antecedentem. Item secunda
210 1843 977 1891 pars patet. quia voluntas consequens: est voluntas dei efficax:
205 1886 971 1938 cui non potest resisti. Rho. ix. ergo omnia in modo qui eueni¬
207 1928 974 1970 unt in mundo: fiunt aut dei voluntate consequente. aut per¬
213 1971 979 2019 missione eius. sicut mala quae deus perm ittit. vt patuit latius.
213 2012 977 2064 vbi Prouidentia. §. v. et sequentibus. Ex qua patet error
208 2060 974 2106 Commentatoris. xi. Metap. dicit quod de istis vilibus pu
214 2100 983 2149 ta quod aranea faciat telam et huiusmodi. deus non se intro¬
211 2145 979 2193 mittit: nisi quantum participant in natura communi. Patet flim.
210 2181 968 2257 ¶ In ergo mala etiam que sunt con
217 2235 970 2284 traria volutati divine: fiant secundum voluntatem dei. aut prae
213 2283 977 2334 ter vel contra voluntatem dei: Nota secundum Guil. e. di. xl vii.
210 2325 982 2373 concor. Scotor. Ibidem. quod ista tria differunt. praeter vo
214 2368 974 2413 luntatem. contra voluntatem. et supra voluntatem. sicut et ista
207 2407 970 2457 tria. praeter naturam. contra naturam. et supra naturam
228 2454 973 2505 ¶ Nam praester voluntatem dicitur aliquid fieri: quando id fit quoo
204 2494 986 2550 a voluntate praeordinatum non fuit. Sicut et pter naturam
207 2550 982 2590 aliquid fieri dicitur: quod non habet vsus nature. prout secundum glo¬
220 2581 977 2626 fuit conuersio virgarum magorum in serpentes. Exo. vi
207 2623 986 2677 Isto modo praeter dei praecepta fit aliquid: non tamen praeter per¬
214 2666 994 2722 missionem: quia etiam mala ex consequenti ordinantur. ¶ Item
208 2712 983 2761 contra voluntatem dici fieri dicitur. quando voluntati directe contraria¬
213 2750 988 2808 tur. Sicut aliquid dicitur fieri contra naturam quod eust cursui con
1039 298 1801 379 trariatur. prout dum cetus illuminatur. quia per naturam a
1038 368 1796 427 priuatione impossibilis est regressus in habitum. Et sic
1042 412 1810 458 licet contra dei voluntatem ancedentem multa fiant. nihil tamen
1041 456 1805 515 contra dei voluntratem consequentem. vt ptunit in. § praecedenti
1069 493 1802 541 Denique supra voluntatem aliquid fieri dicitur. quandio id effici¬
1041 536 1798 580 tur ad quod voluntas nequit se extendere. Sicut et supre
1039 578 1814 621 naturam fit: quando facultas nature non sufficit. et sic cum
1047 624 1810 673 voluntas divina sit infinita et summa supra eam nil potest fie
1045 665 1804 719 ri etc. ¶ Ad quesitum ergo dicendum secundum doc. primissos.
1038 704 1805 760 quod licet nullum bonum eueniat in mundo praeter dei vo¬
1044 749 1816 794 luntatem. Tamen malum culpe euenit praeter et contra bemplaciti
1047 793 1813 839 voluntatem. Prima pars patet. quia in deo idem est scientia et
1053 833 1820 886 voluntas besmplaciti in re. et deus per sceitam nouit omniam
1041 881 1802 925 quorum est ipse causa effectiua. Et quia obiectum voluntat
1051 915 1823 964 divine est bonum simpliciter. et illud extendit se ad omne bo¬
1044 954 1816 1013 dum quod efficit. ergo nullum bonum euenit praeter dei volun¬
1047 999 1816 1043 tatem. Secunda pars patet. Quia illud ad quod voluntas neu¬
1047 1041 1814 1088 traliter se habet. si euenit: non euenit secundum voluntatem illam.
1050 1084 1813 1133 sed voluntas diuina neutralitet se habet ad malum culpe.
1046 1129 1814 1178 ergo etc. Item iustus iudex non punit aliquem de eo
1057 1168 1820 1224 quod eueuit secundum voluntatem eius. sed deus punit
1048 1212 1556 1270 hominem de malo culpe. ergo etc.
1032 1287 1813 1377 ¶ An demodnes possint et faciant omnia
1045 1352 1816 1427 mala quae voluntas dici non prohibet. vbi Angelus. §. xiii.
1036 1429 1814 1516 ¶ An deus possit aliquid praecipere quod
1037 1500 1622 1561 non velit fieri. vbi Precipere. §. vi
1042 1587 1816 1669 ¶ Utrum omnia mala qua voluntate dei
1045 1642 1816 1705 non prohibentur eueniant. Respondetur secundum Rich. in primi. dist.
1044 1694 1826 1751 xlvi. q. iiii. Quod omnia mala quae a deo non prohibentur:
1056 1731 1826 1781 tueniunt large extendendo: non prohibitionem. Declaratur.
1046 1771 1829 1823 quia Primo prohibet deus malum fieri: non damndo po
1050 1826 1816 1871 testatem creature vnquam quod aliquid malum facere possit
1046 1859 1823 1908 et sic prohibet nequis vnquam possit odire finem su¬
1056 1900 1822 1953 um naturalem. sicut beatitudinem. Alio modo deus
1040 1944 1835 1998 prohibet multa mala: non dando potestatem creature
1050 1987 1832 2040 faciendi talia pro aliquo tempore. et sic prohibet a dormiente
1051 2031 1819 2086 ne peccet dum dormit. et amentes et pueros ante vsum
1050 2071 1823 2123 rationis. Tertio prohibet per aliqua impedimenta accidenta
1051 2119 1825 2163 lia: quae impediunt vel auertunt voluntatem creature a ma
1056 2153 1834 2209 lo faciendo. vt per infirmitates vel alios casus. sic ergo
1057 2196 1825 2247 large extendendo non prohibitionem. potest dici. quod si nullo
1057 2231 1843 2292 modo prohibetur a deo: eueniunt omnia mala. quia malum est
1061 2281 1826 2330 defectus boni debiti. sed creatura ex se deficiens est ab
1065 2323 1828 2372 omni bono debito. Si ergo deus non mouet ad faciendum
1059 2365 1822 2415 bonum: non prohibet creaturam a defectu boni. et sic de
1053 2407 1834 2458 ficienti totaliter: omnia mala euenient. Sed non prohibiti¬
1063 2454 1829 2503 onem: accipiendo minus large: pro aliqua permissione. Sic
1057 2493 1840 2546 Augustinus. iii. de trinita. c. viii. dicit. Homo po¬
1052 2537 1822 2588 test ambulare: si tamen permittatur. sed volare non
1054 2574 1838 2652 potest: etiamsi permittatur. ergo nec potest aliqua mala facem
1257 2620 1714 2667 re. etiamsi non prohibetur etc.
1267 2671 1829 2762 Qiuntas diuina
1059 2726 1844 2803 iiii. prout conformari demus sibi. Quid sit conformitas
