2236 3295
429 248 1196 311 Una dicitur Uoluntas rationis. Alia pietatis Tertia
430 308 1189 359 charitatis. de quibus ptuit. supra § ii. Preterea quarta ess
441 349 1183 399 voluntas sensualitatis. Proinde secundum Guil. e. dist
429 392 1192 446 xlviii. et Tho. ac Bonauem. etc Ddnecum quod secundum volun
445 434 1189 482 tatem pietatis: possumus velle opponitum illius quod deus
448 479 1200 526 vult. quia Auguli. in Enchiris. c. ix. dicit Aliquando homo bona
441 516 1198 564 voluntate vult quod deus non vult. Hoc est intelligen
436 561 1193 602 dum de voluntate pietatis: praecipue. Unde Hieremias
438 601 1190 647 li. Thren dolebat ex pietate destructionem Hierti
448 641 1190 696 salem. quam tamen deus volebat. Et dominus Iesus ex pa
441 686 1190 746 etate humanitatis flebat super hierltum. quam tamen vo
435 717 1193 774 luntate deitatis destrui volebat. Isto etiam modo San
442 772 1199 824 cti aliquotiens inter se volunt opposita. Nam Actl
438 814 1192 866 xxi. Paulus volebat in Hierltum alligari pro noin
438 858 1207 909 Iesu: et discipuli nolebant. Ergo vel ille: vel isti
435 900 1201 950 non erant conformes deo. Isto modo etiam Beata vergo
441 945 1212 992 nolebat et flebat morte filii sui: quam deus vole¬
438 980 1199 1033 bat ¶ Item secundum voluntate rationis deliberatiue ten¬
436 1029 1199 1072 mur velle quod deus vult. quia Ratio recta dictat vi
442 1067 1197 1122 deo subiiciamur. Similiter voluntate charitatis id est cha
430 1108 1193 1164 rtate informata tenemur conformari. Istis modis
438 1137 1194 1203 christus mortem suam volebat. Sic et Mater eius. licet vo
435 1185 1192 1240 luntate sensualitatis opponitum volebant Si tamen deus
442 1241 899 1291 vellet. Et sic debemus et nos.
480 1267 1209 1348 ¶ Sed quid de his qui cum tristicia
432 1344 1200 1396 et non leto animo volunt id quod deus vult. puta aduer¬
435 1379 1205 1428 sa pati. vel mortem subire: vt putant deum velle: Respondetu
433 1426 1210 1477 secundum Tho. Ibidem quod in talibus sufficit non recalci¬
435 1465 1205 1511 trare diuine ordinationi. sed voluntate Rationis et
435 1510 1190 1559 Charitatis se subiicere voluntati diuine. Nec opo
435 1546 1196 1592 tet affectum vel gaudium experiri de hoc quod fit secundum ta¬
442 1587 1205 1643 lem voluntatem. quia. iii Ethi. dicitur quod sufficit ad virtutem
444 1629 1196 1689 Fortitudis: non nimis tristari in periculis mortis
435 1670 958 1737 quauis non gaudeat. Hec ex Tho.¬
486 1702 1205 1786 ¶ Quid de voluntate plati: cum sit
435 1762 1197 1828 persona dei: An ergo tenetur Subditus velle omne illud
436 1819 1190 1863 quid scit suum Prelatum velle: sicut et diuinum velle: Ad
423 1862 1196 1911 hoc Bon. supra dicit quod differentia est de dei voluntate et
436 1903 1196 1948 de Prelati voluntate. quia hoc ipso quod deus praecepta
426 1946 1189 1998 dedit a principio scimus deum velle illud quod praecepit
430 1991 1181 2040 io tenemur conformari diuine voluntati in eo quod
423 2029 1189 2081 cepit. etiamsi de nouo non praecipiat. nec loquatur no
423 2075 1196 2124 bis deus. Sed sufficit quod scio dei voluntatem: eti
436 2117 1190 2160 am per signa quecumque. In praelato non est simile. quia ne¬
430 2157 1193 2210 scimus Prelati voluntatem nisi per mandatum eius Id¬
429 2207 1198 2247 circo Prelati voluntati dum expresse scio quod vult hoc
436 2243 1193 2293 me velle: tunc teneor sibi in voluntate mea conforma
432 2282 1187 2330 ri. alias non ¶ Item Rich. ibidem dicit quod Tenexi ten
436 2327 1196 2375 tione necessitatis durum videtur. nisi scirem quod in volunta
441 2369 1198 2418 te sua intenderet hoc mihi praecipere Prelatus per obe¬
430 2408 1193 2456 dientiam mentaliter. eo quod praeceptum verbo tenus aliqua de
436 2449 1187 2502 causa explicare non auderet. Nam et Tho. ii. ii. quoe
433 2492 1199 2542 Ciiii. dicit quod in his quae partinent ad interiorem motum
433 2541 1197 2586 voluntatis: non tenetur homo homini obedire. Quod limi
426 2577 1187 2628 ta verum nisi opus extrinsecum non posset perfecte per
427 2621 1185 2673 fici sine applicatione: animi. quia tunc teneretur obedi¬
429 2664 1180 2737 re applicando animum ad perficiendum quod praecipitur
1257 236 2046 310 Exnaten de odio interiori quod deponere tenetur: si praeci¬
1266 294 1774 361 pit prelatus quod missam dicat etc.
1257 332 2042 409 ¶ An teneamur conformare volun
1273 398 2036 453 tatem nostram voluntati divine: etiam in modo et for¬
1263 438 2036 490 ma seu ratione volendi. Alex. de Al. in i. di. xl viii. quod
1270 492 2030 533 non. absolute loquendo. quia si homo honorat pa
1276 531 2042 573 trem suum non ex charitate: sed ex beniuolentia. non
1293 565 2042 612 eccat. Sed tenemur loquendo condicionaliter. vide
1272 616 2033 662 licet si volumus mereri vitam eternam. sic debemus
1275 649 2036 706 conformari in modo etc. Item sanctus Bon. e. dis. dicit. quod
1281 700 2039 740 tenemur conformare voluntatem nostram voluntati
1273 733 2041 780 diuine in modo volendi affirmatiue. Nam confor
1269 772 2048 827 mari deo in volendo: est praeceptum affirmatiuum. Si¬
1269 817 2045 871 militer charitatem habere et ex charitate operari: est de prae
1281 860 2044 911 cepto affirmatiuo. vt dicit etiam Guil. Ticet autem pre¬
1279 902 2038 954 cepta negatiua obligent ad semper et pro semper. vt non
1274 943 2059 991 furtum facies. et huiusmodi. Tamen praecepta affirmatiua
1269 986 2048 1040 obligant ad semper sed non pro semper. Obligant enim tantum pro
1281 1026 2042 1078 loco et tempore. Ideoque non tenemur in quolibet opere
1282 1070 2053 1117 operari ex charitate: sicut nec habere charitatem. et ita
1275 1112 2047 1164 nec conformari ex charitate: sed tantum pro loco et tempore.
1282 1152 2048 1202 Alio quin semper de nouo peccaremus pro qualibet hora:
1282 1197 2045 1252 quandiu in peccato mortali staremus. et nulla essentis
1282 1233 2041 1286 opera indifferentia. sicut leuare festucam. quod fecum est.
1273 1279 2045 1361 ¶ Ex quo patent plura. ¶ Primo
1285 1337 2044 1390 quod homo tenetur conformari voluntati divine. non solum in vo
1276 1385 2042 1434 lito: sed etiam in forma volendi. vt sicut deus vult ex cha
1282 1428 2038 1477 ritate omnia: ita et nos sub eadem ratione charitatis veli¬
1284 1468 2039 1522 mus scilicet ex charitate. et nunquam ex libidine velimus
1271 1509 2050 1561 contraria deo. Nam charitas est forma virtutum et fi¬
1279 1562 2032 1609 nis praecepti: ad quam intendit deus nos obligare
1284 1598 2042 1648 ¶ Sed posset quis arguere. Nullus tenetur ad id quod
1272 1632 2047 1687 non est in sua potestate. sed habere charitatem non est in
1272 1686 2050 1736 pteatate hominis: sicut nec habere gratiam. ergo etc. Dicendum vt
1270 1719 2039 1768 ex dictis patet. ¶ Secundo quod si homo non habet charitatem: non
1285 1763 2051 1814 excusatur: quia tenetur facere quod in se est: vt eam habeat
1281 1805 2044 1856 pro loco et tempore. et sic velit dine voluntati conformari in
1272 1847 2047 1906 modo. Deus enim semper praesto est dare charitatem et gratiam homin
1269 1886 2047 1942 facienti quod in se e. ergo non excusatur homo ¶ Ex si quaratur. quando
1269 1931 2042 1979 est hoc tempus et locus licet pro quo homo obligatur habere charitatem. et
1269 1976 2038 2027 sic conformari divine voluntati. Bon. Ibidem dicit quod est
1270 2019 2042 2067 quando deus visitat talem interiori locutione vel exteriori.
1272 2059 2030 2107 scilicet praedicatione. vel ex scripture lectione. vel aliquo tali in quo
1268 2106 2046 2155 est oportunitas redeundi ad cor. Unde tunc si negli¬
1269 2141 2045 2210 gat incidit in nouum peccatum contemptus et omnissionis.
1272 2182 2045 2242 Item Alex. de Al. secunda secunde. de negligentia. q. viii. dicit.
1276 2229 2038 2281 quod quando gratia dei excitat peccatorem ad conuertendum: faciens
1279 2272 2033 2323 recognoscere peccatum suum. tunc tenetur conteri vel dolere
1263 2314 2038 2357 actu de peccatis. alias nouo peccato peccat. Unde secundum
1267 2356 2032 2412 Guil. supra. hoc plus docet spiritus sancti vnctio quam homo
1305 2395 2039 2442 ¶Tertio ergo patet quod homo quadiu stat in peccato: non
1264 2439 2033 2491 est conformis divine voluntati. etiamsi velit facere ali¬
1267 2476 2029 2525 quod bonum de genere scilicet ieiunare. elemosynam dare. et
1266 2523 2032 2566 huiusmodi quae deus vult. nec tamen pro qualibet hora de nouo pe¬
1266 2563 2038 2615 cat. quia non tenetur pro semper sed pro loco et tempore. quando videlicet
1260 2606 1876 2669 tenetur exire in actum charitatis. vt patuit
1252 2638 2062 2733 ¶ An homo qui no conformat voluntatem
