2255 3316
207 271 986 336 ciatorum ponimus in mente artificis praexistentes et
211 335 974 377 sic ideas dicimus in deo sicut exemplares formas
207 379 976 432 operatiuas vel productiuas rerum. vn deus per ideas
208 415 986 466 habet cognitionem de rebus non tantum practica sed eti
204 461 977 505 am speculatiuam. quia cognoscit res per illas non solum
208 501 973 551 secundum quod ab ipso fiunt vel facte sunt. sed etiam secundum quod
211 543 986 591 in propria natura subsistunt vt dicit Tho. Declaratur
211 586 989 632 secundum Rich. etiam di. xxxvi. q. i. quia idea est in intellectu
211 628 986 676 quaedam similitudo rei cognite. Deus autem in suo intelle¬
204 671 989 720 ctu habet similitudines omnium creaturarum per quas eas
211 721 985 761 cognoscit tanquam causa producens suos effectus.
213 753 980 811 Unde Diony. de di. no. c. ii. dicit. Causatiua scilicet per intel
204 796 981 848 lectum et voluntatem habent causalium imagines pe¬
208 842 987 888 nes se. Constat enim quod lapis vel antichristus non est
210 880 988 927 in dei mente secundum rem praesens vere. sed solum secundum co¬
204 921 985 971 gnitionem. Et illa similitudo qua cognoscit deus creatu¬
207 972 976 1017 ram sicut artifex suum artificiatum dicitur idea tlis creatu
211 1009 989 1061 re Sicut arca in mente artificis est idea arce ex¬
202 1050 390 1104 terioris etc.
255 1075 983 1169 ¶ Sed difficultas est. quia deus no
207 1156 977 1200 uit omnia per essentiam. ergo idea non est necessaria. vnde et
201 1195 983 1243 Diony. de di. no. c. vii. dicit Cognoscit diuinus in¬
208 1237 971 1279 tellectus ex seipo et per seipsum non secundum ideam singulis
195 1280 973 1328 initens. sed secundum vnam excellentie causam omnia noscens
199 1322 979 1370 Hec ille. Dicendum secundum Bona. et Rich. supra quod Dio¬
195 1363 973 1410 ny. non negat ideas esse in deo. sed ibi vult hoc so
207 1406 971 1450 lum dicere quod non sic est varia pluralitas idearum in
201 1449 970 1499 deo sicut in nobis de rebus singulis. verum tantm et Guil
202 1486 983 1537 e. di. xxxv. dicit quod etsi cognitio diuine essentie suffi¬
201 1527 974 1577 ceret eminenter cum sit eminentissima. Tamen ex sua
196 1574 977 1625 eminentia has magis producit rerum proprias ideas.
207 1616 977 1668 Nam si queratur ad quid sunt iste idee in deo: Bona¬
199 1657 980 1707 uem. dicit. quia omnis sapiens artifex requirit similitu¬
204 1699 974 1745 dinem artificii vt debite operetur Cumigitur deus sit ar¬
198 1745 976 1795 tifex sapientissimus requirit ideas quasi quasdam
208 1785 973 1838 imilitudinesrerum non propter indigentiam. quia vt Fran.
207 1831 983 1877 Mayro. dicit. Essentia diuina omnia superemi¬
204 1874 977 1922 nenter continet. nec indiget sed sufficit ipsa ad omnia
198 1916 970 1962 contento perfectissime representanda. Sed ponuntur
202 1953 977 2000 idee formaliter in deo propter repraesentationem perfe¬
204 2000 970 2044 ctissimam. Sicut enim sol perfectius continetur in substam
205 2038 977 2092 tia ab eo producta quam in specie intellectuali que est
205 2084 986 2132 quodam accidens. sed tamen perfectius cognoscitur per spe¬
202 2124 986 2171 ciem quam per effectum. quia repraesentatur magis intelle
204 2166 985 2230 ctui per speciem. Sic in proposito. Hec Fran. di. xxxvi.
252 2207 548 2270 Ad hec infra. §. xv.
222 2235 977 2321 ¶ Sed exquo per ideas tanquam pen
207 2314 978 2362 exemplaria cognoscit deus creaturas. Quomodo er¬
201 2353 988 2405 go diuina essentia erit primum et adequatum obiectum
212 2404 986 2448 intellectus diuini. Respondet idem Fran. dist. xxxv.
201 2438 980 2487 et. xxxvi. simul. quod sicut vnus actus est diuino in
202 2481 977 2527 tellectui adequatus ita et vnum obiectum. quia non
211 2521 980 2575 potest habere aliquem actum qui primo non terminetur
208 2558 986 2611 ad diuinam essentiam sicut ad obiectum primum ¶ Exem¬
213 2607 985 2656 plum. sicut intellectus noster non potest habere aliquem
195 2649 983 2695 actum qui primo non terminetur ad ens sed secunda
198 2691 995 2748 rio talis actus potest ad non ens terminari. Sic
1059 272 1837 351 in proposito videtur scilicet quod intellectus diuinus primo
1059 338 1834 391 terminatur ad essentiam vt ad obiectum primum et secun
1056 376 1840 432 dario terminatur ad ideas. Hec Fran. Ad hec cla
1060 419 1454 483 rius infra. §. xviii. in fine
1057 455 1853 531 ¶ Utrum idee sint formaliter et ve
1063 523 1829 573 re in mente diuina. Cum enim nil inueniatur in scri
1060 570 1829 625 ptura sacra canonica de ideis. quomodo ergo in deo po¬
1059 617 1838 668 nuntur. Respondet Fran. mayro. supra. dist. xl vii. q. i. Pre
1065 656 1841 707 notando quod quattuor modis diuersa in deo esse
1071 690 1826 741 dicuntur. Primo quedam eminenter sicut omnes res
1068 736 1828 784 que sunt. Secundo quedam virtualiter sicut sunt res
1060 777 1840 837 creabiles. Tertio quedam exemplariter. et sic res in¬
1053 822 1834 868 tellecte a deo dicuntur esse in deo scilicet exemplariter.
1060 863 1835 913 Quarto quedam dicuntur esse in deo formaliter si¬
1054 905 1825 954 cut sunt perfectiones simpliciter. vt sapientia. bonitas
1065 951 1823 1000 etc. ¶ Dicit ergo quod idee primo modo scilicet eminenter non
1062 985 1829 1041 dicuntur proprie esse in deo. quia idee sunt infinite et nul
1063 1027 1837 1080 um tale est eminenter in deo. quia infinita in actu
1065 1076 1834 1121 creata non sunt. Secundo modo etiam idee non sunt in
1058 1116 1835 1170 deo scilicet virtualiter. quia sunt cause per quas producit
1060 1162 1833 1213 res in effectum Similiter nec tertio modo. quia idee sunt
1054 1202 1828 1255 exemplaria rerum. Et exemplaris non est ipsum exemplar.
1065 1238 1837 1289 Sed idee sunt in deo quarto modo vicem forma
1050 1279 1836 1339 liter. Probatio. quia Aug. li. lxxxiii. quaestio dicit quod de¬
1059 1330 1832 1379 us est sapiens per ideas. quia nullus inquit debet tantum
1060 1370 1832 1420 desipi vt cogitet quod deus non sit sapiens per rationes
1060 1410 1820 1463 quas habet apud seipsum. Sed iste rationes sunt idee
1047 1453 1822 1502 Et quia nullo deus est sapiens quod non est forma
1059 1493 1831 1540 liter in deo. concluditur est quod iste idee sunt in deo vere
1057 1536 1826 1582 et formaliter. Et licet non inueniatur in sacra scriptu
1050 1579 1833 1631 ra expresse de eis. tamen secundum Augu. et communiter theologos
1060 1620 1819 1664 doctores bene ponuntur idee in deo propter dicta
1053 1662 1825 1715 Augustini. quia implicite in scriptura sacra insinuam
1060 1705 1832 1754 tur idee. cum dicitur Sap. vii. quod deus omnium est artifex
1051 1748 1820 1793 omnem habens scientiam Et plura huiusmodi. vnde secundum et
1057 1788 1833 1845 Augu. Idea est ars omnipotentis dei. appropria
1045 1828 1535 1889 te intelligendo. patet infra. §. xlix.
1053 1868 1854 1940 ¶ Quare necesse est ideas pone
1050 1923 1821 1991 re in deo. Cum deus etiam sine ideis posset cogno¬
1047 1975 1831 2022 scere omnes res. Respondetur secundum e. Fran. supra e. di. xl vii.
1048 2020 1826 2072 q. i. quod secundum theologos idee ponuntur in deo propter quat
1041 2062 1819 2110 tuor. Primo propter rationes agendi. vt scilicet per ideas
1048 2103 1829 2155 vniuscuiusque creature producat creaturam sicut ar¬
1051 2144 1817 2194 tifex per similitudinem artis existentem in mente vel do
1054 2183 1817 2239 mus intra producit arcam. vel domum extra. Unde Aug.
1051 2227 1826 2272 dicit quod aliam ratione conditus est homo et alia equus
1068 2267 1825 2315 Secundo propter rationes cognoscendi vt scilicet deus quam
1062 2314 1819 2368 libet creaturam suam cognoscat per ideam illius sicu
1054 2357 1813 2401 anima nostra per species quas habet intra se cogno
1059 2396 1819 2444 scit ea que extra sunt. Tertio ppter rationes assimi¬
1065 2440 1816 2484 landi. quia cum omnes creature sunt aliquo modo ad
1053 2480 1825 2528 similitudinem dei facte vt docet Augu. super Gen.
1053 2525 1817 2578 ad lit. oportet ergo quod deus habeat singularum si
1062 2567 1835 2614 militudines in se. Quarto propter rationes participam¬
1056 2609 1822 2652 di. quia cum omnis creatura sit participatio diuine
1057 2650 1829 2694 bonitatis oportet quod omnis creatura reducatur ad
1059 2694 1828 2742 exemplar quod habet in mente diuina. Sed tamen
