2252 3312
213 252 995 323 prehenditur a diuino intellectum vt similitudo creatu
213 315 985 365 rarum expressiua et ab ipsis imitabilis. Itaque diuina
223 356 995 404 essentia est primum obiectum cognitum a deo et princi¬
216 395 998 449 pale. per quod deus cognoscit creaturam vt secunda¬
211 449 995 491 rium obiectum cognitum. Sicut enim Auicem. dicit. vi. na
217 485 1000 535 turalium lib. ii c. ii. quod similitudo visus est primum vi
210 528 1004 571 sum. quia est ratio videndi rem extra existentem. Sic
216 568 667 625 est in proposito. Hec ex Rich
243 595 985 686 ¶ An idee sint adorande ¶ Ad hoc
220 669 991 716 Aug. li. xxxviii. de trini. expresse dicit quod sic. Et idem
211 714 988 756 li. lxxxiii. quaestionum. q. xl vi. dicit quod idee sunt rationes eter
210 755 995 806 ne et incommutabiles. ergo idem quod deus vt patet ex prae
211 782 986 854 cedentibus. Et per consequens sunt adorande vt deus ¶ S
213 836 991 890 d. Quomodo possint esse adorande cum sint entiam ra¬
217 883 1001 932 tionis tantum. Respondet Guil. e. di. xxxv. quod non adoran¬
211 922 998 975 tur inquantum sunt entia rationis sed inquatum sunt idem
210 957 991 1018 diuine essentie vt patet ex dictis. Hec Guil. ¶ Sed
219 1003 985 1055 circa hec adhuc Difficultas est. quia lapis in se non
220 1052 998 1099 est adorandus nec in habitudine ad quod cumque. er¬
219 1097 982 1145 go nec propter habitudinem ad deum. Respondetur secundum
223 1141 995 1187 Fran. mayro supra quod lapis non est adorandus eti
204 1180 980 1226 am in habitudine ad deum. Sed idea lapidis qua
211 1218 983 1272 est in deo non est iste lapis realis. sed est idem quod
214 1261 934 1317 deus. et vt sic. idea est adoranda. Hec Fran.
270 1314 979 1401 Item quomodo idee dicuntur eterne
213 1387 991 1440 Cum enim eternitas sit conditio entis simpliciter non
217 1430 998 1480 secundum quid. Idee autem in deo sunt entia rationis et se¬
213 1478 988 1523 cundaria vel secundum quid. ergo non possunt dici eterne.
210 1516 988 1567 Respondet Guil. quod eternitas est conditio entis simpli¬
213 1563 994 1611 citer. hoc verum est primo. sed secudario potest esse en¬
216 1602 952 1648 tis rationis inquatum idem est cum illo ente reali.
210 1640 985 1693 Sed quomodo relatio dei per ideas ad creaturam potest
220 1689 982 1732 esse eterna cum creatura non fuit ab eterno. Respondes
216 1731 994 1779 secundum Fran. mayro. supra scilicet di. xl vii. quod bene relatio fu¬
209 1761 988 1822 it eterna. sed terminus relationis scilicet creatura non
213 1810 991 1864 fuit ab eterno per se proprie. fuit tamen quiditas exempla¬
210 1854 988 1906 ta in mente diuina ab eterno. ergo quiditas correspon
220 1895 992 1956 det huiusmodi relationi. sed non in actuali existentia. ta¬
223 1937 515 1989 men in esse ideali.
282 1972 988 2052 ¶ An ideis sit fruendum ¶st Quod sic
215 2042 991 2090 Aug. dicit lib. lxxxiii. quaestionum. q. xl vi. Idearum inquit parti¬
216 2086 1000 2139 cipatione fit anima beatissima. Sed obiecto bearifi
219 2126 995 2179 co oportet frui. ergo etc ¶ Sed difficultas est. quia
216 2164 988 2216 deus videndo essentia suam est beatus. Similiter bea¬
216 2209 1003 2261 ti videndo dei essentiam efficiuntur beati. Idea autem
234 2256 1003 2303 est obiectum beatitudinis secundarium et distingui
222 2295 997 2345 tur ab essentia velut ens secundum quid ab ente simpli¬
228 2339 1007 2388 citer. Quomodo ergo idea est beatifica fruendo etc ¶ Ad
232 2379 1004 2428 hec patet responsio supra. § xviii. secundum Scotorlis. concor.
230 2420 1007 2473 Guil. supra scilicet di. xxxv. quod essentia diuina est primum
222 2472 1007 2513 et principale obiectum beatificum cuius visione deus
229 2508 1004 2559 et sancti sunt beati. Sed secundario diuina essen¬
234 2548 1000 2603 tia est sapiens et beata. Similiter et omnes in celo sunt bea
231 2596 1006 2642 ti secundario per ideas quas vident in diuina essentia
233 2633 997 2686 inquantum idee steri diuina essentia et terminant secundario
216 2670 1012 2741 istam bendictam cognitionem qua cogscunt deum et omnia in eo.
1129 258 1864 348 Sed an quilibet beatus videat
1069 335 1846 384 omnes ideas quae sunt in deo Respondet di. xliiii. Guil.
1059 380 1832 427 et Fran. e. di. xl vii. quod non. quia secundum Augu. non oportet
1072 419 1847 470 videntem deum videre omnes creaturas et omnia se¬
1063 463 1841 523 creta que sunt in deo. sed tantummodo ea que deus
1062 510 1843 551 vult vt videat quis beatorum in ipso. Et quia idea vt
1056 542 1843 595 idea cognosci no potest nisi cognoscatur ideatum. Mul
1062 587 1846 637 ta autem sunt in deo secreta occulta. vt patet de die et
1063 630 1836 687 hora iudicii. de numero electorum et qui sint illi. et
1065 673 1843 718 huiusmodi ergo non vident omnia. alias cessarent relationes
1071 718 1846 762 in angelis celestibus quorum singuli vident diuinan
1065 756 1843 814 essentiam quod esset contra dicta Diony. v. caelestis hie¬
1069 800 1520 866 rar. patuit vbi Angeli. §. viii
1126 847 1844 914 ¶ Utrum omnium rerum idee in deo vi¬
1059 906 1838 949 uant et sint vita et lux: ¶ Arguitur quod non. quia in deo
1057 947 1848 1004 repraesentantur res per ideas sicut sunt facte ves fien¬
1057 986 1835 1045 de in genere proprio. sed non omne ens est viuum in pro
1056 1025 1835 1077 prio genere. ergo nec in deo. Maior patet. quia in deo
1057 1075 1850 1120 non potest esse nisi veritas repraesentationis. Ueritas autem
1062 1115 1837 1160 est adequatio rei ad intellectum secundum quod dicit Isaac in
1063 1154 1835 1211 diffinitione. Minor autem patet. quia multe sunt creatu
1059 1195 1843 1252 re que non habent vitam nec lucem sicut lapides et mine¬
1060 1236 1838 1293 ralia abscondita in visceribus terre etc. ¶ Sed in op
1069 1285 1843 1334 positum est Aug. ad Oros. q. xxvi. d. Omia que fa
1069 1331 1845 1374 cta sunt et vita non habent: in ipo dei verbo vita sunt
1066 1368 1840 1420 et si in seipsis vita non sunt etc. ¶ Responsio secundum Rich.
1060 1409 1841 1458 in primo di. xxxvi. q. vlti. Et Tho. super e. di. xxxvi.
1056 1454 1840 1503 q. i. ar. iii. concor. Bonauen. quod auctoritates huiusmodi quae dicunt
1068 1497 1837 1549 quod omnia que sunt in deo sunt vita et lux: intelligen
1062 1539 1850 1582 de sunt sic quod omnia bona creata sunt in deo vita
1068 1579 1846 1630 quantum ad ideam ipsorum non quantum ad essentiam vel
1063 1622 1853 1668 naturam illorum. quia non omnia creata sunt viuentia
1056 1664 1835 1705 imo multa sunt qua nunquam vixerunt nec viuent etc.
1059 1705 1850 1751 Sed idee creaturarum sunt in deo vita increata. si
1069 1748 1847 1801 militer et lux increata. quia realiter idem sunt quod diui
1056 1792 1849 1839 na essentia. vnde et Anselms. li. monoli. dicit quod creature in
1069 1832 1844 1878 deo sunt creatrix essentia scilicet vt sunt in deo secundum ide
1066 1875 1838 1921 as. vnde et secundum Guil. Uiuere in deo est ideam habere
1072 1917 1838 1969 in ipso. Item secundum Tho. supra Idee rerum conuenit esse vi
1075 1957 1847 2003 tam et lucem non secundum hoc quod est similitudo rei. sed secundum
1065 2004 1843 2049 hoc quod in deo est. Et dicitur vita inquantum est principium
1075 2047 1850 2097 operationis ad esse rerum. Sicut et a philosopho. viii. Phy. dicitur
1080 2088 1847 2138 uod motus celi est vt vita quedam in naturam existenti¬
1078 2132 1846 2182 pus omnibus Sed idea dicitur lux inquantum est principi
1065 2172 1849 2219 um cognitionis rerum. Ad idem vbi Uita: plura ha¬
1071 2214 1837 2256 bes ¶ Ad argumentum supra dicendum secundum Guil. e.
1071 2253 1840 2302 dist. xxxvi. quod bene stat vt imago siue idea representet
1062 2298 1837 2350 imaginatum. et tamen habeat aliu modum essendi ab
1075 2339 1847 2389 imaginato. Sicut quodam accidens in pariete est
1071 2384 1847 2431 imago Sortis qui Sortes est substantia. Sic in pro
1065 2433 1837 2476 posito licet idee viuant in deo. stat bene quod representatis
1077 2467 1832 2510 res que non viuunt in genere proprio. Nec sequitui
1075 2507 1850 2560 Tapis viuit in deo. ergo lapis viuit. quia est a secundum
1074 2546 1844 2597 quid ad simpliciter fallacia. quia lapis non est in
1081 2596 1843 2642 dei intellectu nisi secundum similitudinem. et sic secundum quid vi¬
1069 2632 1847 2696 uit. Sicut et iii de anima dicitur quod lapis non est in
1068 2685 1742 2753 anima scilicet intelligentis eum. sed species lapidis etc.
