2318 3316
265 259 1062 328 diuinam cognitionem et non est verum. quia sequitur et ea producitur.
314 309 1045 373 Nota secundo pro declaratione ex Guil. e. di. xxxv. quod
276 322 1058 413 exquo scaita diuina est mensura rerum. Et omnis alia secaia
280 401 1061 459 creata est mensurata a rebus vbi iuxta esse obiecti
273 436 1057 503 sceia mensuratur. et sic obiectum cum potentia scilicet intellecti¬
282 486 1050 548 ua parit noticiam secundum Aug. vnde obiectum est causa partia¬
279 520 1048 588 lis effectiua sceitie in nobis. Sed quia scaita dei est mensu
273 564 1055 626 sura rerum. Ideo non debet accipere esse ab obiecto
276 608 1061 665 rei creabilis. Sed potius dare esse eidem per opposi¬
274 653 1061 706 tum scente create. igitur scaia dei est idee productiua. Ni¬
279 697 1043 747 mirum idea est obiectum secundarium diuini intellectus
289 731 1050 795 Imaginandum est enim quod deus intellexit ab eterno
277 783 1047 833 non solum suam essentiam diuinam sed etiam relucentes crea¬
282 816 1053 878 turas in ea simpliciter. Istud autem esse relucens. dico
279 858 1043 930 inquit esse rerum intelligibile. et ideam. vum iste est ordo. prie
283 902 1051 958 mo est essentia diuina. secundo ipsa essentia diuina
277 950 1055 1000 cognita a diuino intellectu. Tertio istud esse intel
280 984 1061 1044 ligibile seu idea creaturarum a diuina productum co¬
280 1036 1049 1094 gnitione. Itaque hoc esse intelligibile seu idea proprie
280 1078 1051 1135 non est nisi quidam respectus terminatus ad diuinam
283 1121 1049 1169 cognitionem sed eterno sicut creatiua potentia. Hec
283 1158 1044 1224 Guil. ¶ Si obiicis quod obiectum mouet. ergo praecedit
282 1205 1049 1266 cognitionem. Respondet quod verum est de obiecto primario
282 1248 1042 1294 cuiusmodoi est essentia diuina. nam nec idea nec aliud ab
282 1282 1047 1356 extra mouet intellectum vel voluntatem dei. patuit
276 1324 552 1390 vbi Theologia.
330 1359 1051 1451 ¶ An ergo idea producatur a diuina
283 1439 1043 1495 cognitione an productionem filii et spiritus sancti vel perfecta
283 1478 1040 1527 productione filii et spiritus sancti ¶ Et arguitur quod an. quia pal
288 1524 1054 1577 est sapiens in primo signo origis non praeintellecto fi¬
276 1553 1045 1608 lio. Et tamen ideis fit quis sapiens vt dicit Aug. ergo etc. Di
285 1603 1052 1659 cendum secundum e. Guil. ibidem quod praeintelligitur productio tam
282 1643 1040 1697 filii quam spiritus sancti productione idearum. quia productio tam fi
289 1679 1039 1739 lii quam spiritus sancti est ex obiecto primario. Productio
288 1733 1052 1785 aut idearum est secundarium obiectum. Sed quandam aliqua po¬
276 1773 1033 1826 tentia aspicit duo obiecta prius aspicit obiectum prima
279 1818 1049 1875 rium quam secundarium. imo per primarium aspicit secundarium Unde
273 1861 1045 1908 dico inquit quod tota trinitas producit ideas in esse intel
280 1891 1048 1959 ligibili. tamen alio modo. quia pater a se. filius a patre. et spiritus sanctus
275 1946 1042 2004 ab vtroque ¶ Ex autem arguitur quod pater intelligitur sapiens
279 1986 1060 2035 non intellecto filio hoc non obuiat. possum enim in¬
282 2027 1055 2085 telligere patrem habere ideas non intelligendo filium. quia
285 2072 1055 2126 pater eas habet a se ¶ Si dicis quod non habet nisi pro¬
281 2114 1055 2169 ducto filio. dico inquit quod habet in illo prieori cognitionem
273 2156 1049 2210 diuine essentie in qua est perfectissima beatitudo. nec ex¬
285 2202 1056 2250 pectat idearum cognitionem vt quidam imaginantur cum
282 2244 1044 2299 omnia sint ibi in eodem instanti aeternitatis. Hec omnia Guil.
294 2275 1036 2354 ¶ An idee eque bene dicant pro¬
282 2343 1049 2396 duci virtute diuine sapientie sicut scenie virtute. Respondetur secundum
292 2386 1058 2434 Guil. quod non. Nam sapientia proprie aspicit essentiam diui¬
289 2431 1061 2487 nam. Scia autem creaturam. vt dicit Augu. super illo apostolis
286 2470 1058 2525 verbo. Alii per spiritum datur secumndumo sapientie alii sermo scienie etc
285 2512 1054 2570 Idee vero non sunt respectu dici vt dicatur deus idealis
277 2539 1046 2608 sed solum respectu creature. Ideo idee dicuntur virtu¬
280 2601 1050 2655 te divine scie et non virtute sapientie diuine produci. Hec
288 2640 1052 2699 Guil. e. dist. xxxv. ¶ Si ergo queratur An idea possit
280 2686 1064 2744 creari cum res creatur. Ex rei producibilitas fundatur
1125 265 1894 333 in idea quae est in mente diuina anquam res producatur.
1131 329 1897 378 Respondet idem Guil. di. xxxvi. primi quod idea non potest
1119 375 1897 416 creari cum sit eterna in mente dei. Tamen idea potest
1123 415 1903 458 dici producibilis eo modo quo dicitur de sapientia dei
1134 452 1891 502 Sap. vii. Omnibus mobilibus mobilior est. hoc enim
1128 499 1898 545 non debet intelligi formaliter cum vbique sit. Sed effe¬
1119 539 1903 591 ctiue quia stabilis in se manens dat cuncta moueri
1128 581 1891 629 sic idea est producibilis signatiue seu representatiue
1117 626 1894 689 quia repraesentat intellectui diuino rem creandam. hec Guil.
1164 706 1898 777 ¶ Quomodo idee differant ab attribu¬
1117 767 1712 834 tis diuinis. vide vbi Attributa. §. vi.
1182 804 1881 886 ¶ An deus operetur per ideas ad extra
1122 874 1891 925 vt per principium productiuum. Cum enim idea sit ens rationis
1125 917 1889 969 quomodo ergo habet rationem principii productiui. et per consequens
1128 961 1894 1010 quomodo idea potest esse illud quae deus operatur. Respondetur ex
1116 997 1889 1056 Scotorlis. e. di. xxxvi. q. i. quod deus non operatur per ideam
1119 1042 1898 1100 effectiue sed exemplariter. vnde ens rationis bene potest esse il
1122 1087 1889 1141 lud quo deus operatur exemplariter licet non effectiue ¶ Sed
1111 1128 1878 1183 an idea spectat ad intellectum practicum Tho. prima
1111 1171 1886 1220 per. q. xv. ar. iii. dicit quod idea ponitur principium scie et cau¬
1110 1214 1895 1259 salitatis. et sic ad vtrumque intellectum partinet ad id. ta¬
1110 1249 1416 1314 men infra. §. xxxvi.
1317 1296 1877 1403 Dea. tertio dicet
1296 1392 1889 1442 respectu creature. Queritur de hoc. Utrum
1296 1428 1888 1478 omnia cognita a deo habeant ideam in ipso
1123 1474 1888 1517 Respondetur secundum Scotorlis. in i. di. xxxvi. q. ii simul et
1126 1514 1890 1564 Guil. di. xxxv. primi Dimissis opinionibus aliorum
1123 1557 1883 1607 per conclusionem. quod omnia creabilia incomplexa et positi¬
1122 1601 1889 1649 ua habent ideam in deo. Probatio. quia idea est
1116 1642 1898 1696 res obiectiue cognita. Sed omnia predicta sunt
1122 1681 1886 1728 obiectiue cognita deo qui est summus artifex et
1110 1724 1889 1777 summe nouit omnia creata que sunt sua artifici¬
1119 1771 1888 1819 ata. ergo etc ¶ Dicitur notanter in conclusione in¬
1116 1808 1898 1865 complexa secundum e. Guil. idcirco. quia complexorum co¬
1110 1856 1889 1904 tingentium deus non habet ideas sed ea cognoscit
1122 1893 1889 1949 determinatione voluntatis. Et patuit vbi Uita. §.
1128 1939 1895 1991 viii. Et vbi Prescia. §. xx. Uerbi gratia. Antichristus
1116 1975 1885 2025 ir quit habet ideam. Et forte etiam habet ideam. non tantu
1119 2019 1897 2063 huius antichristi erit determinate. vnde idea in deo so
1112 2062 1885 2112 lum est cognoscibilium ante determinationem vo¬
1113 2100 1891 2158 luntatis que necessario producuntur in esse intelli¬
1126 2148 1886 2198 gibili cuiusmodi sunt omnia incomplexa. Hec
1116 2191 1898 2242 Guil ¶ Dicitur etiam notanter positiua. quia prius
1128 2233 1897 2280 natiua ideam non habent in deo vt patebit infra
1125 2269 1900 2320 §. xxix. Sed positiua omnia simplicia deo possi¬
1120 2316 1895 2359 bilia tam possibiles species omnes quam indiuidua
1119 2356 1894 2399 omnia possibilia sola existentia et realitate cum se
1125 2397 1885 2455 sequentibus in infinitum. Et quilibet numerus possibi
1113 2441 1756 2488 lis et figure possibiles infinite habent ideam.
1182 2490 1886 2576 ¶ Utrum in deo sint idee infinite. Re
1129 2570 1892 2612 pondet Guil. e. di. xxxv quod sic. quia omnim numerorum habet
1119 2608 1885 2653 ideas propstas qui tamen sten infiniti in pona. Item omnium similiter pum
1123 2646 1888 2694 ctorum in linea et omnium etiam instantium in tempore
1117 2690 1895 2743 habet proprias ideas que tamen sunt infinita saltem in
