2184 3348
175 325 987 421 ¶ De charitatis distinctione. No
210 393 974 457 ta secundum EGuil. Scotistam. Quod triplex est chari¬
210 454 974 501 tas. Prima increata. Secunda infusa. Tertia add
222 488 979 543 sita. ¶ Increata charitas dicitur tripliciter. vno
219 541 981 584 modo vt est quodda commune tribus personis et
214 575 977 622 se habet per modum quasi habitus in diuina vo¬
228 622 976 673 luntate. Secundo modo dicitur prout appropriatur
235 662 977 714 atri vt canitur in quadam prosa Charitas est pater etc.
235 702 986 756 Ratio appropriationis huius est: quia solus pater
223 742 979 792 secundum Rich. de san. vic. dicitur habere amorem ergotuitum quia
217 792 986 837 tribuit et non accipit ab aliquo. Item quandoque etiam
216 836 982 879 appropriatur filio quia charitate incarnatus est
213 871 970 917 Gal. iiii. Denique tertio modo dicitur charitas quod¬
211 911 971 961 dam appropriatum spiritus sancto. hoc modo dicimus
205 952 971 1003 quod potentia appropriatur patri. sapientia filio cha¬
211 1007 983 1056 ritas spiritui sancto. Ratio huius quia spiritussan
207 1037 965 1085 ctus in diuinis est per modum voluntatis procedens
216 1082 983 1139 Cuius voluntatis habitus est charitas. ¶ I¬
201 1123 973 1171 fusa charitas autem dicitur illa quae ab increata chari
210 1163 977 1217 tate diuinis influxibus solum: in voluntates aut
198 1209 980 1254 angelicas: aut nostras mittitur. hoc est a deo in
198 1252 970 1306 funditur. Et habet tria nomina dici communi Dicitur enim
205 1293 977 1344 charitas infusa quasi intus fusa inquantum a deo
199 1342 980 1389 infunditur mentibus. Item dicitur effusa quasi ex
213 1381 971 1423 tra fusa inquantum ad extra per bona relucet opera
199 1421 971 1475 Dicitur etiam charitas diffusa quasi deintus fusa in
203 1459 940 1515 quantum ad interiora bona opera diffunditur.
214 1505 965 1556 ¶ Sed adquisita charitas est que ex dilectione
205 1550 963 1601 dei frequenti adquiritur ex naturalibus quam
208 1594 968 1639 etiam multi gentilium habere potuerunt. vnde sicut di¬
201 1633 972 1696 stinguitur fides in infusam et ad quisitam Ita dico in
198 1674 640 1729 quit de charitate. hec Guil.
220 1719 962 1803 ¶ Utrum charitas scilicet qua dili¬
204 1794 968 1844 gimus deum sit ipssemet spiritus sanctus an aliquid cre¬
202 1831 963 1882 atum in anima. Circa hanc quaestionem tria preci¬
202 1875 971 1925 pua sunt dicenda. Primo. magistri sententiarum opi¬
195 1922 970 1960 nio premittetur. Secundo opinio moderorum vera
199 1959 968 2011 subiungetur. Tertio difficultates circa hec mouen¬
189 2000 956 2047 de soluentur. ¶ Circa primum nota quod opinio ma
195 2042 961 2096 gistri in primo dist. xvii. est quod charitas non sit ali¬
201 2086 971 2137 quid creatum in anima sed ipsemet spiritus sanctus spe
201 2128 968 2178 iali assistentia mouens animam ad actum meritorium. Et
192 2170 962 2224 qui ipsum in hoc secuti sunt dixerunt quod sicut filius dei
195 2212 971 2267 vniuit sibi humanam naturam solus. Ita spiri¬
189 2261 967 2301 tus sanctus solus vnit sibi voluntatem humanam
186 2301 953 2346 etc. Et innituntur autoritatibus. i. Ioan. iiii. Deus
195 2339 953 2388 tharitas est. de qua Augu. xv. de trinitate dicit quod
195 2381 952 2430 ista predicatio deus charitas est. non est praedicatio
197 2422 952 2475 per causam sicut est in aliis consimilibus praedica¬
196 2467 959 2509 tionihus scilicet dum dicitur Dominus fortitudo mea.
205 2508 958 2554 deus meus misercordia mam. Et iterum Tum es patima man.
189 2552 962 2599 scilicet effectiue: vel causaliter. sed ista deus charitas
193 2593 962 2645 est: predicatio essentialis est Sicut dicendo deus est
192 2635 967 2687 spiritus. Ex hac ergo sententia Aug. arguunt ad suum
192 2676 964 2729 propositum Ad idem rationes etiam plurimas assumunt
199 2719 968 2774 que satis patebunt in solutione difficultatum. ¶ Unde
181 2763 971 2832 Dicendum secundum doctores communiter quod magister in hac
1045 350 1829 399 opinione non tenetur. nec tenendus. nec predi¬
1057 399 1820 442 cte et huiusmodi autoritates concludunt pro
1058 444 1820 494 eo quia cum dicitur: Deus charitas est vel dile
1059 482 1821 536 ctio. Intelligendum est secundum Lyram et doctores
1059 523 1823 571 quod deus est charitas scilicet increata: sicut deus
1048 568 1818 621 est bonitas et sapientia increata. que mouet ani¬
1056 611 1825 665 mam per habitum charitatis create infusum ad
1051 651 1829 705 opus meritorium. Et sic illa predicatio bene est
1050 692 1821 744 essentialis scilicet deus est charitas videlicet increa¬
1060 737 1823 790 ta. Denique nec potest stare quod ipsi dicunt. scilicet
1063 779 1817 823 uod spiritus sanctus vniat sibi voluntatem huma
1060 822 1823 868 nam: sicut filius naturam quia voluntas crea¬
1051 863 1828 906 ta vel humana in nobis non est assumptibilis
1051 901 1823 951 in vnitatem suppositi spiritus sancti. Ipse etiam
1059 938 1828 993 spiritus sanctus non est vnibilis per naturam
1045 988 1826 1037 nostre voluntati sed tantum per gratiam et habitum
1048 1022 1829 1073 charitatis. vt patebit. ¶ Si petas. Nunquid er
1054 1071 1816 1121 go Magister sic tenendo errauit. Respondetur
1053 1119 1818 1168 secundum Bonauenturam eadem dist. xvii. quod Magister
1057 1155 1832 1206 non errauit: sed defecit. Nam quodammodo ve¬
1060 1193 1817 1246 tum dixit. non tamen plene explanando: sed de¬
1060 1235 1816 1285 ecit in aliquo. Quia nimirum charitas qua di
1042 1278 1827 1332 ligimus deum potest accipi tripliciter. Uno mo¬
1042 1325 1825 1364 do Effectiue et sic absque dubio verum est quod amor
1048 1370 1817 1415 vel charitas qua diligimus deum est spiritus san¬
1056 1407 1820 1454 ctus scilicet efficienter quia ipse efficit et operatur in
1054 1448 1829 1495 nobis habitum et motum charitatis. Alio mo¬
1044 1491 1813 1535 do accipitur exemplariter et sic etiam verum est
1047 1531 1822 1584 quod spiritus sanctus est charitas qua diligimus
1047 1577 1817 1618 deum et proximum: quia spiritus sanctus est exem¬
1059 1610 1807 1662 lar nostre charitatis. Quia sicut spiritus sanctus
1041 1656 1828 1709 est amor vniens patrem et filium: ita ad eius imi
1039 1698 1813 1751 tationem anima nostra amore vnitur deo sicut
1051 1739 1823 1786 thristus orauit Ioam. xvii. Ut sint inquit vnum:
1041 1785 1822 1825 sicut et nos vnum sumus. Tertio modo accipi
1051 1831 1814 1876 tur charitas formaliter pro habitu inherente ani
1038 1870 1822 1919 me vel motu et affectione: et sic non est ipse spiritus san
1047 1915 1807 1954 ctus. Itaque in hoc Magister defecit quod preter
1035 1953 1813 1995 charitatem increatam que est spiritus sanctus
1041 1993 1823 2042 non posuit charitatem creatam formaliter ani¬
1039 2036 1583 2087 me inherentem. Hec ex Bonauen.
1065 2099 1804 2183 ¶ Circa secundum principale no
1039 2167 1802 2219 tandum quod modernorum veram positio est. quod pre¬
1041 2216 1805 2259 ter charitatem increatam ponenda est in anima
1035 2251 1814 2301 charitas creata que est habitus a spiritu sancto
1029 2293 1808 2348 infusus voluntati quo perficitur et habilitatur
1039 2334 1808 2381 ac disponitur ad diligendum deum gratuite.
1038 2381 1813 2432 Ut hec dicit Richardus eadem dist. xvii. Ra¬
1030 2422 1814 2474 tio. Quia deus ipse vel spiritus sanctus non po¬
1040 2464 1808 2511 test esse forma inherens vel perficiens alicuius
1038 2502 1814 2550 Sed omnis forma rei create est creata. Anima
1041 2548 1814 2602 autem humana informatur et perficitur per cha
1031 2590 1799 2640 ritatem tanquam per formam. ergo ipsa non est de¬
1041 2636 1804 2680 us. Item quia per charitatem similes deo eri¬
1034 2672 1805 2718 mus i. Ioan. iii. Et hoc in presenti minus per¬
1039 2714 1802 2764 fecte: in futuro autem perfectissime: Sed assimi¬
1038 2755 1798 2813 atio non fit sine forma inherente: ergo sequitur quod
