2205 3298
196 289 949 359 Cum deus vel spiritus sanctus per seipsum est suf¬
186 347 950 403 ficiens motor anime ad merendum. Respondetur
196 399 950 451 secundum Rich. vbi. supra. concor. Scotus. Quod requiritur
199 444 946 491 non quidem propter insufficientiam motoris vicem spiri
198 483 947 535 tus sancti cum sit sufficientissimus ex se et ipse effi¬
195 526 953 574 cit formam illam habitus charitatis create. Sed
199 570 940 617 requiritur propter insufficientiam anime que sine chs
195 614 944 657 ritate creata non potest se sufficienter in deum mo
189 646 950 696 uere per amorem. Nam si tantummodo moueretur
199 689 952 738 ab alio id est a spiritu sancto. et nullo modo se¬
198 733 946 786 ipsam anima moueret non videtur quod in tali motu mere
192 774 941 830 retur quia nil ageret ipsa sed tantummodo esset mota Und
190 819 950 868 secundum eundem Richar. ad tria necessarius est in vo
196 856 943 903 luntate habitus creatus charitatis. Primo ad
192 901 943 952 hoc vt per ipsum habitum voluntas habeat ipsum
190 941 946 985 spiritum sanctum habitualiter sibi vnitum per gratiam
189 983 956 1034 permanentem: etiam tunc dum voluntas non agit
195 1025 947 1074 actu. Nam voluntas iusti est deo chara non tan¬
187 1070 950 1121 tummodo dum est in actu charitatis sed etiam dum non
192 1112 950 1161 est in actu vt patet tempore quo est in somno. Tuno
196 1150 950 1201 enim non mouetur actualiter a spiritu sancto: sed quia
189 1194 950 1243 remanet ex precedenti motione in ea aliqua ha¬
189 1236 950 1284 bitualis dispositio per quam remanet deo chara:
186 1274 955 1330 ergo ibi remanet vnitus habitus charitatis. Se
190 1330 959 1367 cundo necessarius est ad hoc vt sit prompta volun
189 1362 944 1413 tas et digna suscipere spiritus sancti motionem. Nam
193 1404 947 1447 actus actiuorum sunt in patiente bene praedisposito.
187 1446 949 1492 ii. de anima. Tertio vt anima per illum habitu mouem
183 1490 938 1537 do se ad bonum actum: cooperetur motioni princi
190 1528 950 1582 palis motoris scilicet spiritus sancti. Et sic mereatur
183 1575 757 1635 tali motu charitatis vt praedictum est et tc.
220 1608 938 1682 ¶ Sed difficultas oritur. Si so¬
183 1672 937 1726 lacharitate increata esset deo chara voluntas per
195 1716 937 1759 potentiam dei absolutam Utrum in ea esset aliquid
192 1759 953 1811 formaliter qua chara diceretur. Respondetur secundum
190 1799 952 1851 Guill. vbi supra quod sic. Sed illud esset solum ens et
184 1844 947 1895 respectus rationis. Et est exemplum. Quando intel
193 1887 953 1936 igo lapidem produco lapidem in esse cognito. et
187 1929 944 1977 hoc esse cognitum est ens rationis. Sic si illa cha
183 1971 949 2021 ritate increata essemus chari: quodam respectu ra
177 2011 929 2061 tionis formaliter essemus tales. quamuis realite
183 2055 953 2101 aparte dei. Et tunc sola charitas increata denomi¬
178 2101 956 2150 naret voluntatem charam denominatione extrinse
184 2142 947 2191 ca: non autem intrinseca sicut albedo album forma¬
184 2181 950 2229 tum. Unde non valet argumentum Tho. dicit quod anima
189 2225 956 2270 non potest esse in esse gratuito sine charitate crea¬
177 2265 949 2313 ta: sicut nec aliquod album sine albedine informam
177 2308 941 2362 te. Patet quod non est simile quia albedo denominat suum
189 2348 950 2395 subiectum intrinsece: charitas autem increata deno¬
183 2393 941 2440 minaret extrinsece. Et est exemplum clarissimum.
190 2431 950 2477 Quando enim video parietem. paries dicitur visus.
193 2476 941 2523 Quero in quo est visio: Tertum est quod non in parie¬
187 2516 953 2568 te quia non habet oculos et tamen dicitur paries visus
194 2563 956 2624 visione que non est in ipso. sic esset in proposito.
192 2598 511 2643 Hec Guill. Scotis
256 2632 953 2714 Item dubiumrestat Utrum eadem.
183 2705 953 2758 acceptatione acceptet deus charitate creata et bonum
1017 293 1793 362 opus. Respondetur secundum Guil. Ibidem quod non est semper hoc ne¬
1018 356 1793 402 cesse: imo cum acceptatione charitatis potest stare non ac¬
1018 399 1787 449 ceptatio operis ad vitam. sicut quando quis in statum chari¬
1023 436 1795 486 tatis existens facit actum neutrum vt leuare festucam vl
1020 481 1790 527 fricare barbam. Similiter quando facit peccatum veniale tunc
1027 521 1801 586 deus acceptat charitatem et non actum talem. hec ex
1023 559 1204 625 Guillermo
1077 592 1795 671 Ite difficltas. Quia habitus
1018 668 1802 716 dat faciliter delectabiliter: expedite: et prompte operari.
1028 716 1794 759 vt dicitur. ii ethi. Et habens habitum vtitur eo cum voluerit per
1017 754 1798 800 commentatorem. iii de anima. Si ergo homo habet charitatis
1026 794 1804 840 habitum Unde est quod peccator ncen iustificatus de nouo:
1023 835 1793 887 non operatur facilius et delectabilius charitatis opera quam
1030 883 1799 925 antea. Et quia non experimur quod habens charitatem vta¬
1020 920 1792 969 tur ea cum voluerit sicut patet in viris Contempla¬
1030 964 1804 1015 tiuis qui aliquando eliciunt actum cum maiori conatum Ali¬
1027 1005 1790 1049 quando autem cum minori etc. Respondetur. secundum Scotor. super ea
1032 1050 1786 1096 di. xvii. Primi. quod praedicte auto. philosophi et commentator
1038 1089 1796 1135 veritatem habent de adquisito habitu per frequentur agere sed
1026 1135 1796 1179 non de habitu infuso sicut est charitas. Nam talibus habi
1026 1176 1789 1218 tibus infusis non potest homo vti secundum suam voluntatem.
1017 1213 1805 1284 sed quando: quantum: et quomodo deus vult et
1024 1257 1186 1318 dat vti etc
1074 1300 1813 1375 ¶ Item An ipsa voluntas possit
1029 1358 1805 1408 moueri ex se ad diligendum bonum sibi ostensum pu¬
1017 1405 1787 1454 ta deum. Si enim liberi arbitrii est cur non potest cum vult
1035 1444 1802 1491 Quod si potest vt quid necesse est ponere charitatem crea¬
1023 1485 1787 1535 tam qua moueatur ad id: Respondetur secundum Scotor. Alios
1023 1529 1798 1576 que praesertim Guil. recol. quod voluntas cum sit libera
1030 1576 1802 1623 potest quidem diligere bonum ostensum ex se¬
1024 1616 1792 1665 ipsa: dilectione naturali Sed non dilectione me
1023 1658 1802 1706 ritoria quia ista presupponit charitatem creatam
1017 1699 1792 1749 a deo infusam sicut agere praesupponit esse. Nam
1017 1743 1799 1794 potest quis etiam operari bonum per solum liberum arbitri¬
1020 1785 1801 1826 um ex se aliquando puta honorare parentes. Castita
1026 1826 1806 1870 tem amare et huiusmodi. tamen hoc non est meritorium vite
1024 1870 1793 1916 nisi fiat ex gratia spiritus sancti in qua acceptatur a deo et
1027 1908 1813 1956 non alias. quia vt Aug. lib. de lib. arb. dicit sine gratia dei
1018 1948 1792 2006 nullum prorsus siue cogitando: siue volendo siue
1024 1997 1796 2048 operando agitur bonum scilicet meritorium vite
1020 2036 1133 2084 eterne.
1057 2080 1802 2162 ¶ Utrum in hac vita possit quis deu
1020 2146 1799 2198 immediate diligere per charitatem creatam. Respondetur
1024 2194 1802 2244 breviter secundum Rich. e. dis. xvii. primi. art. i. q. iii. Quod
1024 2239 1805 2287 aliter est in presenti de dei cognitione in nobis. et
1015 2284 1793 2333 aliter de dei dilectione. Nam deus in hac vita non co¬
1026 2319 1798 2375 gnoscitur a nobis de lege communi. Nisi mediate
1029 2363 1799 2419 quia cum deus habitet lucem inaccessibilem. i. Tim.
1017 2410 1802 2454 ultim. Ideo ad ipsum non attingit intellectus nostr im
1023 2452 1802 2496 mediate videndo. Nec per solam virtutem nature
1011 2491 1792 2537 nec per communem gratiam vie. Sed vt ait apostolus vide¬
1020 2534 1801 2584 mus nes per speculum in enigmate et sic mediante dis¬
1023 2578 1802 2620 cursu a creaturis. Sed aliter est de dilectione. quia
1017 2617 1801 2663 voluntas in qua est habitus creatus qui scilicet
1015 2660 1787 2706 dicitur charitas: Ipsa scilicet voluntas est po¬
1015 2703 1805 2750 tentia altior quam intellectus qui dum est in via habet
