2164 3301
342 231 1114 302 bentur per reuelationem diuinam et inspirationem. ii Tim.
345 289 1102 346 iii. Omis scriptura diuinitus est inspirata. Unde ad du
345 332 1111 382 situm primo conclusio ponitur quod Theologia est scentia verior
348 376 1109 432 plus quam cetere scie: quia in ratione humana plerumque com
349 416 1111 467 tingit falsitas. Sed in scieita per inspirationem diuinan
348 465 1111 520 impossibilis est falsitalis. ergo id verius scitur quam quod per huma
347 498 1120 552 nam rationem scitur. Hec est secundum Tho i. per. q. i. et ii aliosque
346 545 689 607 doctores communiter.
397 574 1111 662 ¶ Secundo eadem conclusio de¬
345 643 1118 702 claratur secundum Fran. maro. super primo. xiiii. q. proemii.
346 686 1120 744 Notanm. quod theologia quattuor modis accipi potest
357 730 1117 784 vicem. Primo modo pro habitu quem habuerunt illi quibus
358 780 1117 826 reuelata est vt prophete et sancti. De quibus Diony. dicit quod sancti
346 811 1124 864 docuerunt nos deum laudare in omnibus creaturis. Et
354 852 1126 903 sic. xiiii. de trini. dicit quod theologia est scatia plus quam ce
346 905 1112 947 tere Tum quia est de rebqui ad salutem hominis partinent. tu quod
351 940 1117 1001 est ex inspiratione diuina in qua impossibilis est fali
361 979 1118 1030 tas ergo euidentior. Secundo modo accipitur pro illo
359 1022 1114 1075 habitu qui aggeneratur in nobis exstudio sacre saci
360 1069 1117 1124 pture. Et sic non est scia sed fides. Tertio modo acci
356 1106 1124 1164 pitur pro illo habitu qui deducitur ex veritatibus contentis
364 1148 1124 1199 in sacra scriptura. Et sic non est scaia sed fides. Quia
357 1198 1117 1241 aut deducitur ex vtraque credita propatione (puta deus
361 1235 1123 1283 est factus homo: et deus pro nobis est passus ergo redemit
357 1280 1123 1326 nos) Et tunc hec conclusio tantummodo erit credita per fidem
351 1320 1136 1366 Aut deducitur ex vna per se nota et altera credita. Et
360 1364 1123 1409 tunc etiam conclusio erit tantummodo credita quia conclusio sempo
351 1402 1133 1451 sequitur conditionem praemisse debilioris secundum logicos vt
360 1446 1123 1498 patet primo priorum. vbi dicitur quod ex vna de necessario et
361 1485 1124 1536 alia de contingenti sequitur conclusio de contingenti et non
364 1526 1133 1572 de necessario. Unde si quis deducat ex ista per se nota.
358 1570 1116 1615 scilicet deus omnia potest. et ex ista credita scilicet deus potuit et vt
357 1608 1124 1659 luit incarnari. Hanc conclusione scilicet ergo deus est incarnatus;
360 1646 1124 1713 Et sic de similibus non erit scaita sed tinumodo fides: quia conclusi
366 1688 1137 1750 est tantummodo credita. Quarto modo theologia accipitur
370 1732 1138 1806 pro habitu declaratiuo et defensiuofidei. Et sic est
367 1782 1132 1830 scia nobilissima et summa metaphyca quia considerat
359 1817 1132 1871 de deo qui est entium nobilissimum. Unde Aug. platoni
367 1865 1124 1919 cos vocat philosophos theologos. Et Aristo. vi. meta
361 1906 1127 1966 dicit quod quedam pars philosophi scilicet metaphyca dicitur theologi
359 1942 1135 1997 ca vel scaita diuina etc.  ¶ Tertio praedicta conclusio ostem
367 1988 1129 2039 ditur rationibus pluribus quae faciunt ad commendationem no¬
370 2029 1135 2083 bilitatis scie theologice per omnibus. Prima ratio ex sapien
358 2071 1126 2123 tiali praedignitate. Secunda ex certitudinali veritate
359 2112 1138 2168 ¶Tertia ex supernaturali luminositate. Quartam ration
366 2153 1130 2205 est ex causali preclaritate. Quinta ex subiecti sub
363 2190 1127 2253 limitate. Sexta ex salutari et vtili qualitate. Septina
376 2238 1130 2297 ex supernali felicitate. De singulis istis patebit se
364 2283 856 2348 quentibus in quastionibus specialibus
526 2367 1127 2457 Ertia quaeo de sapio
444 2435 1132 2500 tiali praedignitate scilicet theologie. ¶ Utrum the
364 2480 1132 2533 ologia verius dici debeat sapientia quam scaita. Ratio
370 2523 1136 2577 vel argumentum huius quaestionis est. Quia vt philosophus
369 2565 1127 2614 ait quod philosophia prima quae est sui gratia et de causa causari
360 2607 1125 2669 debet dici sapientia. Non sic aut est de aliis scientiis qud
369 2655 1147 2726 sunt de creaturis quia non sunt sui gratia eo quod creature
1179 218 1955 291 ordinantur in deum a quo dependent de quibus scire ordi¬
1192 284 1948 332 natur ad cognoscendum deum. Sed in oppositum est quia
1192 325 1964 381 Aug. xiiii. de trini. theologiam vocat sctiam. Ad hoc
1188 367 1958 415 tamen dicendum secundum Fran. maro. sup scilice. q. xiiii. proemii. quod
1179 414 1955 459 Aug. ibi accipit scetiam generaliter prout etiam significat
1185 448 1969 502 sapientiam. ¶ Ad quaesitum ergo respondetur aliis opinionibus di¬
1190 490 1964 545 missis: melius dicendo secundum Scotum et eius sequeces
1193 532 1947 587 q. iiii. in prolo per conclusionem vicem quod theologia verius
1183 570 1965 617 dicitur sapientia quam scaia. Et onditur primo ex verbis Au
1203 612 1971 667 relii Augustini qui illud apostli i. Corum. xii. Alii per spiit
1191 658 1959 712 ritum datur sermo scie: alii secumdo sapientie exponens dicit
1195 701 1960 751 sic. Scenta est in cognitione temporalium: sapientia in contempla¬
1202 740 1962 792 tione eternorum. Et quia theologia est de causa causa¬
1197 788 1966 839 rum et eterno deo. ergo habetur propositum. ¶ Secundo osten¬
1198 829 1967 879 ditur ex dictis melliflui Bernardi libro de amore
1201 871 1969 918 simul et super illud Psalmus Dixit insipiens. Ubi vult
1202 906 1979 968 quod sapientia quaesi sapida scientia dicitur eo quod sapit in dici
1191 948 1967 1000 amore: cuius quidem initium oritur ex dei timore. Nam
1206 991 1983 1046 teste Psalmus Initium sapientie timor domini. Consumma¬
1210 1032 1984 1086 tio autem sapenie est charitas quoniam finis praecepti est cha
1204 1082 1969 1131 ritas i. Tim. i. Media vero spes sibi vendicat:
1207 1115 1973 1174 Hec ille. Unde sicut videmus in arbore cuius radix
1201 1162 1976 1209 est amara. Stipes et frondes ameni. Fructus autem
1206 1198 1979 1257 sapidissimi. sic in proposito. Et quia theologia de his
1203 1250 1351 1308 agit ergo etc
1224 1277 2012 1365 ¶ Tertio ostenditur ex doctrina e
1205 1343 1972 1397 theologorum magisterali. Nam quaritur quomodo differunt
1210 1385 1979 1447 scetita et sapientia ac etiam intellectus et prudentia. Et respondetur
1203 1428 1979 1480 notando secundum Tho. ii. ii. q. ix. ar. ii Inter scetam et sa
1209 1472 1975 1529 pientiam hec est differentia quod sapentia est cognitio re¬
1211 1511 1976 1572 rum diuinarum. Scinta vero est cognitio rerum creata
1213 1557 1988 1615 rum. Cum ergo de rebus creatis secundum rationes diuinas iudi¬
1206 1596 1974 1650 camus: hoc magis spectat ad sapientiam Et econuer¬
1210 1641 1970 1694 so. Cum per res creatas cognoscimus deum: hoc mag
1209 1689 1984 1738 partinet ad sciceitiam quam ad sapientiam. Proinde secundum Ray
1206 1729 1981 1769 nerium in summa. Sapiens dicitur qui nouit altissimam cau
1202 1763 1983 1823 sam id est deum simpliciter. Sed si nouit secundum quid id est in aliquo
1206 1805 1991 1860 genere inquantum per illam noticiam de deo habitam. potest
1213 1855 1981 1899 etiam de aliis iudicare. sic est sapientia quae est virtus
1216 1888 1990 1940 intellectualis. Et sic partinec ad donum intellectus. De
1206 1931 1990 1988 quo Esa. xi. Impleuit eum dominus spiritu sapientie et intelle¬
1212 1970 1991 2030 ctus. Exempli gratia. Cum ex cognitione qua scio per the¬
1221 2020 1994 2072 ologiam deum esse misericordissimum intelligo quod
1210 2067 1988 2118 peccatores vult conuertere et saluare etc. Item pru¬
1216 2098 1988 2147 dentia a sapientia: intellectu: et sceita differt secundum eunt
1214 2141 1996 2198 Tho. super. iii. dist. xxxv. in hoc quod cum ista habeant
1216 2188 1999 2238 certitudinem iudicii de agendis. Tamen prudentia non
1216 2224 1996 2274 certitudinaliter sed magis habet extimatiue iudicium
1211 2264 1990 2315 de agendis. Ad hec etiam vbi Ars. Unde quia theolo
1212 2306 2007 2360 gia est de diuinis: ac iudicare habet secundum rationes diui¬
1217 2348 2012 2406 nas de rebus etiam creatis. ergo dicitur sapientia vera et per¬
1218 2392 1840 2454 consequens praedignior omni alia scientia etc.
1253 2443 2005 2533 ¶ Sed hic occurrunt difficulta¬
1212 2513 2012 2575 tes. Prima difficultas quomodo theologia possit
1215 2560 2015 2619 vere dici scientia vel sapientia cum sit de non euiden¬
1215 2605 2011 2655 tibus scilicet de articulis fidei. Et de diuinis que non
1216 2644 2026 2703 habent causam. Scire autem est causam rei cognosce¬
