2233 3305
240 293 1034 384 spiritus sanctus primohabent eandem essentiam numero et secundo st
240 370 1018 417 supposita. et tertio sunt distincta realiter id est persona¬
234 406 1017 465 liter ideo mutuo in se inuicem sunt per circumincessio¬
242 451 1022 513 nem Ioam. xiiii. Ego in patre et pater in me est etc. hec
244 482 368 537 ex Guil.
300 520 1013 609 ¶ Ancitra deu. scilicet in aliqua crea¬
227 602 1024 648 tura sit circumincessio Respondetur secundum Bona. et Rich.
240 638 1011 695 ac Tho. super i. dist. xix. quod circumincessio in essendo
247 678 1010 733 ponit distinctionem similis et vnitatem. Et quia in solo deo
243 729 1010 774 est vnitas cum distinctione ita quod distinctio sit incon
243 763 1013 814 fusa et vnitas indistincta. hinc est quod in solo deo et
243 804 1007 865 in nula creatura est circumincessio perfecta. quia vnitas
237 846 1015 907 essentie cum distinetione personarum solius dei est proprium
234 890 1012 949 Sed tantum minus perfecte circumincessionis in creatura ha
243 929 1005 993 demus aliqua exempla licet dissimilia. Nam videmus quod
243 978 1010 1037 ppter conuenientiam generis ad spes: genus est in spe
244 1020 1013 1067 ciebus et econuerso. puta animal in homine. et iterum specites in
238 1058 1008 1115 indiuiduis et econuerso. Item videmus consimiliter. quod totum
233 1100 1005 1157 est in partibus et econuerso propter conuenientiam totius ad per¬
235 1143 1005 1203 tes. Sed quia maior est conuenientia in diuins personis
237 1182 1018 1246 quam generis ad spes et speciei ad indiuidua. Aut to¬
238 1229 944 1295 tius ad partes. ergo ibi est a fortiori circumincessio¬
295 1289 1001 1372 ¶ Utrum inter diuinas personas sit tam
235 1346 1002 1408 perfecta equalitas quod sint mutuo in se inuicem circumin¬
240 1403 1011 1451 cessiue respondetur secundum Scotorlis. super i. di. xix. concorditur
243 1435 1007 1497 Guil. et alios. quod in ista quaestione aliquid est certum. Et
237 1486 1006 1535 aliquid est dubium. Nam hoc certum est quod vna persona est
229 1520 1005 1583 in alia per circumincessionem. Sicut patet per scripturam Io.
234 1562 994 1628 xiiii. Ego in patre et pater in me est. Item patet per Aug.
235 1604 1009 1662 li. de fide ad pe. dicit propter vnitatem naturalem totus pater in
237 1647 1010 1709 filio et scilicet est. totus quam scilicet in patre et filio est. nullus horum ex
222 1695 1000 1740 tra quemlibet ipsorum est Idem testatur etiam Hilarius. iii.
225 1731 1001 1797 de trini. Et Amb. ii epistula ad Corum. sicut allegat magister
227 1773 1006 1832 e. dist. xix. primi. Ratio ad idem secundum Bona. Quia in
224 1814 992 1873 quaocumque est substantia vel essentia patris in eo est pater. Sed
240 1867 1000 1911 ubstantia patris est in filio. ergo pater est in filio. Et eadem ratione
234 1898 995 1956 filius in patre. et similiter scilict Nam si vna persona esset extra
228 1946 997 1993 aliam. sequitur quod differrent per substantiam quoniam illa quarum vnum est
235 1986 997 2045 extra alterum differunt per substantiam. Exemplum de Ioanno
240 2023 460 2087 et eius filio etc.
282 2077 998 2142 ¶ Sed dubium est in quastione ista.
240 2129 996 2185 de modo quo vna persona est in alia. Nam de hoc varie
234 2172 991 2223 sunt opiniones Quas partransiens: videtur melior ista
223 2225 987 2274 opinio Scotistarum. vicem quod vna persona est in alia non
224 2259 1004 2314 sic natura in supposito nec sicut forma in mate¬
226 2307 999 2354 ria. Sed sicut subsistens in subsistente. Subsistere
227 2345 998 2405 autem id est incommunicabiliter per se esse conuenit persone pri¬
233 2383 991 2444 mo. et sic vna persona est in alia secundum se totam per praesentiam
226 2428 989 2486 intimitatis ¶ Que autem sit ratio istius linexistentie de¬
232 2467 992 2522 clarant iidem Scotis. Primo quod tota huius ratio non est
235 2508 993 2565 praecise diuina essetia sola. probatur. quia cum pater hebeat essen¬
232 2559 989 2611 tiam diuinam in seipso. sequeretur quod pater esset in se eo modo
235 2592 988 2646 quo pater est in filio. quod non conceditur. quia ista inexistentia
219 2644 990 2701 requirit distinctionem. pater autem non distinguitur a seipso
222 2681 1001 2737 ergo isto modo non est in seipso. Secundo declarant quod tota
217 2722 1005 2794 ratio huius non est relatio originis sola. tum quia si sic
1084 310 1880 395 esset sequeretur quod cum creature originentur a deo. ergo crea¬
1090 383 1862 435 ture essent in deo et econuerso per circumincessionem
1098 425 1868 476 quod non conceditur. Tum quia in creaturis quando pater generat
1081 458 1870 514 filium est inter eos relatio origis. et tamen pater puta Ioam
1083 508 1868 565 nes non est in suo filio scilicet petro nec econuerso. quia non
1089 545 1865 603 habent identitatem nature etc. Tum quia relationes in di
1093 587 1869 646 uinis non sunt eiusdem rationis. et sic persone non vnifor¬
1088 632 1870 690 miter essent in se inuicem Terto ergo declarant iidem Sco¬
1089 671 1862 733 tiste quod ratio tota istius inexistentie circumincessiue est ipsa
1086 721 1875 774 essentia diuina et relatio similis Nam neutrum per se suffi
1089 763 1871 805 cit sed ambo concurrunt quamuis essentia diuina sit
1093 797 1817 868 principalior ro huius Hec ex Scotorlis. et Guil.
1146 844 1864 916 ¶ Sed difficultas est. Si ex his
1089 910 1864 955 predictis sequitur quod sit confusio personarum in diuis: con¬
1089 949 1861 998 tra illud symboli. neque confundentes personas etc. nam
1096 983 1867 1047 Aristo i. Phy. dicit quod ponere quodlibet in qualibet est
1092 1031 1863 1087 confusio. ergo similiter i proposito videtur etc. Respondetur secundum Sco¬
1089 1076 1868 1123 torlis. quod non sequitur confusio in personis. quia ponere quodli
1092 1108 1864 1171 bet in qualibet esse sicut partem vniuscuiusque vel aliquid
1086 1157 1858 1208 eius bene est confusio vt dicit philosophus contra Anaxagoram vbi supra.
1097 1181 1860 1252 Sed persona non ponitur in persona esse sicut pars vel ali¬
1077 1246 1853 1294 quid eius. ideo non sequitur confusio quam ponebant Sabel
1086 1284 1858 1341 liani confundentes personas. dicendo quod eadem eet perso¬
1083 1321 1855 1383 na pris quae et filii et spiritus sancti. et dum pater vellet vo¬
1092 1370 1849 1423 cauerit se patrem in scriptura. ac dum vellet: filium se vo
1083 1413 1855 1460 caret. vel spiritums sanctum sicque vnam essentiam trium persona
1077 1454 1853 1511 ram confusiue ponebant propter quod in symbolo contra eosden¬
1083 1484 1855 1556 icitur. neque confundentes personas etc. vnde in proposito non
1077 1530 1862 1601 sic est vna persona in alia. Sed sic quod in vnica essen¬
1070 1581 1856 1638 tia sunt distincte persone in seipis subsistentes. quae¬
1078 1620 1846 1676 rum vna est in alia per praesentiam intimitatis in identitate
1073 1663 1852 1722 essentie. Exemplum ponit secundum Diony. Bonauem. licet
1073 1705 1853 1760 non sit simile nisi imperfecte. vicem si essent multa lumi
1068 1740 1853 1807 na in eodem aere inconfusa et distincta cuius distin
1077 1781 1856 1858 ctionis signum est quod quando lumen vnum aufertur: inde secun¬
1068 1829 1741 1892 trahit lumen suum. nil de aliis conuellens etc.
1098 1875 1841 1948 ¶ Item cotra praedicta de circumincel
1074 1942 1848 1993 nione personarum posset dialectice argui. Omne quod est
1078 1974 1844 2035 in filio est in patre. sed pater est in filio. ergo pater est in patre
1084 2013 1841 2069 Respondetur secundum Bona supra. quod non valet quia est fallacia
1065 2067 1839 2120 accidentis. quia li in est nota distinctionis. sicut etiam
1078 2108 1847 2159 nccidentis fallacia esset arguendo. petrus est similis
1074 2148 1841 2196 paulo. et praulus est similis petro. ergo petrus est similis
1068 2183 1835 2244 petro. ¶ Item adhuc posset argui sic. Quicquid est
1074 2229 1841 2286 in deo est deus. propter simplicitate. ergo quicquid est in filio
1062 2276 1840 2328 est filius. sed pater est in filio. ergo pater est filius. Respondetur
1066 2311 1844 2372 secundum eundem Bonauem. quod non valet. quia est fallacia fi¬
1072 2359 1842 2411 gure dictionis. nam mutatur quid in quis scilicet in minore
1071 2400 1834 2446 cum assumitur sic. Pater est in filio. pater enim et filius
1070 2443 1835 2500 non dicit quid sed quis secundum regulam theologicam ¶ Item de
1063 2477 1838 2534 praepositionibus conuenientibus personarum circumincessioni. vt
1058 2527 1835 2575 de ca. praepositiones. ¶ Item adhuc arguitur sic. Circu¬
1068 2566 1833 2623 lo demonstrari est impossibile scilist Poste. quia sic idem
1069 2612 1835 2664 esset causa suiipsius. Sed si in diuinis esset circumin¬
1061 2652 1839 2709 cessio esset circulus. ergo etc. respondetur secundum Guil. quod non
1066 2696 1838 2746 est sic in proposito. non enim dicitur pater in filio vt causa
1055 2729 1825 2798 in causato nec econuerso. sed quia habent eandem numero
