2164 3301
225 248 1052 329 cre. i. posteriorum. Respondetur secundum Petrum de aquila in
246 319 1052 372 prol. q. ii iuxta opinionem doctur. subtilis concor. Guill.
258 363 1046 412 Quod scientia capiendo prout scire diffinitur i. posteriorum
264 397 1052 455 Et sic proprie est cognitio certa per causam de aliquo
267 441 1057 491 vero et necessario. habente euidentiam ex principiis
268 489 1050 536 euidentibus applicata ad scitum per discursum
273 521 1051 571 syllogisticum. Ut patet infra ca. Scientia. §. i. Hoc
267 569 1052 612 modo theologia non est scientia: quia non tantummo
273 609 1057 659 do est de necessariis sed etiam de contingentibus
285 655 1052 698 vt de mundi creatione: et de christi incarnationem
289 698 1051 751 et passione etc. Nec habet principia euidentia per
284 734 1052 791 discursum. Nec est cognitio dei per causam. cum
279 778 1057 822 deus non habeat causam ergo etc. Sed capiendo sci
285 821 1057 870 entiam pro habitum certitudis sicut in dicto apostolis
276 860 1049 917 Scio cui credidi et certus sum. Sic theologia
285 905 1045 952 est scientia et sapientia quia certissimus est habitus
283 949 1049 995 etc. Aliter quoque Uarro respondet primo libro. q. iii. di.
285 989 1046 1035 quod si theologia consideratur in se sic est scientia. Si
289 1034 1040 1084 autem in comperatione ad scientem. Et sic est in intel¬
287 1068 1050 1125 lectu viatoris. Et vt sic non debet dici scientia quia non
284 1112 1049 1166 habet principia euidentia. Sicut sol in se est maxi¬
294 1156 1049 1203 me visibilis: sed in comperatione ad oculum vesparti
285 1195 1038 1255 lionis non est visibilis. ii. Meta. etc. Sed melius
285 1244 1044 1294 tenendum est cum Scoto. et post eum Guillermo quae
286 1283 1048 1334 super. iii. lib. xxiiii. di. simpliciter dicit quod theologia
288 1321 1039 1369 non est scientia proprie. cum fidei innitatur et ita non
292 1362 1037 1421 habeat euidentiam ex ratione obiecti quae tamen est condi
297 1411 1045 1457 tio scientie. vt dictum est ex primo libro. posteriorum etc.
306 1443 1046 1512 Habet tamen conditionem scientie. scilicet certitudinem ha¬
303 1487 427 1548 pitus etc.
335 1530 1043 1609 ¶ Secunda difficultas. An the¬
298 1596 1041 1642 ologia nostra id est que est in nobis viatoribus sit sub¬
291 1636 1033 1683 alternata scientie metaphysice. Respondetur secundum Pe
295 1676 1046 1736 de aquila Scotorellum quod non. Quia quamuis subie
303 1718 1036 1774 ctum eius scilicet deus possit esse sub subiecto metaphy
298 1760 1045 1810 sice quod est ens in sua communitate acceptum. Uerum
306 1801 1043 1852 tamentheologia non accipit principia a metaphyca etc.
294 1841 1027 1904 ergo non est eidem subalternata etc. Hec ibi. q. ii
296 1885 368 1942 prolo
325 1921 1040 2007 ¶ Tertia difficultas est. An the
300 1990 1032 2042 ologa nostra sit subalternata scientie dei et beato
307 2032 1037 2092 rum. Ad hoc Tho i. parte. q. i. ar. ii dicit quod sic. Quia
301 2072 1046 2134 theologia nostra procedit ex lumine superioris scien
295 2118 1030 2170 cie inquantum principia credita que habet accipit a thi
301 2160 1031 2220 ologia dei et beatorum. et sic procedit ex lumine illius
304 2199 1036 2254 superioris scientie: sed hoc non tenent Scotiste. Nam
304 2241 1042 2304 secundum Scotorellum vbi supra. Exquo theologia est de
306 2289 1036 2344 deo sub ratione deitatis qua virtualiter continet omnia
307 2330 1045 2377 cognoscibilia de ipso deo tanquam vnica scientia de
303 2372 1037 2424 vno subiecto primo. Et quia scientia subalternans et
304 2409 1033 2460 subalternata scientia non sunt de eisdem conclusionibus
300 2458 1036 2512 quoniam vbi subalternans terminatur ibi subalternata
301 2506 1037 2556 incipit. vt patet de philosophia naturali quae est de corpore mo
292 2535 1043 2598 bili absolute. Et de lib. de Celo. vel de Ania etc.
301 2583 1034 2638 Modo quoniam theologia nostra et beatorum sunt die
301 2628 1031 2681 eisdem conclusionibus primo. Nec potest esse de deo
298 2662 1043 2740 scientia nisi vnica vtpote de vnico subiecto primo
1122 257 1903 328 Et ad talem scientiam partinent omnia quae considerantur
1132 321 1899 374 sub ratione tali. ergo non est scientia subalternans ha¬
1127 363 1903 413 bens sibi subalternata. Item secundum Guill. etiam
1132 404 1901 459 Scotistam super. iii. lib. di. xxiiii. Probatur sic quia Ne
1135 448 1901 499 gato superiori negatur inferius. sicut qui lapidem ne¬
1125 500 1902 543 gat esse animal: negat esse hominem. Sed theolo
1129 537 1908 586 gia nostra negatur esse scientia proprie vt patuit in prae¬
1123 579 1900 626 dictis per Scotistas. Theologia autem in se et in in
1132 614 1900 686 tellectu diuino et beatorum est vera scientia sicut in¬
1132 654 1429 721 fra dicetur. ergo patet etc.
1143 726 1892 819 ¶ Item theologia vnde dicitur
1125 789 1770 861 et quot modis. Uide in ca. Theologia.
1276 846 1359 938 Ia¬
1207 872 1886 966 barta questio di
1260 949 1894 1008 certitudinali veritate theologice scientie
1158 971 1902 1060 ¶ Utrum theologica scientia sit omnium aliarum scien
1118 1039 1904 1091 tiarum certissima. Et questionis ratio secundum Rich. in
1119 1084 1909 1132 pemio. q. ii est. Quia omnis scientia debet procede¬
1119 1131 1898 1185 re ex principiis per se notis. Nam Alanus in prolo¬
1116 1167 1897 1219 go de maximis tbeologie dicit. Omnis scientia suis
1122 1214 1892 1273 vtitur regulis velut propriis fundamentis. Has
1119 1247 1901 1311 autem regulas Philosophus posteriorum primo libro vo¬
1124 1295 1894 1351 cat dignitates. Et vult quod sint principia per se nota
1123 1331 1898 1399 Unde et. vi. Ethicorum dicit Circa scientiam oportet certi¬
1122 1373 1895 1440 ficari et non sequi tantum similitudines. Sed quoniam theo¬
1119 1414 1892 1477 logia procedit ex articulis fidei que non sunt per se no¬
1120 1464 1891 1514 ta: sed tantummodo credita. Quomodo ergo theologia dici potst
1120 1500 1889 1563 certissima scaita. Ad hoc tamen soluendum idem Rich.
1119 1541 1888 1606 ibidem dicit quod ipsi articuli fidei qui sunt principia
1116 1582 1892 1643 theologie ex quibus procedit in suis demonstrationim
1118 1628 1893 1684 bus quamuis naturali lumine intellectus non sint per
1104 1659 1898 1727 se nota nobis viatoribus: Uerumtamen sunt nota lumi
1104 1712 1882 1768 ne superioris scientie que est scaia ipsius dei et beato¬
1128 1754 1889 1822 tum. Unde theologia supponit talia principia sibi
1110 1793 1881 1860 tradita ab illa superiori scientia dei et beatorum per
1104 1839 1883 1898 reuelationem certam in qua non potest esse falsitas et
1114 1884 1882 1930 vt sic sunt per se nota ergo etc. ¶ Ad questionem ergo primo
1118 1918 1889 1975 pclusio ponitur vicem quod theologica scientia est omnium
1107 1969 1882 2020 certissima vt omnium theologorum concorditer tenet
1105 2000 1874 2065 sententia. Et hec conclusio secundo declaratur pluribus
1117 2047 1885 2100 rationibus secundum Alexan. de Ales in prolo. q. v. Prima
1110 2094 1885 2134 ratio: quia testimonio spiritus sancti est certificata. Tertius
1107 2135 1880 2187 enim est quod scitur testimonio diuino spiritus sancti miracu
1104 2170 1880 2236 lis confirmato quam quod scitur testimonio humane rati¬
1111 2218 1883 2281 ocinationis vel creaturarum. Secunda ratio quia theolo¬
1105 2251 1880 2318 gia certitudine experientie est comprobata. Nam dice
1116 2306 1882 2356 re philosopho i. Meta. Omnis expartus etiam non artifex. cer¬
1113 2334 1876 2402 tius operatur quam artifex inexpartus vt claret. Exempli
1106 2378 1877 2443 gratia in medicis expartis et inexpartis. Sed quoniam theo
1101 2425 1874 2480 logia certitudine affectus et gustus ac illumina
1104 2471 1867 2529 tionis in ipsis sanctis viris prophetis et apostolis aliisquie
1110 2513 1873 2553 vsque ad mortem pro ea se exponentibus certissime est no¬
1109 2554 1877 2608 ta. ergo est certior aliis. Nec obstat si quis dicat quod
1110 2598 1882 2655 quo ad speculatione intellectus intuitiui qui est
1112 2641 1871 2696 per modum visus non est certior aliis scientiis. Quia
1107 2685 1890 2753 visus faciliter falli potest vt patet de virga in aquam
