2264 3336
204 309 1027 399 trdicendum est non esse per se notum. probatio. Quia non est
215 367 1005 441 notum stati cogniti terminis nec termini ipsius ca
213 414 1020 484 dunt sub sensu immediate quod requiritur ad per
219 454 1014 527 senotum. ergo etc. Secunda ratio. quia nullum demonstra
219 501 1023 571 bile et probabile est per se notum vt patet ex praedictis.
227 558 1016 613 ¶ Sed deum esse est demonstrabile et probabile vt patet
234 585 1021 652 perphilosophum. viii. Phy. et per Auicen i. meta. sue. Sancti
234 631 1014 693 etiam et theologi probauerunt deum esse. ergo non est per se no
236 671 1017 731 tum. Sed perfidem quam. confirmant miracula transcenden¬
240 727 1014 776 tia facultatem nature bene est notissimum. sed hoc non est
245 766 1020 820 de legecomni. Tertia ratio. quia vt philosophus. i. Poste. dicit per se
250 812 1020 867 nota sunt quo etsi exterius ore negentur numquam tamen ne¬
255 850 1019 905 gari possunt corde. Sed deum esse negatur a multis
240 894 1019 936 errantibus et insipientibus. iuxta illud psalmus. dixit insipi
248 934 1013 997 ens in corde suo non est deus ergo etc. ¶ Tertio prin¬
258 972 1014 1039 cipaliter difficultates mouentur ¶ Prima. quia per
255 1015 1014 1077 se est notum quod creature sunt. ergo per se notum est quod cau
255 1059 1029 1115 sa prima istarum est. quia causa et causatum cum sint relati
256 1105 1019 1159 ua posita se ponunt. ergo etc. Respondetur secundum Fran. supra. quod
257 1140 1022 1196 si esset per se notum aliquos effectus esse dei bene conclu¬
250 1184 1021 1233 deret hec ratio. Sed hoc non est verum. dato eim quod creatu
256 1229 1019 1277 ras sit per se notum esse in mundo. non tamen per se notum est
253 1269 1026 1334 quod effectiue sunt a deo. Hec Fran. ¶ Alia difficul
255 1310 1013 1360 tas. quia veritatem esse est per se notu. Sed dus est veritas
268 1352 1025 1401 ergo deum esse est per se notum. Maior patet. quia sequi¬
268 1397 1018 1450 tur ex suo opposito Nulla veritas est. ergo verum est
259 1442 1020 1489 nullam veritatem esse. ergo hec veritas est et c. respondetur secundum
258 1481 1028 1530 Scotorlis. quod veritatem esse in communi est per se notum. sed cum
262 1519 1029 1577 infertur. ergo deum esse est per se notum. non sequitur. sed est fal¬
265 1566 1028 1617 cia consequentis a superiori ad inferius affirmando
262 1600 1029 1663 Hec Scotorlis. Nota quod fallacia consequentis fit ex
258 1653 1025 1696 eo quod consequentia creditur conuerti quae tamen non conuertitur. vt
267 1685 1031 1750 si bo est animal est. ergo si animal est homo est. non valet. sic
258 1729 481 1787 in proposito etc.
303 1798 1025 1865 ¶ Utrum deum esse sit demonstrabi¬
273 1855 1030 1905 e. hoc est probabile per rationes certissimas et infal¬
264 1899 1024 1954 libiles. Ad hoc respondendo. ¶ Primo pambulum prae
270 1943 1025 1991 mittitur. Notando secundum Rich. super i. dist.et. q. . Quod vt
264 1984 1018 2035 dicit philosophus. i. Poste. demonstratio distinguitur. Na
274 2029 1023 2084 quedam est demonstratioppter quid que fit per praeora vt
273 2068 1034 2115 cum demonstratur passio de subiecto per causam pu
271 2113 1023 2164 ta hominem esse discipline susceptibile. quia est rationa
267 2152 1029 2211 lis et huiusmodi. et sic non possumus demonstrare deum
270 2198 1018 2244 esse quia esse dei non habet causam sed ipsum est causa omnium
269 2236 1036 2288 Alia est demonstratio Quia est: et fit a posteriori de
279 2279 1026 2334 monstrando scilicet causam per effectum. Sicut dum anima pro
277 2320 1025 2367 batur esse in corpore per actus et operationes anime puta lo
277 2363 1027 2412 cutionem sensum et huiusmodi. ¶ Secundo ad quaestionem com¬
277 2411 1027 2458 clusio ponitur secundum Fran. Mayro. super i. di. i. q. ii
283 2447 1028 2496 et. iii. similis colligendo. Et conclusio prima est. quod deu ess
289 2487 1022 2538 demonstratione propter quid non est demonstrabile. Re
289 2530 1043 2583 quia in demonstratione propter quid diffinitio subiecti
289 2570 1031 2620 debet esse medium. probado scilicet aliquam passionem do
281 2614 1037 2662 subiecto vt patuit. sed deus non est deffinibilis sed sim
298 2652 1038 2713 pliciter simplex. nec habet causam pro medio probandi
298 2693 1032 2758 ergo. ¶ Conclusio secunda quod deum esse demonstratione quia est
282 2745 1037 2810 est demonstrabile scilicet prproprietates arguendo a po
1089 335 1872 404 steriori sic. Omnis prima e ausa existit. Sed deus est
1099 394 1862 442 prima causa omnium rerum. ergo deus existit. vnde Diony. dici
1089 444 1866 495 quod nullam habemus viam ad ostendendum aliquid de
1095 480 1870 528 deo. intelligendo secundum propriam vicem rationem et specifi¬
1090 524 1871 572 cam. tamen ex effectibus habemus viam ad laudan¬
1087 565 1859 611 dum deum et edocemur ex creaturis etc. Hec ex
1092 607 1862 661 Fran. ¶ Tertio exemplo declarando. quia experi¬
1089 648 1862 694 mur quod tam fideles quam etiam infideles. tam boni.
1102 694 1863 743 etiam quam mali possunt deum cognoscere naturali¬
1086 734 1863 782 ter id est per rationes naturales. et per speculum creatura
1089 778 1872 837 rum i. Corum. iii. videmus nunc per speculum in enigma
1086 818 1564 870 te etc. Et de hoc infra patebit.
1111 866 1856 952 ¶ Utrum deum esse sit summe ve
1085 931 1871 994 rum et certum ac manifestum adeo quod non possit de
1087 983 1862 1035 um non esse cogitari. Ratio questionis est quia
1085 1022 1875 1084 dicit Augu. quod nullius conscientia teste potest di¬
1087 1068 1859 1112 ci deum non esse. Sed in oppositum est Damasce. dicit
1098 1103 1858 1164 Intantum praualuit perniciosa hominim malicia. vt dicat
1099 1155 1864 1204 peum non esse secundum illud Psalmus Dixit insipiens in cor¬
1096 1190 1868 1239 de suo non est deus. Nam et idolatra cogitat et dicit:
1093 1241 1862 1282 quod non est alius deus quam idolum etc. ¶ Ad hec respnde¬
1083 1278 1860 1333 tur secundum Bonauem. super i. dist. viii. q. ii articuli pris
1090 1322 1871 1371 mi. breviter quod intellectus humanus in cogita¬
1084 1357 1856 1417 tione diuine veritatis posset deficere dupliciter
1095 1404 1856 1458 primo ex parte ipsius intellectus. secundo ex parte in¬
1096 1449 1871 1505 telligibilis. ¶ Unde posset deficere. Primo ex par¬
1095 1487 1867 1532 te intellectus. et eius cecitatis vel ignorantie. et
1087 1522 1864 1576 hoc dupliciter. vel quantum ad cognitionem quid est
1095 1566 1868 1626 vel quantum ad cognitionem. si est: aut quia est. Sed
1090 1617 1858 1663 quoniam vt dicit Hugo. Deus ab initio sic cognitio¬
1096 1659 1871 1703 nem suam in homine temprauit vt sicut nunque pote¬
1095 1697 1871 1751 rat comprehendi quid esset ita nunquam Quia esset:
1092 1737 1856 1785 poterat ignorari. Quia ergo intellectus noster
1089 1784 1862 1830 nunquam deficiet in cognitione dei. si est vel quia est:
1090 1819 1869 1876 ideo nec potest ignorare ipsum deum esse. et simi¬
1095 1860 1868 1911 liter nec cogitare potest deum non esse. Sed quoniam de
1093 1904 1862 1961 ficit in cognitione Quid est. ergo frequenter co¬
1098 1944 1870 1997 gitat deum esse quod non est sicut idolum. vel non
1089 1994 1875 2043 esse quod est: sicut cogitare deum non iustum esse
1104 2035 1862 2080 tem. et per consequens tales cogitant deum non esse et sic
1096 2073 1869 2128 intelligendum est dictum Damasceni. iuxta Psab
1092 2116 1870 2173 mum. supra allegatum et huiusmodi dicta. ¶ Se¬
1088 2163 1868 2212 cundo posset deficere intellectus noster ex parte
1095 2202 1862 2258 intelligibilis a veritate. Et hoc fit aliquando ra
1090 2244 1868 2298 tione defectus praesentie. vtpote quia tale intelli¬
1099 2286 1868 2332 gibile non semper nec vbique praesens est ideo potest co
1102 2332 1866 2384 gitari non esse alibi vel aliquando. Deus autem
1092 2367 1859 2418 quia semper vbique totus praesens est ideo hoc modo
1098 2417 1875 2463 non potest cogitari non esse vt dicit Anslm. libro con¬
1099 2453 1876 2506 tra insipientem. Aliquando fit ratione defectus eui
1102 2493 1861 2541 dentie. quia tale intelligibile non est euidens vt in
1096 2537 1868 2584 se nec in probando. Sed quoniam deus est summa ve¬
1098 2581 1862 2632 ritas euidentissima in se et in probatione sui esse quia
1102 2622 1867 2673 deum esse probat omnis veritas et intelligentia recta. et
1098 2664 1865 2713 omnis natura creata. Concedendum est ergo quod tanta
1102 2708 1861 2751 et tam manifesta est veritas diuini esse quod cum
1103 2745 1879 2800 assensu rationis non potest cogitari non esse nisi
