2264 3340
199 297 1026 387 ton anagogico per viam reuelationis superne ac per
218 354 1025 426 ingelorum testimonia multiplicia ac per diuina
217 394 1019 467 miracula per que habemus infrallibilia testimo
216 441 1023 509 nia. quia deus et angeli beati non possunt esse
232 482 1017 554 testes falsitatis vt dicit Ansus. vnde ex praedictis conclu¬
230 522 1008 590 ditur cerissime quod deum non esse non potest quis cogita
238 567 1026 635 re. hoc est non potest quis credere quod deus non sit. dum
237 609 1017 690 modo vtatur ratione sine mentis errore. vt dicit Bona.
243 663 359 726 vbi supra
404 692 1011 811 Cum esse num
402 789 1019 855 tantummodo et non plures. ¶ Queritur
403 835 1023 892 hic. Utrum deum esse vnicum sit necessa¬
412 879 1016 935 rium. ac plures deos esse sit impossi¬
255 920 1017 979 bile. Cirta istam questionem tripliciter procedemus. pri¬
252 968 1022 1018 mo conclusionem ponendo. secundo ipsam probando. ter¬
258 1011 1013 1064 tio difficultates soluendo ¶ Primo inquam conclusio
252 1048 1017 1098 ponitur. quod deum esse vnicum est necessarium. et plures
261 1096 1020 1145 deos esse impossibile: est certissime demonstrabi
254 1128 1025 1186 le. Et hec conclusio secundum omnes doctores communiter decla¬
261 1178 1021 1224 ratur. Quamuis enim Uarro lib i. q. i. dicat quod vni¬
265 1219 1009 1261 tas dei non est demonstrabilis sed accepta est per
253 1255 1013 1312 fidem sicut ponit rabbi Moyses. Tamen verius dici
265 1301 1019 1343 oppositum doc. subtilis quem sequuntur Scotorlis.
265 1344 1019 1396 Guil. super i. dist. ii et alii scotiste. Item Bonauen.
261 1382 1009 1429 Rich. Tho. ac communiter theologi tenent quod si recte ac
264 1431 1004 1477 cipiatur significatum huius nois deus pro simpliciter sum
265 1472 1014 1511 mo ente: necessarium est deum vnicum esse. et demonstra
263 1508 1019 1564 bile pluribus rationibus quod impossibile est plures de¬
265 1560 1020 1606 os veros fore. e quibus rationibus aliquas hic prosequimur
273 1589 1013 1654 ¶ Secundo itaque conclusio dicta probatur secundum praedictos
264 1638 1006 1696 doc. super. di. ii. primi. ¶ Primo ratione praeminenti
268 1684 1011 1734 ex Bonauen. et Rich. Supponitur emim quod deus sim
253 1722 1022 1773 pliciter summum ens est quo nil maius cogitari
264 1769 1019 1819 potest vt ait Ansels. monolis. Sed quoniam quod per superemi¬
252 1799 1015 1852 nentiam dicitur vni soli conuenit. vii. Topicorum. Si er¬
253 1850 1009 1905 go sunt duo vel plures dii non possunt esse eque sum
253 1891 1017 1943 mi sed vnus eorum erit summus omnim. et alii erunt infe¬
252 1932 1018 1984 riores illo. ergo illi alii non erunt vere dii cum sint infra.
267 1973 1010 2030 aliud in natura. quibus aliquid maius potest cogi¬
264 2013 1019 2065 tar scilicet illud quod est summum omnium. hec Bonauen. et
261 2055 1019 2105 Rich. ¶ Secundo ratione omnipotentie Nam ab omnibus
268 2099 1022 2149 supponitur quod deus est omnipotens. potest ergo deus facere
264 2147 1014 2198 vt omnis potentia alia a sua nihil possit vt ait etiam
276 2182 1018 2230 Rich. li. ii. de trini. c. vlti. et clarum est. Si ergo essents
266 2225 1010 2281 duo vel plures dii diuersi in natura. scilicet A et B
276 2270 1015 2326 vnus eorum scilicet A. cum sit omnipotentissimus potest face¬
270 2314 1018 2365 re vt alter scilicet B nihil possit. Rursum. B cum sit omni¬
280 2350 1018 2401 potentissimus potest facere vt alter scilicet A. nil pos
279 2396 1018 2445 sit. Sed cuicumque potest auferri potentia non est deus
285 2432 1016 2496 ergo nullus illorum erit deus. Quod si dicatur quod hoc argu.
283 2485 1022 2535 gumentum non concludit quia illi dii fecerunt pactum
281 2519 1015 2567 et concordiam ad inuicem vt in pace operarentur et
277 2557 1017 2617 quod vult vnus velit alius. sufficit mihi quod vnus
276 2607 1029 2663 posset facere quod alius nollet. vel destruere quod
282 2644 1022 2707 alius vellet. hec Bonauen. et Scotis. ¶ Tertio
292 2683 1027 2743 ratione nature infinite. secundum Bonauen. deducitur.
274 2722 1026 2803 ¶Quia deus est infinitus et vbique totus vt patet
1086 332 1862 387 etiam. viii. Phy. Proinde. Si ste duo dii scilicet A
1088 385 1856 434 et B. Aut vnus est vbicumque est alius. aut non. si
1099 425 1861 471 non. ergo vterque est limitatus. et sic neuter est infini¬
1092 471 1862 520 tus. et per consequens neuter est deus. Si autem vnus
1095 507 1863 564 est vbicumque est alter. ergo vnus erit in altero quia sunt
1092 551 1863 609 eodem modo essendi in omnibus rebus. ergo vnus est
1093 593 1861 640 alteri materialis et per consequens iste quae est materi¬
1092 632 1857 679 alis non est vere deus etc ¶ Quarto ratione intelli¬
1087 683 1862 724 gentie. secundum Scotis. et Bonauen. sicut. Quia si sunt
1092 717 1868 764 duo dii A et B. Quero. vtrum vnus intelligit ali
1092 761 1855 815 um aut non. Si non tunc non est perfectus. quia igno¬
1088 798 1865 854 rat perfectissimum cognoscibile et ita non est deus. Si
1092 846 1865 900 autem intelligit. Quero. quomodo. aut per essentiam propriam
1089 882 1859 934 aut per essentiam dici intellecti. Si primo modo. ergo non
1095 928 1853 974 est deus cum non intelligat alium deum perfectissime eo
1086 970 1863 1022 quod non ita perfecte intelligit illum sicut ille seipsum. Nam
1089 1013 1858 1057 perfectior est cognitio per essentiam cogniti quam per speciem
1086 1055 1855 1106 aliam nisi cognoscens contineret eminenter cognitum
1095 1097 1859 1148 quod non facit in proposito. Si autem secundo modo. se¬
1085 1135 1843 1183 quitur quod cognitio intelligentis dei est posterior deo
1086 1177 1847 1231 intellecto. Et cum cognitio dei sit met deus. sedud
1084 1218 1865 1276 tur quod deus intelligens sit posterior deo intelle¬
1084 1260 1858 1310 cto. et ita non est deus. ¶ Quinto ratione amicicie. quia
1084 1302 1849 1351 si sunt duo dii A et B aut vnus diligit alium ta¬
1087 1347 1858 1392 tum quantum est diligendus. hoc est infinite quantum se
1093 1383 1850 1443 aut non. Si non: sequitur quod voluntas eius est peruer
1092 1426 1859 1483 sa cum non diligat summu bonum prout est diligendum
1092 1466 1859 1525 scilicet infinite. et per consequens non est deus. Si sic. Cum
1095 1513 1843 1559 vterque sit summum bonum vterque diligendus est amo
1090 1550 1846 1598 re fruitionis. Et per consequens vterque fruitur altero
1089 1594 1853 1645 tanquam alieno bono. Sed qui fruitur bono alio a se
1089 1635 1853 1683 illo indiget. ergo vnus indiget a lio vt beatifice
1088 1678 1853 1733 tur. et per consequens neuter est deus cum vterque sit
1092 1719 1852 1772 indigens altero. Si autem dicas quod vnus scilicet A
1090 1762 1852 1811 fruitur alio scilicet B Et fruitur etiam seipo. ergo hab
1091 1806 1860 1860 pit duo obiecta adequata perfecte bentifica et sic
1080 1844 1855 1893 erit bis beatus. quod est impossibile quia tunc
1080 1886 1859 1937 esset aliquis beatus aliquo. quo non existente nihilo¬
1090 1930 1861 1976 minus beatus esset quod implicat. hec ex Guil. et
1086 1973 1857 2027 Scotorlis. ac supradictis ¶ Ex dictis infertur quod in
1086 2011 1859 2065 rationalis fuit error gentilium colentium plures
1086 2057 1858 2101 deos. et pessimus error epicuriorum qui tot deos
1094 2097 1865 2148 posuerunt quot sunt entia visibilia. cuilibet en
1089 2141 1850 2190 ti visibili dantes proprium deum et vocabant hanc li¬
1083 2181 1855 2231 gam Sinthoniam. Similiter error Achademico¬
1099 2228 1858 2276 cum qui celos et planetas deos nominabant. Et
1095 2269 1855 2312 error Stoicorum qui deorum inuisibilium in celis po¬
1090 2310 1861 2359 nebant multitudine. similiter error manicheorum ponetium
1089 2349 1868 2393 duo principia. Contra omnes huiusmodi fatuitates Psalmus
1083 2393 1861 2446 Omnes dii gentium demonia dominus autem celos fecit
1097 2448 1856 2532 ¶ Tertio difficultates soluentur
1095 2522 1852 2572 ¶ Prima. An aliqui philosophorum posuerint vnicum
1096 2569 1852 2615 tantummodo esse deum. Respondetur quod plures ph
1095 2607 1862 2659 losophi posuerunt. Et patet nam Trimegistus de
1083 2651 1867 2704 diuinitate ad Asclepium dicit quod vnus est mundus
1092 2693 1853 2738 et vnus deus. Item Socrates athenis veneno
1092 2736 1863 2806 est necatus eo quod negauit deorum pluralitatem
