2260 3336
204 302 1012 395 Sed ex suma plenitudine redundat a patre in al
208 362 1009 436 as personas redundantia perfectionis. Nam perfecti
217 404 1018 474 onis est producere talem qualis ipse est in natura.
214 446 1019 527 Sedhoc non potest esse secundum aliam essentiam ergo opoertet
220 493 916 565 quod sit secundum aliam personam. Hec ex Bonauen.
266 535 1007 623 gecunda difficultas: si talis plu¬
235 593 1009 662 ralitas personarum conuenire potest simplici vnitati di
234 650 1009 702 uine essentie. Cum pluralitas repugnet simpli
241 682 1012 747 citati. Respondetur secundum Bonauen. quod pluralitas que
250 741 1018 788 dam est per additionem scilicet alterius nature. Et talis
255 772 1006 825 repugnat simplicitati. Quedam est pluralitas in
249 814 1009 870 solam originem in eadem natura. Et talis non addi
252 862 1012 915 nec componit: nec repugnat simplicitati sed potius
241 911 1019 957 solitudini. Et sic est in proposito. et hoc secundum Scoto
258 947 1017 999 relis. patet falsitas erroris Auerrois. xii. Metaph
259 982 1025 1036 Qui deridet christianos in hoc putans repugna
243 1030 1013 1080 re simplicitati diuine essentie ponere in ea plu
256 1075 1027 1116 ralitatem personarum. Nam hereticum et falsum est hoc
262 1112 1016 1157 sentire. Probatur per eundem Scotorelis. super i. dist.
262 1155 1016 1208 ii. q. ii arti. iii. sic essentia diuina est simplicissima
248 1203 1025 1251 et illimitata. Sed anima humana propter simplicita
252 1239 1015 1293 tem suam potest esse in pluribus partibus corporis sine
259 1279 1016 1333 sui diminutione et mutatione: ergo multo magis
264 1324 1019 1379 essentia diuina potest esse in pluribus suppositis etc.
265 1367 1018 1420 Preterea vna natura creata puta huanitas proaes
264 1407 1024 1462 manente sua simplicitate specifica: recipere supra se
258 1448 1018 1504 plures proprietates personales vel suppositales. ergo
253 1491 1028 1550 multo excellentius diuina natura. vide plura Di¬
256 1534 479 1593 stincctio. §. iiii
309 1569 1019 1648 ¶ Tertia difficultas vnde est er¬
252 1630 1022 1686 quod quod cum plures personas: puta petrum paulum ioan
261 1676 1019 1723 nem dicimus esse plures homines Et tantum patrem filium et
256 1722 1028 1769 spiritum sanctum non dicimus esse plures deos sed vni¬
265 1763 1010 1814 cum deum: Respondetur secundum Tho i. parte. q. xxxix. arti. iii. quoe
255 1804 1022 1852 ideo quia in pluribus suppositis vel personis huma¬
256 1849 1018 1900 ne nature sunt plures humanitates numero. Se¬
265 1885 1018 1937 in personis diuinis est vnica numero diuina essentia
274 1930 1025 1975 Unde nomina significantia diuinam essentiam substantiue
261 1973 1024 2014 singulariter et non pluraliter praedicantur de tribus perso¬
270 2010 1022 2060 nis dicendo. Deus pater deus filius deus spiritus sanctus non
262 2056 1025 2106 tamen dii tres. Sed adiectiue significantia praedicatur plu
267 2105 1022 2148 raliter. propter pluritatem suppositorum. Dicimus enim tres sa
267 2147 1012 2194 pientes tres aeternos etc. Hec Tho. Nec obstat illi
271 2184 1022 2231 in symbolo Athanm. Eternus pater eternus filius estsenus. si
267 2228 1015 2277 Ettamen non tres aeterni: quia ibi ly eterni accipitur substant
277 2267 1031 2314 ue. Sic enim non praedicatur in plurali de personis sed bene
279 2307 1034 2359 praedicatur adiectiue: subhoc sensu quod pater et filius et scilicet sunt
279 2357 1021 2406 tres persone quibus conuenit eternitas. vt dicit Tho. di
271 2396 725 2448 xix. primi. Et Raynerius etc.
295 2426 1025 2505 ¶ Utrum in deo vnico sint tantummodo
283 2494 1019 2545 tres prersone. ita quod non possint esse plures nec paucio
283 2536 1022 2582 res. Circa hanc quaestionem arguitur Prio sic. Pluralitas
282 2581 1027 2629 vel multiplicatio personarum aut est virtutis aut non.
291 2624 1031 2674 Si non: ergo non debet poni in diuins. Si autem est virtu
283 2667 1019 2712 tis per se: ergo maior multiplicatio erit maioris virti
288 2708 1034 2751 tis: ergo plures debent esse persone quam tres. Secundo arguitur.
286 2752 1025 2819 quod pauciores sint: quia. xii. Meta. dicitur quod entia uo¬
1089 312 1856 384 lunt male gubernari: sed in vnicum debent reduci prin¬
1092 374 1871 427 cipium omnia. Si autem ponantur in deo tres persone non in vnum
1091 416 1862 461 sed in plura reducentur omnia. ergo vnica debet esse persona.
1125 458 1858 511 ¶ Ad hec solutio secundum Bonauem. super i. di. ii. q. iii
1095 493 1861 553 et. iiii. Ac Guill. e. dist. ii. Quod pluritas personarum vel
1099 543 1865 595 multiplicatio conuenit deo non quidem imperfecte: sed per¬
1096 590 1856 636 fecte. Hec autem perfectio multiplicationis tantummodo in
1096 631 1868 679 tribus consistit et non in pluribus nec in paucioribus. Deni
1095 673 1855 716 quam talis est ista perfectio multiplicationis quod omnia entia
1089 713 1862 762 reducuntur et in vnam personam et in vnicam essentiam. Nam
1099 757 1868 809 filius et spiritus sanctus principiantur a patre. Et ita pater
1095 799 1813 853 est principium totius diuinitatis secundum Aug. ergo etc
1080 830 1861 890 ¶ Secundo ergo respondetur ad questionem per conclusionem. quod
1098 883 1856 927 sicut fides catholica dicit in diuinis tantummodo
1099 924 1862 971 tres persone sunt ita quod nec plures nec pauciores esse
1107 970 1871 1020 possunt. ¶ Declaratur et probatur primo ratione necessi¬
1089 1011 1870 1061 tatis secundum Bonauem. supra. Non emim possunt esse pauci
1098 1049 1862 1094 ores: quia in deo est summa beatitudo et sum¬
1095 1092 1861 1140 ma perfectio. Summa autem beatitudo: necessario exi
1098 1140 1864 1186 git dilectionem et condilectionem. Et summa perfectio exi¬
1101 1175 1868 1228 git duplicem emanationem scilicet per modum nature hoc
1095 1218 1861 1264 est geniture: et per modum liberalitatis vel amoris
1092 1257 1858 1304 hoc est spirationis. Nec reperitur nisi duplex modus
1086 1310 1862 1354 producendi nobilis. Quoniam secundum philosophum. Omne agens aui
1095 1344 1877 1391 agit per modum nature aut per modum voluntatis.
1098 1387 1868 1430 Ad hec autem requiruntur ad minus tres persone scilicet Se
1096 1428 1870 1476 nerantis patris. et geniti id est filii et spiritus sancti qui est
1095 1470 1877 1519 amborum nexus amoris. Ut dicit Augusti. ergo etc
1095 1514 1861 1563 ¶ Denique non possunt esse plures quam tres persone
1089 1562 1870 1606 tantummodo. Quia summa simplicitas diuina no per¬
1098 1597 1867 1649 mittit nec patitur personas distingui: nisi secundum modos
1101 1639 1861 1683 emanandi. Et iterum principalis fecunditas non per
1089 1678 1880 1738 mittit personam producere nisi secundum rationem intelligendi
1095 1716 1861 1775 producens sit prior producta persona ¶ Unde prima
1098 1767 1865 1814 persona scilicet patris que est innascibilis et inspirabi
1101 1808 1864 1858 lis generat et spirat. Secunda autem persona scilicet filii quia
1096 1848 1861 1901 est genita et inspirabilis: ideo non generat sed spi¬
1095 1891 1864 1937 rat tantum. Tertia autem persona scilicet spiritus sancti quia spira
1095 1935 1861 1985 tur et procedit ab vtroque: ideo nec generat nec spiri
1090 1974 1877 2021 rat. Sed quoniam deus et persone divine sunt perfectissi
1090 2017 1861 2067 me. vltra autem perfectionem omne quod est amplius su
1098 2059 1877 2109 perfluit: et quod est citra deficit. Necesse est ergo tantum
1095 2102 1862 2145 duas personas esse emanatas scilicet filii et spiritus sancti. et
1095 2145 1861 2197 non plures nec pauciores. Et cum his necesse est esse
1095 2185 1865 2241 tantummodo vnam personam a qua emanant scilicet patris. ergo
1096 2226 1871 2275 impossibile est plures vel pauciores personas esse
1096 2269 1877 2321 in diuinis quam tres tantummodo. Hec Bonauen.
1120 2319 1865 2360 ¶ Secundo rone productionis Scotist. probant con
1101 2357 1870 2405 clusionem dictam consimiliter. Quia in diuinis est tantum
1101 2398 1876 2444 vna persona non producta sed producens. Et est tantum
1104 2436 1867 2483 vna persona producta per actum intellectus scilicet filius.
1092 2478 1870 2533 Et alia est producta per actum voluntatis scilicet spiritus¬
1093 2525 1763 2589 sanctus: ergo tantum tres sunt persone in diuinis.
1098 2568 1865 2635 ¶ Sed quare pater non potest
1099 2628 1868 2680 per actum intellectus producere plures personas quam
1104 2670 1867 2716 vnam scilicet filium. Et similiter per actum voluntatis pa¬
1095 2709 1865 2765 ter et filius non possunt plures personas producere
1095 2753 1872 2828 nisi vnam. scilicet spiritum sanctum: Nota secundum Richar. super i.
