2227 3299
204 306 1016 386 nus predicatur per se de differentia et suo modo
198 356 1019 430 ens in communi de suis differentiis Respondetur ex
207 410 1015 468 iiii. Metaph. quod genus non potest predicari per
198 443 1019 516 se de differentia. quia in omni praedicatione per se
204 486 1012 550 subiectum debet esse de quiditate predicati vel econ
206 530 1004 599 uerso. Sed differentia non est de diffinitione go
208 569 1013 640 neris necgenus de diffinitione differentie: quia
217 612 1004 677 tunc differentia esset genus. Unde quamuis genus
214 675 1019 721 predicatur vere de differentia ratione speciei con¬
210 696 1009 763 stitute. Hecenim est vera. Rationale est animal
207 740 1007 827 sed tamen non est predicatio per se vel quidita¬
210 796 406 864 tiua. ergo etc.
231 840 1002 934 ¶ Quartum documentu de pal
219 918 1010 968 sionibus entis vicem quod nec de passionibus entis
204 958 1000 1005 Ens quiditatiue predicatur. Sunt autem hec tria
225 1005 998 1053 passiones entis secundum Guill. et Metaphysicos sanctus
227 1036 1003 1090 Unum: bonum: verum. que predicantur de ente
216 1091 1006 1137 in secundo modo dicendi per se. Qui conuersus
222 1121 991 1187 efficitur per accidens secundum philosophum i. posteriorum. ergo
219 1178 996 1227 non includuntur in ente quiditatiue. ¶ Si dice
222 1214 995 1269 res. Exquo passiones entis et vltime differen¬
222 1256 1000 1302 tie non includunt ens quiditatiue sequitur ergo
226 1299 995 1351 quod nibil sunt. Respondetur secundum Guil. supra. quod li¬
234 1343 1004 1394 cet non sint quiditatiue entia in esse reali. Tamen
232 1380 990 1435 sunt ens identice seu denominatiue. et hoc sufficit etc.
229 1446 1004 1548 ¶ De predicatione denominati
219 1515 821 1590 ua vide vbi Identica predicatio. §. i.
413 1562 992 1671 Ns secudo qui¬
420 1651 980 1713 bus modis diuiditur. De hoc Nota quod
333 1690 984 1758 ¶ Ens multifarie diuiditur vt patet con¬
222 1725 997 1796 sideranti. ¶ Primo namque ens diuiditur per abso¬
221 1779 998 1844 lutum sicut est essentia diuina. Et respectiuum si¬
217 1827 962 1884 ue relatiuum. Ut patebit infra vbi de Relatione.
241 1862 983 1934 ¶ Item secundo. Ens diuiditur per Dependens. et In
215 1904 682 1960 dependens. De istis infra. §.
250 1934 986 2010 ¶ Item tertio. Ens diuiditur per Creatum et Incre
222 1988 516 2043 atum. quod est deus.
223 2021 987 2103 ¶ Item quarto. Ens diuiditur per Substan¬
213 2071 494 2114 tiam et Accidens.
241 2095 981 2173 Item quinto. Ens diuiditur per Ens in anima.
213 2127 984 2222 Honc est ens rationis et Ens extra animam id est reale. Sed
214 2202 981 2266 quomodo hec diuisio entis sit accipienda vide vbi Uo
221 2253 980 2308 ¶ Item sexto. Ens diuiditur per Ens cluntas. §.
208 2284 978 2350 in actu scilicet existens. et Ens in potentia. iii phycorum.
232 2326 984 2394 Item septimo. Ens diuiditur per Idem et Diuersum.
205 2339 878 2423 Dem modis autem distinctionis patuit supra¬
250 2417 971 2487 Item octauo. Ens diuiditur per Necessarium. vt
198 2460 640 2516 sunt Diuina et Contingens.
205 2486 975 2558 ¶ Item nono. Ens diuiditur per Infinitum vt est deus
192 2545 983 2600 et omnia propria eius. et Finitum sicut est ens praedicamentale.
199 2589 966 2645 ¶ Item Entis vltime differentie secundum Guill. di. viii.
199 2627 980 2690 primi. Sunt Ens Transcendens et Ens praedicamenta
208 2670 932 2730 le quod diuiditur in decem praedicamenta. Que sunt. scilice
207 2704 971 2763 Substantia: Quantitas: Qualitas Adaliquid.
196 2757 957 2811 Actio: passio: Ubi: Quando: Situs: Habitus.
1087 324 1856 393 ¶ Que dicuntur passiones entis: Respondetur secundum Guil.
1095 395 1859 443 super i. di. x xxi. conclusione prima. quod metaphysici dicunt
1090 422 1859 477 ista tria videlicet Unum: verum: bonum: Entis passio
1080 470 1853 522 nes esse. Hec enim tria praedicantur de ente in tribus. Ter
1089 509 1866 572 tio modo dicendi per se. Et conuertuntur cum ente. Ut
1099 555 1858 606 patuit in precedentibus Ad hec habes vbi Unitas
1091 596 1862 656 §. iii. ¶ Nota etiam secundum Guil. super i. di. xxi. Ubi mo
1086 644 1858 692 uet difficultatem istam An solus deus sit ens. Aut etiam
1083 679 1857 744 creature sint vere entia ¶ Ibi dicit quod ens tripliciter ca
1090 718 1851 785 pitur. Uno modo pro ente per essentiam et sic Solus
1083 769 1857 830 deus est ens quia solus deus est super essentiam Exo. iii
1084 808 1862 866 Ego sum qui sum ¶ Secundo modo capitur vt dicit
1080 848 1856 907 ens per participationem et sic solummodo dicitur de cre¬
1081 887 1854 955 aturis etc. Unde Diony. de mystica theologia dicit
1092 931 1865 992 Sole creature sunt ens et deus est super Ens. Ibi
1081 977 1867 1038 intelligendum est quod sole creature sunt ens scilicet per par¬
1081 1016 1853 1080 ticipationem ¶ Tertio modo dicitur ens pro quodam
1083 1058 1853 1121 conceptu vniuoco deo et creaturis. Ut patuit in p
1080 1102 1855 1158 cedentibus. Et sic Nec solus deus est ens nec sole
1080 1145 1228 1197 creature.
1277 1156 1836 1301 Ns dependens
1274 1277 1844 1335 iquantum expedit scire pro theologia
1293 1328 1852 1383 Notandum secundum Scotistas Quod depen¬
1281 1370 1849 1428 dentia Quedam dicitur essentialis quaedam
1072 1399 1845 1464 autem accidentalis Dependet enim aliquid essentialiter
1079 1454 1860 1512 quando totaliter est ab aliquo in esse effectiue. sicut crea¬
1062 1489 1835 1545 tura a coneo. Nam creatura a creatore dependet a que
1067 1536 1851 1587 est effectiue Similiter etiam dependentia essentialis est to
1062 1576 1848 1631 tius ad partes constitutiuas in esse etc. Similiter dependen
1063 1624 1845 1678 tia essentialis est effectus ad causam. Et hec secundum ge
1072 1660 1845 1715 nera quattuor causarum quia aliquid dependet ab alte
1071 1705 1834 1765 ro vel secundum causam materialem vel formalem vel effio
1062 1748 1843 1796 entem vel finalem. ¶ Item dependentia accidenta
1072 1783 1849 1849 lis est qua dependet accidens a subna vel a subie
1065 1836 1840 1887 cto suo. puta albedo vel quantitas et sic de aliis.
1065 1870 1850 1940 Uel relatio a fundamento vel motum a mouente
1066 1911 1271 1976 et econuerso.
1090 1940 1828 2027 ¶ An omnis respectus principiim a
1068 2020 1834 2066 guat dependentiam: Respondetur secundum Guil. super i. dist.
1057 2063 1835 2115 xxix. in solutione tertii argumenti. quod non. et datur instam
1051 2105 1820 2151 tia de diuinis quia pater habet respectum ad filium in diuins
1063 2148 1838 2201 et dicitur principium. et tantum nulla est dependentia ad
1057 2185 1840 2234 intra in diuinis quia tunc dependens esset imperfectius
1050 2225 1412 2281 eo a quo dependet et etc.
1056 2268 1835 2357 ¶ An in diuinis pater depende
1057 2334 1835 2406 atur a filio vel econuerso. Et videtur quod sic quia dependen¬
1053 2387 1836 2446 tia relatiui per se terminatur ad correlatiuum. sicut re¬
1056 2426 1826 2484 latiuum secundum seipsum dicitur ad correlatiuum Ut patet ex
1057 2477 1833 2528 v. metaph. Sed pater et filius sunt correlatiua ad in
1056 2511 1827 2574 uicem ergo etc. Respondetur quod quamuis in creaturis filius depen¬
1047 2556 1825 2609 deat a patre. Sed tamen vt Guil. Ubi. supra dicit in diuins
1041 2592 1820 2655 pater licet habeat respectum ad filium tamen non depen
1055 2639 1834 2705 det ab eo. requiritur eim distinctio essentialis inter de
1044 2685 1813 2742 pendens et illud a quo dependet qua distinctio non est in diuins
1044 2726 1823 2783 sed est eadem entitas absoluta ideo nulla est ibi de
1027 2767 1733 2818 pendentia concor. Scotorlis. in primo di. ii. q. ii
