2238 3288
408 305 1171 378 fuissent create Hanc opinionem tenet Scotorlis.
417 372 1171 422 Hanc sequitur etiam Guil. super i. di. xxxvi. concl i. vbi in¬
414 415 1171 463 uehit contra Gandistas. vel etiam Maronistas.
425 455 1178 507 Nam ibidem Guil. dicit. Si quis obiiceret quod do¬
413 488 1183 552 ctor subtilis posuerit quiditates rerum in esse essen¬
405 534 1175 588 tie distinctas ab esse existentie et quod ab eterno. Re
411 579 1171 634 spondens Guil. subdit dico inquit quod non est opio
411 628 1168 674 Scoti imo eadem dist. xxxvi. oppositum dicit innu¬
411 661 1170 730 endo quod totum quod est in creatura: est ex tempore Bande tant
410 704 1177 757 ibi est distinctio formalis sicut inter humanitatem
413 746 1174 805 et animalitatem et ceteras quiditates. non enim videtur
417 787 1184 851 quomodo posset esse creatio aut annihilatio si istud po¬
404 833 1183 884 neretur. Unde rerum ante suum existere Scotus ponit so¬
405 879 1183 927 lum esse ideale quod est ens rationis in mente diuina
409 915 1180 975 Nec apparet de quo seruiret istud esse essentie re
417 956 1171 1011 ale. Hec Guil. qui etiam eo. lib. primo di. xlii. et xl ve
407 993 1174 1053 idem astruendo improbat aliqua dicta Fran. ad
412 1039 1180 1097 hec partinentia quae partranseo. Pro clariori tamen intellecu
402 1083 1180 1150 proponam breuius dimissis opionibus veritatem firmiorem
408 1121 1183 1175 quam circa hec tenent doctor subtilis et Scotis. Unde
419 1170 1174 1261 ¶ Notandum est secundum e. Guil. di¬
412 1238 1174 1297 xxxvi. primi. quod creatura consideratur secundum triplex esse
411 1283 1181 1335 scilicet primum est Eem in deo. Et hoc dicitur tripliciter. Uno
409 1326 1187 1381 modo virtualiter. sicut effectus dicitur esse in causa producem
409 1371 1178 1424 te. et hoc est ratione pone in deo. Alious creatura dicitur esse
418 1412 1177 1469 deo secundum esse ideale et hoc est ratione cause exemplaris. Terton
419 1454 1186 1508 modo dicitur esse in deo eminenter vel secundum esse emi
415 1497 1180 1552 nentie. Et hoc est ratione essentie diuine in qua omnia
407 1535 1183 1592 continentur eminentissime. Secundum est esse essentie
413 1576 1183 1635 Et hoc est esse diffinitiuum rerum quarumcunque etc.
415 1622 1190 1680 ¶ Tertium est vel vocatur esse existentie. scilicet dum res
420 1662 1177 1719 ac tu est His itaque praemissis. Adquesitum ponitur
413 1704 1180 1760 conclusio quod a perfectissimo creabili vsque ad im¬
416 1742 1180 1813 perfectissimum inclusiue nullum creatum habet ab
420 1789 1176 1850 eterno esse essentie. Probatur quia si tale esse essentie
419 1829 1192 1889 rerum esset ab eterno sequeretur quod plura alia a deo essent
415 1872 1183 1937 eterna. Sed hoc fides non patitur que nil ponit ess
413 1915 1181 1976 ab eterno nisi solum deum. huiusmodi aut quiditates in
417 1957 1189 2014 esse essentie non sunt deus ergo etc  ¶ Confirmatur si etm
414 2002 1193 2059 istud esse essentie est ab eterno. Quero a quo est
416 2039 1186 2099 aut a se aut a deo: Si a se ergo ab aeterno plura sunt
413 2084 1192 2139 a se. Si a deo cum non producantur: actu voluntatis di
427 2123 1193 2186 vine secundum sic ponentes producerentur ergo per intellectum
426 2168 1180 2224 diuinum et per consequens necessario. cum sit potentia
417 2210 1195 2272 naturalis et sic necessario se habet intellectus di
418 2255 1180 2310 uinus ad aliud a se. quod est maximum inconueniens
428 2293 1187 2356 Item si esset ab eterno tale esse. sequeretur quod deus
412 2337 1186 2396 non posset creare scilicet ex nihilo aliquid. Nec etiam ali¬
423 2388 1193 2441 quam creaturam annihilare. vt in precedenti tactum
415 2417 1195 2478 est que sunt manifesta inconuenientia ergo etc. ¶ Et
417 2469 1199 2519 si dicatur quod quiditates rerum abstrahunt a produ¬
421 2508 1190 2560 ctione et ab esse ab aeterno. et ab esse vbique Hoc be
416 2544 1186 2611 ne conceditur. Sed abstrahentium non est mendacium
420 2591 1187 2649 vt dicit philosophus. ii physicorum. Dicendum quod quamuis per in¬
419 2633 1198 2693 tellectum abstrahatur. tamen nihilo minus in re non esset
421 2680 1196 2733 vera creatio si haberet esse ab eterno. Unde dico in
427 2729 1189 2790 quit quod ante creationem modi in nullo esse erant crea
1245 297 2002 371 ture distincte a deo. Hec Guill. ¶ Sed diceres
1244 349 2015 415 Res est producibilis antequam producatur sed produ¬
1244 396 2014 449 cibilitas cum sit respectus requirit fundamentum
1245 442 2011 500 in quo fundetur. Hoc autem non videtur nisi esse essen¬
1243 486 2008 533 tie. Respondet idem Guill. Quod ista producibilitas so
1242 529 2014 575 lum dicit potentiam logicam id est non est repugnantia
1251 570 2012 623 quin posset produci homo vel aliud. Et ista poten¬
1242 606 2017 659 tia nil requirit pro fundamento. Uel dicatur quod fundatur
1248 652 2020 700 in Idea que est in mente diuina. Etsi dicatur quod tunc
1257 683 2027 746 idea posset creari. Negatur consequentia. Nam Idea
1254 728 2015 796 dicitur producibilis repraesentatiue quia representat intel¬
1258 775 2017 825 lectui diuino rem creandam. Item si adhuc dicatur
1254 819 2026 868 Scientia est necessariorum i.et Posteriorum. ergo rerum
1253 863 2017 909 in esse quiditatiuo: preter quod res sunt contingentes
1266 898 2029 954 Respondetur quod ista necessitas est in isto esse ideali
1257 943 2035 1009 in mente diuina: non in esse quiditatiuo. Hec
1252 991 1475 1058 Guillermus.
1278 1021 2019 1107 ¶ Quid de veritatibus et regu¬
1251 1081 2024 1139 lis eternis: Tertum est enim quod secundum Augustint
1251 1133 2026 1181 intentionem lib. de vera religione. Et. v. de trinitate.
1263 1173 2033 1223 Alique sunt veritates et regule eterne et incommu¬
1266 1221 2038 1268 tabiles quae sunt propositiones per se note et constant ex
1262 1254 2029 1314 quiditatibus ex quibusformantur. Sicut hec. homo
1264 1300 2032 1351 est animal rationale et huiusmodi. Nam omnes metaphyci
1263 1339 2026 1396 concedunt quod hec propositio. homo est animal rationale.
1259 1384 2030 1436 ab eterno fuit vera. Quia ab aeterno diffinitio quidi
1260 1423 2033 1473 tatiua formaliter et incommutabiliter verificatur
1257 1464 2029 1516 de suo diffinito. Quia est necessaria necessitate
1263 1512 2035 1555 complexionis terminorum. Sed quoniam esse essen¬
1255 1554 2033 1601 tie non est aliud a ratione diffinitiua. ergo verifi¬
1255 1596 2023 1648 catur secundum esse essentie ¶ Nec valet si inferatur. homo
1264 1634 2036 1688 est animal rationale: ergo homo est. Si prima ve¬
1265 1673 2033 1720 ra ab eterno: ergo et ista consequens. Dicendum quod
1258 1713 2036 1774 hoc nihil est. quia predicatio variatur. Nam priu
1257 1759 2027 1808 ma verificatur de esse essentie: sed secunda de esse
1264 1799 2036 1855 existentie quod non est eternum etc. Ex istis arguit
1266 1845 2038 1899 Franciscus supra. Quod esse rerum essentie ante
1254 1889 2027 1937 creationem necessario ponendum est formalitera
1253 1926 2028 1978 Ticet non realiter. Sed secundum Guill. ea. dist. xlii.
1263 1967 2036 2022 Hoc non valet: quia in intellectu diuino ab eter¬
1266 2013 2032 2062 no quidem hec fuit vera. Homo est animal rati¬
1262 2055 2033 2103 nale formaliter id est secundum rationem diffinitiuam.
1261 2098 2039 2144 Tamen nullus conceptus diuini intellectus est
1263 2142 2029 2186 homo vel animal formaliter sed tantummodo su¬
1254 2176 2032 2236 pereminenter. Unde esse et veritates huiusmodi
1259 2219 2025 2274 propositionum et regularum eternarum sufficientur saluantur
1268 2263 2030 2309 per esse Ideale in mente diuina. vel virtuale aut
1258 2308 1613 2354 eminentie. Hec Guill.
1253 2351 2026 2432 ¶ Utrum in omnibus citra deum
1250 2420 2023 2470 Esse et essentia differant: Respondetur breviter
1255 2470 2033 2517 quod sic. Nam Boecius libro de Ebdomadibus
1258 2509 2036 2556 dicit. Quod in deo idem est Esse et essentia. Quo est
1264 2547 2027 2596 et quod est. In omni autem alio citra deum dif
1261 2591 2042 2638 ferunt esse et essentia. et quo est et quod est. De¬
1263 2631 2030 2686 claratur secundum doc. subti. super i. dist. iii. Quia illud
1263 2680 2024 2729 quo aliquid est: dicitur ratitudo eius. Sed quo ipsum
1254 2719 2041 2782 est quod est vel aliquid est. dicitur Aliquitas eius. Unde
