2263 3289
231 252 1037 320 effectus vt sonant autoritates supra in argumen¬
248 316 1031 369 tis posite. ¶ Si dicas. Nunquid sufficit talis
247 360 1040 422 cognitio dei scilicet per effectus. Respondetur secundum
240 407 1036 454 Fran. supra. quod exquo sic est quod causa eo modo co¬
255 442 1033 502 gnoscitur quo effectus. Effectus autem non cogno sncu
258 488 1033 544 nisi in communi. Ideo et causam scilicet deum non nisi
268 528 1028 580 in communi cognoscimus cognitione naturali per
268 566 1046 625 effectus. Et sic insufficienter: Sicut enim exempli gra¬
274 618 1042 666 tia secundum Raynerium videmus quod cum homo loquitur
270 652 1034 703 vel mouetur aut operatur per talem effectum bene
279 698 1036 754 cognoscimus ipsum hominem habere animam in con¬
269 733 1036 787 muni. Sed hec cognitio non sufficit ad cogno¬
270 782 1037 835 scendum perfecte quid sit anima vel quomodo se habet in
284 824 1043 881 peciali: sic in proposito de deo cognoscendo. Unde
279 872 1030 922 et philosophi qui solum in communi habuerunt per effectus
271 908 1036 959 cognitionem de deo non cognouerunt sufficienter ad
270 951 1037 1000 salutem. ¶ Tertio praedicta conclusio declaratur exem
269 989 1039 1042 plari deductioe. Nimirum vt ponit Lyra super Io i.
285 1038 1031 1085 Animalia que sunt infra homines habent aliqualem
281 1080 1033 1124 sensibilium tantummodo cognitionem: Quia canis co¬
285 1122 1036 1171 gnoscit dominum suum. equus pabulum: asinus sta¬
288 1159 1041 1209 bulum. Et sic de huiusmodi. Sed quod aliquando cogno
282 1204 1036 1252 scant angelum sicut legimus de asina Galaam
288 1247 1033 1298 prophete hoc est supernaturaliter per miraculum dei.
298 1285 1036 1336 Denique ad cognoscendum deum et angelos vel
281 1335 1034 1387 spiritus non potest nisi sola intellectualis creatura attin
291 1373 1036 1424 gere que est ad imaginem dei facta inquantum est ca¬
287 1411 1033 1469 pat dei per cognitionem et amorem. Talis autem
297 1454 1030 1511 cognitio potest dupliciter accipi. Uno modo pro
298 1503 1031 1543 cognitione et amore qui possunt haberi ex natura
296 1538 1045 1585 libus scilicet quam habuerut philosophi. Alio modo pro co¬
291 1579 1043 1638 gnitione et amore supernaturali quae habetur a deo per
297 1622 1034 1672 infusionem. Unde talis cognitio et dilectio cum
297 1661 1034 1714 sit supernaturalis non potest fieri nisi nature super
288 1711 1034 1758 addatur a deo aliquod lumen scilicet gratie in praesenti et glo
299 1746 1031 1798 rie in futura patria. Unde tam hic in via quam etiam
296 1787 1033 1842 in patria non potest deus gratuite et sufficienter videru.
299 1840 1033 1886 vel cognosci nisi lumine supernaturali. Et sic pate
293 1876 1039 1931 quod nec theologia vie naturaliter adquiritur nec pa¬
297 1913 1044 1978 trie. Unde Io i. Erat lux vera scilicet hristus qui illuminat
295 1962 940 2026 omnem hominen scilicet lumen gratiae et tandem glorie.
305 1989 1033 2083 ¶ Circahec prima occurrit dif¬
306 2059 1040 2126 ficultas. Quis ergo habet deum naturali cognitionem
297 2103 1043 2152 cognoscere. Respondetur secundum Antonium floren. parte. i.
305 2151 1043 2192 sue summe. ti. iii. §. xx. c. vi. quod solus deus et nullus
294 2187 1043 2246 alius naturaliter potest videre deum. Omnes au¬
305 2227 1037 2277 tem creature tam angelice quam humane etiam in
299 2267 1049 2330 celesti beatitudine non nisi supernaturali lumine
311 2311 1049 2376 glorie eleuantur ad videndum deum clare in se
302 2350 1037 2405 seipo sicuti est. Solus autem deus videt seipsum
309 2394 1037 2445 naturaliter quia in deo idem est sua essentia et suus
293 2428 1051 2495 itellectus ideo essentia sua semper praesens est suo intellectui.
305 2492 1052 2573 ¶ Ad priemissa de studio vel adqui
305 2564 955 2634 sitione theologie. Uide plura. c. Addiscere
318 2605 1034 2690 ¶ Item de cognoscendo deo plu¬
285 2666 697 2741 ra Uide ca. Cognitio dei.
1110 262 1895 350 ¶ Secunda difficultas. Quomodo po¬
1114 329 1898 390 tuerunt philosophi tampreclara de deo sentire et scri¬
1117 378 1891 428 bere sola cognitione naturalis luminis. Nimirum
1119 428 1884 471 philosophus de Pomo et morte fertur dixisse. Ens entium
1120 466 1898 511 miserere mei. Et idem Aristo. scribit deum esse infi¬
1120 510 1892 557 nite virtutis. viii. physi. Et plura commendabilia
1114 546 1886 594 variis libris suis. Item Plato ait deum dico Au¬
1120 590 1894 638 torem omnium naturarum. Lumen omnium rationum fi¬
1113 628 1891 672 nem omnium actionum. Sine quo nulula natura sub
1104 670 1888 725 sistit nulla ratio intelligit. nula actio expedit Hec
1119 712 1892 765 ille. Item Didymus ad Alexandrum magnum scri
1107 751 1889 800 bit. Uerbum deus est. hoc mundum creauit hoc re
1113 800 1897 848 git atque alit omnia. hoc diligimus. ex hoc spiritum
1119 842 1882 891 trahimus. Siquidem spiritus est deus et ideo non
1114 886 1891 938 terrenis diuitiis sed religionis operibus et gratia
1113 920 1888 968 rumactione placatur Hec ille. Item Cactant primo
1116 965 1888 1015 libro Instituter. ait Unum deum esse veritatis ipsius
1107 1018 1900 1062 tanta est vis vt nemo possit esse tam cecus quin
1129 1051 1900 1102 videat ingerentem se oculis diuinam claritatem Hec
1122 1092 1895 1140 et plura philosophorum dictamina enarrat Anto. per. iii. ti.
1104 1128 1885 1191 xxx. c. ii. Sed causa brevitatis pertranseo de aliis.
1109 1169 1882 1232 Et quia infra de cognitione trinitatis agen: Quedam
1114 1218 1898 1269 alia philosophorum dicta proponemus Ubi hec etiam dif¬
1111 1260 1888 1303 ficultas patebit vide vbi Cognoscere trinitatem
1106 1297 1888 1357 §. xi. et. xii. ¶ Tertia ad idem consimilis difficul¬
1107 1348 1891 1390 tas est de poeticis dictis Nam Uirgilius in Bu¬
1108 1384 1885 1437 colicis Egloga quarta recolens de Sibylla Cu¬
1114 1427 1892 1471 mea quae et cumana dicta est a cumis ciuitate que
1113 1470 1894 1520 est in causpania scribit sic Ultima cumee iam instat
1110 1510 1892 1559 carminis etas. Magnus ab integro seculo¬
1114 1555 1886 1603 rum nascitur ordo. Iam redit et virgo. redeunt
1110 1595 1890 1642 saturnia regna. Iam noua progenies celo demit¬
1104 1631 1892 1682 titur alto. Nate mee. vires mea potentia solus.
1114 1677 1889 1726 Et plures versus ibidem etc. Denique et Ouidius
1107 1717 1883 1773 poeta in libro de verula ait de beata virgie Ma
1108 1763 1883 1810 tre christi sic. O virgo felix virgo sigunta per stellas.
1110 1809 1895 1855 Quis mihi tantum det vium ere vt dignus possim
1108 1847 1892 1896 laudum tuarum ferre preconia. Nam nisi tu fores
1107 1889 1886 1933 deus non sumeret carnem ex te hic deus omnipo
1104 1923 1885 1978 tens etc. Plura alia pertranseo. ¶ Ad huiusmodi diffi¬
1116 1975 1886 2024 cultates Respondetur secundum Alexan. de Ales prima par. qui.
1107 2021 1882 2067 Utrum cognoscatur Trinitas personarum naturali
1107 2057 1895 2106 ratione. De philosophis quod naturali ratione potuerunt qui¬
1101 2095 1897 2143 dem communia attributa de deo cognoscere scilicet
1105 2134 1898 2189 omnipotentiam misericordiam iusticiam etc. Sed ipsa
1115 2182 1892 2235 personarum propria diuinarum non potuerunt co¬
1107 2229 1879 2279 gnoscere nisi per doctrinam vel etiam ex inspira¬
1099 2268 1879 2314 tione diuina. vt patet per Augu. De hoc latius
1102 2306 1881 2358 infra Cognoscere trinitatem. §. xi. et. xii. Unod in
1120 2351 1892 2400 redictis philosophicis dictis de deo sola communia ha¬
1104 2396 1883 2443 bentur. et nil de proprietatibus personarum satis
1105 2435 1880 2483 clare ponitur. ¶ Denique de poetis secundum Anto. supra.
1112 2477 1886 2525 Dicendum quod sicut dicit etiam hieronymus in
1116 2516 1882 2569 predictis verbis Uirgilius non intendit talia de
1105 2564 1880 2610 christo dicere De Ouidio autem dicit idem An¬
1114 2608 1871 2654 co. quod non creditur illum librum fecisse Ouidius
1099 2640 1891 2710 sed aliquis fidelis Ouidio intitulando etc. De¬
