2237 3284
407 285 1160 366 ¶ Utrum ex esse et essentia sit com
390 344 1148 409 positio in omnibus creaturis: Respondetur secundum Scotorl
388 389 1162 449 super. ii. lib. dist. iii. q. i. quod exquo compositio est idem
381 431 1165 496 quod cum alio positio. vnde secundum quod est in rebus multi¬
396 481 1163 537 plex gradus alietatis quia scilicet vel partium quantita¬
392 511 1164 572 tiuarum vel subiecti et accidentis vel materie et for
390 560 1158 618 me est alietas. vel esse et essentie: vel generis et dif¬
393 599 1165 663 ferentie et sic de aliis. Secundum hos gradus etiam
394 653 1157 704 multiplex dicitur compositio in creaturis. Sed ad pro
398 681 1167 748 posita questionem de compatione esse et essentie constat
392 727 1169 787 quod citra deum in omni creatura differunt esse et essentia
400 770 1166 824 vt patuit quaestione praecedenti ergo in omni creatura est angelica in
397 816 1156 863 compositio ex esse et essentia tanquam ex duobus distin
397 857 1169 905 ctis intentionaliter vel formaliter vel modaliter
402 905 1162 950 Hec Scotorlis. Unde Boetius lib. de ebdoma
396 938 1164 992 dibus dicit quod in omni ente citra deum est compositio
406 980 1160 1032 ex esse et essentia ex Quo est et quod est. Et videtur vel
393 1019 1165 1095 le quod deus posset separare ipsum esse ab essentia in
396 1074 540 1122 creatura
454 1109 1160 1174 ¶ Sed quod in deo Esse et Essentia
406 1171 1166 1231 nullam faciant compositionem probatur. ¶ Primo ratio
402 1207 1169 1264 ne identitatis quia in deo esse et essentia omnino sunt
391 1252 1172 1307 idem ergo ibi non est compositio id est cum alio positio. Ad
403 1302 1160 1348 hec clarius supra. Ubi deus. §. ii. ¶ Secundo probatur¬
402 1340 1162 1390 declaratur ratione actualitatis Nam secundum Auicennam esse di
398 1380 1160 1435 cit actum essendi Unde secundum Tho. prima par. q. iii. art
406 1429 1169 1470 iii. In rebus compositis ex materia et forma necet
402 1467 1165 1512 sario differunt essentia siue natura vel quiditas
394 1507 1162 1560 Et eius superpositum. Quia essentia comprehendit in
405 1547 1168 1599 se illa tantumodo qua cadunt in diffinitione speciei
405 1590 1166 1641 Sicut exempli gratia. humanitas comprehendit in
412 1629 1175 1683 se ea tantummodo que cadunt in diffinitione hominis.
407 1670 1166 1731 Nam humanitas significat hoc quo homo est homo. Sed
408 1706 1172 1767 quia accidentia indiuiduantia non cadunt in diffi
411 1760 1171 1812 nitione speciei. sicut sunt hec ossa he carnes albedo
411 1804 1168 1849 nigredo et huiusmodi quae non includuntur in humanitate
412 1840 1175 1889 licet in hoc homine includantur vnde non totaliter idem est
408 1883 1166 1936 homo et humanitas sed humanitas significatur vt pars fo¬
405 1922 1171 1970 malis hominis. Sed quia deus est simplicissimus
408 1965 1181 2019 sine omni alietate compositionis. necesse est quod deus sit
412 2007 1166 2058 omnino ipsum suum esse actuale et sua deitas vel quiditas
408 2049 1171 2106 Unde quamuis in deo dicitur essentia in esse actuali. secundum
405 2092 1175 2149 modu nostrum intelligendi quo dicimus abstra¬
406 2146 1177 2188 ctum in concreto. Puta sicut dicimus deitatem in deo.
418 2175 1172 2223 veruntamen ipsum esse in deo non est aliud quam sua essen
403 2218 1179 2269 tia et econuerso essentia est omnino idem quod suum esse actu
405 2257 1180 2308 ale ergo etc. Item in creaturis exquo essentia differt
405 2303 1181 2354 ab esse ideo oportet quod ipsum esse comparetur ad essen¬
407 2345 1181 2397 tiam sicut actus ad potentiam nam humanitas non est
415 2387 1165 2439 in actu nisi in esse hominis existentiali. Sed in de
406 2430 1177 2479 nil est potentiale. vnod dei essentia siue deitas ab
411 2468 1187 2524 eterno et necessario fuit ipse deus. ergo nulula est ibi ali
415 2515 1183 2565 etas vel compositio. ¶ Tertia ratio primitatis secundum et.
411 2552 1172 2610 Tho. ibidem art. iiii. Quia deus necessario est in
415 2600 1181 2647 mum ens et non habet esse participatum. ergo essentia dei est
413 2636 1187 2692 domvnino ipsum suum esse Nam sicut illud quod habet in se
417 2681 1174 2740 ignem et non est ignis est ignitum per participationem
1222 262 1994 340 Exemplum de ferro ignito. Ita etiam illud quod habet esse
1221 333 1985 380 et non est ipsum esse: est ens per participationem. Deus
1224 372 1990 426 autem est sua essentia diuina. si igitur non sit suum esse¬
1221 418 1996 466 erit ens per participationem: et non per essentiam. et per
1227 457 1990 509 consequens non erit primum ens. quod est impossi
1225 498 1474 560 bile. Hec Tho¬
1269 532 1996 607 ¶ An essentiam habeant etiam ipsa
1231 592 1985 652 accidentia: Respondetur breviter secundum Tho. libro de ent
1239 644 2003 688 et essentia: quod accidentia non habent essentiam comple¬
1224 680 2005 737 tam: sed incompletam. Probatio. quia Essentia est il¬
1234 726 2000 769 lud quod per diffinitionem explicatur. sed accidentia no
1233 766 2003 814 habent diffinitionem per seipsa nisi incompletam. Etsi
1224 807 1985 855 habent aliquo modo completam: hoc est per subiectum. Ideo. vi
1240 851 1990 901 Metaph. dicitur. Acistus diffinitur per subiectu. vt albu
1236 895 2000 942 est subiectum habens albedinem etc. Item accisens non ha¬
1224 933 2003 980 bet esse perfectum vel completum nisi in substantia. quia
1231 974 2000 1026 acctentis non est esse: sed inesse. ix. Metaph. Sed quia
1239 1024 1994 1069 vnumsuodque sicut se habet ad esse: eodem modo se habe
1225 1068 1991 1112 ad essentiam. ergo etc. Unde sequitur quod substantia est prino
1239 1103 1988 1156 pium accidentium. Quod autem accidentia habeant essentiam
1236 1144 1991 1199 patet ex dictis philosophi. v. Physicus. dicentis. Essentie prae¬
1230 1181 1991 1235 dicamentorum sunt impermute. ergo praedicamenta acciden¬
1226 1226 2009 1295 tium habent essentiam: quamuis incopletam vel imperfe
1227 1270 1636 1338 ctam: vt patuit secundum Tho¬
1233 1341 1993 1426 ¶ Item de Esse et Essentia plu¬
1227 1410 1996 1468 ra alia videre potes vbi de Quiditate. et vbi de
1231 1457 1577 1527 Quo est et Quod est.
1443 1501 2012 1611 Bsentia diuina
1431 1607 2005 1660 Quid sit: Nota secundum Guill. di. v. pri
1399 1648 1997 1701 mi liro quod Essentia diuina sigut vnan
1232 1691 2005 1742 natura simplicissimam: infinitam: summe perfectam: sum¬
1236 1733 1997 1781 me bonam: in tribus existentem personis. Est ergo vna res
1233 1776 2006 1821 summa. extra de trini. etc. ¶ Sed Utrum in deo sit
1237 1816 2000 1874 vere Essentia: Nam arguitur quod non. Quia essentia
1239 1855 2000 1906 videtur importare quandam potentiam vel possibili¬
1242 1896 2007 1960 tatem ad esse: cum esse dicat actum essendi secundum Aui¬
1232 1942 2012 1992 cen. in Metaph. Sed in deo nulla est possibili
1245 1994 2008 2040 tas: cum sit actus purus. ergo etc. Et patuit in praece
1239 2035 2006 2081 dentibus. Respondetur secundum Rich. super i. dist. xxiii. art. i.
1245 2071 2005 2119 q. iii. quod in deo vere est Essentia. quia in omni re per
1238 2108 2006 2161 se existente est considerare Quod est et Quo est. Illud
1233 2150 1999 2204 autem Quo est: essentia est. et ipsum Quod est: suppo
1233 2191 2003 2242 situm est. Cum ergo deus sit per se existens: in ipso est consi¬
1237 2231 1994 2281 derare Quo est et Quod est: hoc est Essentiam et suppo
1243 2279 1999 2326 situm. Sed aliter quam in creatura. quia in deo hec pe¬
1238 2316 2000 2378 nitus sunt idem: vt iam dictum est precedentibus. non sic
1239 2364 1993 2418 in creatura. Cum ergo arguebatur quod essentia impo¬
1239 2403 2006 2452 tat possibilitatem quandam ad esse. Dicendum: quod verum
1242 2443 2002 2500 est de essentia creata. non autem de essentia diuina.
1239 2490 1462 2553 Hec ex Rich
1275 2513 1997 2609 ¶ Utrum Essentia diuina sit infi¬
1243 2586 2006 2639 nita: Respondetur breviter secundum Bonaue. super i. di. xliii.
1255 2631 2018 2688 q. ii Concor. Rich. ibidem. quod simpliciter fatendum
1252 2669 2023 2730 est deum vere esse infinitum. Et hoc consonat rationi et fidi
