2223 3298
207 276 998 345 periodus durationis finite scilicet vsque ad finem mundi.
244 328 999 407 ¶ Quo creature participat eter
216 397 997 447 nitate dei? Respondetur secundum Raynetur. in summa sua:
213 436 998 499 quod cum deus solus sit eternus carens principio et
225 478 986 537 fine. Creature autem non possunt carere principio. ta
226 526 985 576 men possunt habere a deo esse durabile sine fine scilice
213 566 987 616 in perpetuum: vt patet de creaturis angelicis et ani
226 605 981 661 mabus humanis: gaudio celesti et pena infernali
219 648 979 693 Et sic sortiuntur quandam eternitate scilicet a parte post secundum
222 699 974 750 quod participant perpetuitatis immutabilitatem. ¶ No¬
223 726 983 783 ta ergo quod alique creature habent participatam eternita¬
207 778 982 831 tis immutabilitatem quantum ad substantie entitatem
217 815 975 874 in qua nunquam desinunt esse: vt patet de terra que
211 856 983 913 secundum substantiam stabit in eternum: licet mutetur in fine mun¬
203 896 974 953 di ad claritatem. Alique autem creature immutabilita
197 937 978 1004 tem participant quantum ad durationem: vt sidera et
214 983 979 1038 telestia corpora: que quamuis innouabuntur in clarita¬
195 1030 981 1080 te: tamen durabunt in perpetuum. Unde Mat. xxiiii. Ce¬
195 1068 971 1126 lum et terra transibum scilicet quo ad formam praesentis sta
198 1114 973 1160 tus. quia amplius clarificabuntur. Aliquae vero creatu
197 1159 967 1210 re participant immutabilitatem quantum ad operationem.
195 1195 970 1245 vt angeli et beati quae verbo fruuntur. Nam quantum ad
202 1236 962 1295 visionem verbi in sanctis non sunt volubiles cogi¬
189 1274 961 1329 tationes: vt dicit Augustinus xv. de trinitur. quia in eis
192 1319 960 1380 nulla potest esse mutatio in visione dei. Hec predi
193 1362 967 1421 cta secundum Tho i. parte. q. x. Denique Aliqui creature ha
190 1401 962 1464 bent immutabilitatem quantum ad conseruationem in
190 1444 961 1513 afflictione: vt damnati in igne eterno. Et sic patet.
195 1489 967 1563 ¶ Utrum deus mensuratur eter¬
186 1559 959 1609 nitate: Et arguitur quod sic. quia eternitas est mensura
192 1596 967 1643 eius in quo est. Sed in deo est eternitas: vt praedi
183 1644 959 1693 ctum est. ergo mensuratur. In oppositum. Quia deus est
187 1680 954 1737 infinitus. ergo nullo modo potest mensurari. Respon
178 1728 955 1778 detur ad quaestionem secundum Richar. dist. xix. primi: quod Op
187 1768 953 1812 niones sunt varie de hoc ¶ Una opinio: quod vt di
186 1810 961 1859 cunt aliqui verum est hoc scilicet quod diuinum esse non men¬
187 1848 950 1904 suratur: loquendo de mensura quae est alia ab ipso secundu
183 1894 962 1939 rem. tamen bene mensuratur mensura que est realiter
187 1932 964 1981 idem cum eo: differens tamen secundum rationem. vel secundum ali¬
186 1976 959 2033 os differens ex natura rei et non secundum rem: cum omnia
184 2015 955 2079 quae sunt in deo sint idem secundum rem vel substantiam.
193 2061 953 2114 Ratio huius opinionis est. quia vt dicunt Mensu¬
184 2106 946 2155 sura rei est illud quo intellectus natus est certificar
187 2149 946 2192 et potest certificari de re illa. Bti autem viden de
190 2192 959 2234 eternitatem: per ipsam vident perfectionem diuini esse
184 2233 947 2282 simplici intuitu sine collatione. Et illam videndo cet
180 2279 959 2322 tificantur de perfectione cuiuslibet alterius esse quantum
173 2318 958 2371 participant de perfectione diuini esse: et plus vel mi¬
171 2362 952 2409 nus secundum participationis gradum maiorem vel mino
171 2406 954 2456 rem sinit illa perfecta esse. Sic ergo volunt quod deus inquan¬
169 2443 944 2496 tum eternitas est mensura suiipsius sub ratione actus
175 2483 960 2543 essendi. Et mediante ratione actus essendi ratio eter
160 2530 950 2573 nitatis est prima mensura cuiussibet alterius esse.
165 2575 945 2621 ¶ Ad argumentum in oppositum scilicet quod deus est infi
163 2608 950 2659 nitus: dicunt. quod non est inconueniens esse diuinum
175 2652 947 2708 quamuis infinitum: ipsum mensurari ratione infinita quae est
172 2699 937 2758 eternitas: cum vnum infinitum equatur alteri infi
1063 286 1832 366 nito in infinitate. ¶ Alia opinio quam etiam indu¬
1064 349 1817 407 cit ibidem Rich. neutram reprobando: est. quod Eterni
1063 391 1817 447 tas quamuis sit in deo: tamen ea non mensuratur diuinum
1055 432 1819 489 esse formaliter. sed accipitur in eo ratio mensure secundum
1053 473 1817 536 nostrum intellectum tantum. Est tamen secundum rei veritatem prima
1062 513 1830 579 mensura cuiussibet alterius esse. quia mensurat
1060 557 1816 628 omnia alia. Hec Rich ¶ Tertia opinio est Tho¬
1048 600 1820 667 me eadem di. xix. primi. q. i. ar. i. ad quartum argumen
1053 644 1813 701 tum. in scripto. vbi dicit Quod diuina magnitudo nul¬
1044 678 1820 741 lo modo est mensurabilis vel mensurata: nec a se:
1041 729 1819 784 nec ab alio. quia mensuratio ponit terminationem
1045 767 1816 827 Et diuina magnitudo non habet terminum intra
1051 811 1814 873 nec extra. et ideo infinita dicitur non quidem per extensionem
1054 849 1820 919 quantitatiuam: sed per abnegationem termini. Item quia
1041 892 1819 951 commensuratio non est vnius quantitatis ad se sed du
1051 938 1810 992 arum. et nullum aliud a deo potest esse equale deo. ergo nec
1035 971 1810 1045 commensurari. nam commensurationem sicut et proportio
1045 1020 1804 1076 nem importat equalitas. Infinitorum autem non est ali¬
1045 1060 1814 1123 qua commensuratio nec proportio. vnde diuinum esse nul¬
1036 1098 1799 1154 lo modo est mensuratum. sed est omnium mensura: vt
1032 1146 1799 1208 dicit Commen. x. Metaph. Hec ex Tho. Ad hec
1032 1184 1804 1257 tamen solutio satis patet ex dictis Bonauenture supra.
1035 1226 1289 1293 c. Equalitas. §. xii.
1041 1267 1791 1345 ¶ An nunc eternitatis sit idem
1045 1334 1786 1403 quod eternitas: Respondetur secundum Thom. supra. arti. ii
1030 1375 1795 1433 quod eternitas et nunc eternitatis proprie accepte: non
1032 1417 1791 1478 differunt secundum rem sed secundum rationem tantum. inquantum
1041 1464 1800 1524 psa eternitas respicit ipsum diuinum esse: et nunc
1033 1503 1796 1564 eternitatis qualitatem vel quiditatem ipsius rei que
1033 1541 1789 1603 secundum rem non est aliud quam suum esse: sed differt ratione.
1033 1587 1792 1642 Hec secundum Tho. Obserua tamen quod Scotiste inter
1020 1624 1790 1691 huiusmodi distinctionem dicunt Ex natura rei vel mo¬
1030 1667 1293 1729 dalem aut huiusmodi
1021 1705 1797 1796 ¶ Quomodo se habet Etrnitas ad
1021 1775 1795 1831 nunc eternitatis: vel etiam eui et temporis: Cum
1018 1814 1799 1877 enim in deo nulla sit rei diuersitas. et quia eterni¬
1018 1860 1789 1914 tas est ipse deus. ergo se quitur quod in deo non differt nunc
1026 1905 1795 1952 eternitatis ab eternitate. Sed in oppositum argu
1024 1938 1785 2005 itur. Quia quania motus celi est sicut hodie: tunc et
1019 1982 1792 2042 tempus est: et angelus est: et deus est. Eternitas
1021 2031 1747 2081 autem non est tempus. ergo differt a nunc eternitatis.
1050 2068 1790 2121 Ad hec Notandum secundum Tho. supra. arti. i. et. ii recol¬
1012 2113 1789 2164 ligedo Ex tempore non mensuratur nisi id quod tempore in¬
1011 2160 1780 2208 cluditur: et secundum principium: et secundum finem. Motus enim
1015 2198 1786 2253 celi reuolutiones dierum faciens et temporum: mensu¬
1018 2242 1780 2289 ratur tempore secundum prius et posterius. Sed in dei esse
1018 2278 1781 2335 non est intelligere prius et posterius: nec successi¬
1017 2322 1784 2386 onem aliquam: vt patet Iaco i. Apud quem non est
1015 2364 1781 2419 transmutatio nec vicissitudis obumbratio. Sed in
1012 2404 1778 2459 deo est intelligere tantummodo vnitatem omnimodam im
1011 2454 1774 2502 mutabilem sine omni successione prioris et posterioris
1012 2492 1783 2548 nouitatis vel antiquitatis. Et quia aeternitas dici non habet
1018 2538 1775 2582 esse adquisitum ab alio. ergo non mensuratur tempore
1020 2572 1784 2634 ¶ Unde propter obiectiones Nota secundum e. Tho. ibidem
1015 2620 1775 2669 quod non est idem ipsum nunc eternitatis: et nunc eui: et
1011 2663 1784 2710 nunc temporis. Quando ergo dicitur arguendo: quod dum motus celi est:
1015 2705 1784 2772 et tempus est: et angelus est: et deus est. potest
