2234 3291
393 287 1169 352 eorum principia differunt vtpote specifice diuersa Si
388 341 1166 390 militer oportet imaginari in diuinis quod quedam
394 387 1166 434 sunt distincta a priori praecise sicut essentia et pater
390 425 1169 471 nitas quia penes eorum rationes formales: tamen
402 468 1162 513 in posteriori conueniunt vicem in aliquibus modis in¬
394 508 1165 557 trinsecis puta infinitate eternitate. necessitate etc.
406 544 1175 600 ratione quorum modorum fit identitas et praedicantur identi
405 591 1172 642 ce. Quecumque ergo sunt idem formaliter: sunt idem a
408 634 1169 687 priori quia eandem habent rationem diffinitiuam. Et que
402 678 1175 729 sunt idem praecise realiter sed non formaliter: sunt idem
390 719 1166 770 a posteriori sed possunt esse distincta a praeori Si
399 760 1168 811 cut in proposito exemplo de essentia et paternitate
421 799 1172 850 Rursus. quecumque distinguuntur formaliter distin
402 850 1169 905 guuntur a priori. quia per raones diffinitiuas. sicut
405 891 1172 930 due quiditates ad inuicem etc ¶ Ad hec Et de di
399 929 1096 991 stinctione formali vide vbi Distinctio. §. iii.
429 975 1175 1060 ¶ An formalitas sit realitas Ad
412 1054 1178 1097 hoc nota secundum Fran. mayro. supra. q. penul. Quod rea
406 1090 1175 1139 litas est modus intrinsecus formalitatis sicut fi¬
395 1131 1165 1176 nitas vel infinitas entis. vnde sicut finitas vel in¬
408 1171 1175 1222 finitas adueniendo non variant rationem diffinitiuam
409 1207 1166 1265 formalem alicuius quiditatis ita nec realitas etc.
401 1255 1174 1300 Secundum tamen doc. subtilem Realitas est idem quod
399 1301 1165 1349 formalitas. Sed ipse accipit rem pro omni eo quod eut
409 1347 1171 1389 extra animam sicut potest fieri de quacumque vocabulo
411 1378 1181 1437 quod communiter accipiendo milta significat. tamen proprie acci
402 1425 1178 1480 piendo rem non dicitur de omni eo quod est extra animam
408 1467 1181 1523 sed pro eo praecise quo aliqua dicuntur vna res et distin¬
411 1501 1178 1563 guuntur realiter ¶ Unde secundum Fran. mayro supra. q. vl.
415 1556 1177 1602 Notandum pro verificatione huius propositionis Forma
409 1590 1178 1646 litas est realitas. quod quattuor genera propositionum
409 1635 1174 1685 inquit verificantur in creaturis ¶ Primo quedam sunt
399 1672 1174 1728 propositiones que verificantur per solam concomitantiam. vt
421 1718 1156 1767 cum dicitur. Seneratio vnius est corruptio alteri
418 1752 1184 1806 et tamen generatio et corruptio sunt privatiue opposi¬
406 1804 1174 1860 ta. Secundo quedam sunt denominatiue. que verifi¬
410 1844 1172 1891 cantur per concretionem solam. Sicut homo dicitur iustus
423 1888 1168 1940 qui in se habet formaliter iusticiam a qua denomnina
418 1928 1172 1979 tur. Tertio sunt quedam quiditatiue sicut homo
415 1970 1172 2018 est animal. quia partinet ad primum modum dicendi per se
421 2014 1181 2062 Quarto quedam sunt identice. sicut quando vtrumque ex¬
409 2062 1175 2105 tremorum vel alterum est transcendens. loquendo de illis
418 2094 1178 2147 transcendentibus que conuertuntur cum ente. Sicut enim
418 2138 1190 2186 in diuinis propter infinitatem alterius extremi vel
423 2187 1180 2230 vtriusque: conceditur praedicatio in abstracto praedicatione
418 2223 1174 2274 identica ita in creaturis propter communitatem. vnde dicitur quod
418 2268 1187 2315 vnitas est quedam entitas. et entitas dicitur de vltimis
421 2305 1187 2355 differentiis scilicet denominatiue. licet ipsa quiditatiue in
417 2349 1184 2395 eis non includatur. Et isto modo idem Fran. Dicocin
430 2391 1184 2442 quit) quod realitas est formalitas quia realitas est
427 2435 1178 2483 transcendens. Dicitur autem realitas esse formalitas de¬
423 2480 1178 2526 nominatiue. quia res est concretum realitatis. Non
426 2523 1178 2565 autem hec dicitur quiditatiue. quia omnis formalis ra¬
414 2557 1189 2602 tio in creaturis abstrahit a realitate et etiam ab exi
415 2600 1190 2645 stentia actuali quia est modus intrinsecus rea¬
427 2640 1199 2693 litati secundum se adequatus. Et patet hoc. Nam qui¬
426 2686 1189 2754 ditas que non existit diffiniri potest. puta rosa in
1227 285 1544 365 hyeme. Hec Fran.
1251 338 2039 428 ¶ Sed an sit aliqua distinctio in §
1233 422 2008 465 ter realitatem et formalitate Respondet Fran. Ibidenm¬
1245 460 2012 505 Mltixinquit) dicunt quod nulla penitus est distin
1236 503 1996 554 ctio quia formalitas vniuscuiusque extra animam
1231 543 2003 595 non est nisi realitas eius Sed contra. Quia distin¬
1244 590 2009 639 ctio realis est alia a distinctione formali ergo etc. Nam
1248 630 2011 673 pater alio est deus et alio est pater. Ut dicit Augu.
1242 674 2008 720 Ettamen idem deus est realiter licet alia ratione formali sit
1245 714 2011 761 pater et alia deus Item Ista est contingens Homo
1248 755 2012 799 est res actum existens. aut ista Homo est in re ex¬
1242 797 2008 852 tra. quia hoc accidit homini. Nil autem est quod sibi ipsi
1242 838 2012 886 accidat ergo alia est realitas quam formalitas hominis.
1243 880 2012 934 Eodem modo de aliis. Ideoque idem Fran. conclu
1239 922 2012 974 dendo dicit quod realitas distinguitur a formalitate non
1242 962 2005 1017 quidem realiter scilicet vt res et res. quia formalitas ex se
1236 1008 2008 1056 non est res scilicet extra animam Nec formaliter quia reali¬
1237 1050 2012 1096 tas est formalitas. vt iam dictum est denominatiue.
1236 1086 2021 1142 Sed distinguitur sicut modus intrinsecus a qui
1245 1135 2011 1187 ditatiua ratione circumscripta videlicet omni operatione
1248 1171 2008 1221 intellectus Hec Fran.  ¶ Unde de formalitate vi
1245 1220 2020 1262 de etiam Ubi de Realitate. ¶ Nota itaque de forma
1242 1260 2015 1302 litate secundum dicta Fran. ibidem quod videlicet infra ean
1249 1300 2008 1347 dem personam diuinam eo modo quo negatur esse
1243 1344 2023 1387 distinctio realis. oportet dicere quod raton formalis
1240 1385 2012 1431 multiplicetur et non realitas. Nam et Hila. dicit quod
1246 1428 2015 1474 aliud est spiritus sanctus et aliud est res spiritus sancti
1261 1472 2009 1521 uia spiritus sanctus quiditatiue constituitur ex essentie qui¬
1246 1512 2024 1566 ditate et spirationis passiue. Uult ergo dicere quod il¬
1242 1554 1886 1614 le caonues formales abstrahunt a realitate.
1287 1600 2039 1672 ¶ Utrum formalitates debeat po
1245 1651 2020 1705 ni in diuinis: Ad quod arguitur secundum Scotori. su¬
1246 1699 2021 1748 per primo di. viii. sic Formalitas dicitur a forma si
1246 1740 2006 1791 ergo ponuntur in deo formalitates plures sequitur quod
1249 1783 2018 1831 ibi sunt plures forme sicut multiplicatis abstra
1245 1829 2014 1870 ctis multiplicantur concreta quod est inconueniens di
1252 1865 2009 1911 vine simplicitati. Ad hoc idem Scotorlis. ibidem.
1257 1910 2021 1955 Respondet. dicit quod antecedens est falsum quia forma¬
1248 1952 2021 2002 litas non dicitur a forma sed dicitur a modo reali
1248 1992 2011 2043 secundum aliquos. vel a quiditate formali secundum alios. vl
1254 2041 2008 2086 a ratione diffinitiua formali secundum quosdam. Dato
1248 2078 2005 2125 tamen quod diceretur a forma: argumentum adhuc non
1249 2118 2011 2169 valet quia essentiale dicitur ab essentia et tantum plu¬
1243 2168 2021 2210 ra sunt essentialia attributa scilicet sapientia bonitas
1244 2202 2021 2248 etc. in vnica essentia diuina Similiter personalia
1248 2244 2008 2294 dicuntur a persona Et tamen in eadem persona sunt
1260 2289 2005 2338 plura personalia. sicut in patre generare. spirare
1244 2331 2018 2380 etc. Unde distinctio formalis non excludit vnita¬
1243 2366 1931 2427 tem realem et simplicitatis Hec Scotorlis.
1308 2411 2011 2475 ¶ Sed que necessitas est ponere
1257 2470 2020 2521 in diuinis formalitates aliquas: Respondetur secundum Fran.
1261 2512 2026 2564 Ubi. supra. Quod prima necessitas est ad saluandas re¬
1245 2558 2024 2610 gulas contradictionum Nam in diuinis illis quae sunt
1248 2602 2019 2647 realiter idem vel indistincta: applicantur extrema com¬
1254 2640 2005 2692 radictionis que non possunt eidem inesse secundum idem
1242 2683 2024 2745 ideo oportet ibi ponere vlteriorem distinctionem scilicet
