<?xml version="1.0" encoding="UTF-8" standalone="yes"?>
<PcGts xmlns="http://schema.primaresearch.org/PAGE/gts/pagecontent/2013-07-15" xmlns:xsi="http://www.w3.org/2001/XMLSchema-instance" xsi:schemaLocation="http://schema.primaresearch.org/PAGE/gts/pagecontent/2013-07-15 http://schema.primaresearch.org/PAGE/gts/pagecontent/2013-07-15/pagecontent.xsd">
    <Metadata>
        <Creator>prov=University of Rostock/Institute of Mathematics/CITlab|PLANET AI GmbH/Gundram Leifert/gundram.leifert@planet-ai.de:name=cod-BtQsrQ-m1(htr_id=29141)::::v=2.6.7
prov=University of Rostock/Institute of Mathematics/CITlab|PLANET AI GmbH/Tobias Gruening/tobias.gruening@planet-ai.de:name=de.uros.citlab.module.baseline2polygon.B2PSeamMultiOriented:v=2.6.7
prov=University of Rostock/Institute of Mathematics/CITlab|PLANET AI GmbH/Tobias Gruening/tobias.gruening@planet-ai.de:name=/net_tf/LA73_249_0mod360.pb:de.uros.citlab.segmentation.CITlab_LA_ML:v=2.6.6
Transkribus</Creator>
        <Created>2021-01-15T15:26:33.457+01:00</Created>
        <LastChange>2021-01-28T17:47:40.270+01:00</LastChange>
        <TranskribusMetadata docId="572610" pageId="23611270" pageNr="100" tsid="51766540" status="DONE" userId="25065" imgUrl="https://files.transkribus.eu/Get?id=FIQJJYBAMOYAFMWYXSUJKMEN&amp;fileType=view" xmlUrl="https://files.transkribus.eu/Get?id=RESMJQZLJUCHPVOHHGFHXOTI" imageId="18126124"/>
    </Metadata>
    <Page imageFilename="99.jpg" imageWidth="2251" imageHeight="3284">
        <ReadingOrder>
            <OrderedGroup id="ro_1612223665096" caption="Regions reading order">
                <RegionRefIndexed index="0" regionRef="TextRegion_1611266269962_1320"/>
                <RegionRefIndexed index="1" regionRef="TextRegion_1611266265540_1315"/>
            </OrderedGroup>
        </ReadingOrder>
        <TextRegion orientation="0.0" id="TextRegion_1611266269962_1320" custom="readingOrder {index:0;}">
            <Coords points="395,199 1198,199 1198,2737 395,2737"/>
            <TextLine id="r3l3" custom="readingOrder {index:0;}">
                <Coords points="393,360 1154,349 1154,313 1117,292 1050,311 393,311"/>
                <Baseline points="398,344 435,344 473,345 510,345 548,345 585,345 623,344 660,344 698,344 735,344 773,344 811,342 848,342 886,342 923,342 961,342 998,341 1036,341 1073,341 1111,341 1149,342"/>
                <TextEquiv>
                    <Unicode>tur ab Augu. iiii. de trinitate. frui est quiescere</Unicode>
                </TextEquiv>
            </TextLine>
            <TextLine id="r3l5" custom="readingOrder {index:1;}">
                <Coords points="397,405 1141,402 1157,348 397,356"/>
                <Baseline points="402,389 439,388 477,387 514,387 552,387 589,387 627,387 664,387 702,387 739,387 777,387 814,387 852,387 889,387 927,387 964,386 1002,386 1039,386 1077,386 1114,384 1152,384"/>
                <TextEquiv>
                    <Unicode>in cognitis voluntate propter se delectata. et sic</Unicode>
                </TextEquiv>
            </TextLine>
            <TextLine id="r3l7" custom="readingOrder {index:2;}">
                <Coords points="398,444 410,442 421,430 430,434 439,434 445,430 491,431 490,403 469,400 464,403 446,396 432,404 420,398 396,405"/>
                <Baseline points="402,432 430,428 458,429 486,426"/>
                <TextEquiv>
                    <Unicode>patet.</Unicode>
                </TextEquiv>
            </TextLine>
            <TextLine id="r3l9" custom="readingOrder {index:3;}">
                <Coords points="420,501 1150,490 1150,444 1100,433 990,450 853,432 797,456 555,420 420,430"/>
                <Baseline points="425,486 461,486 497,486 533,486 569,486 605,486 641,486 677,486 713,486 749,486 785,487 821,488 857,488 893,488 929,488 965,486 1001,486 1037,486 1073,485 1109,483 1145,482"/>
                <TextEquiv>
                    <Unicode>¶ Quid est vti per essentiam. Re¬</Unicode>
                </TextEquiv>
            </TextLine>
            <TextLine id="r3l11" custom="readingOrder {index:4;}">
                <Coords points="396,543 1062,546 1165,534 1165,484 1026,508 830,489 768,513 396,492"/>
                <Baseline points="401,530 440,530 480,530 520,530 560,530 600,530 640,530 680,531 720,531 760,531 800,531 840,531 880,531 920,531 960,530 1000,530 1040,530 1080,528 1120,528 1160,527"/>
                <TextEquiv>
                    <Unicode>spondetur secundum Bonauen. et Magistrum quod vti proprie est</Unicode>
                </TextEquiv>
            </TextLine>
            <TextLine id="r3l13" custom="readingOrder {index:5;}">
                <Coords points="400,586 1101,585 1154,578 1154,536 400,542"/>
                <Baseline points="405,572 442,572 479,572 516,572 553,572 591,572 628,572 665,572 702,572 739,572 777,572 814,572 851,572 888,572 925,572 963,572 1000,572 1037,572 1074,572 1111,570 1149,570"/>
                <TextEquiv>
                    <Unicode>id quod in vsum venerit: referre ad id quo fruendum</Unicode>
                </TextEquiv>
            </TextLine>
            <TextLine id="r3l15" custom="readingOrder {index:6;}">
                <Coords points="405,618 1025,631 1157,620 1157,578 405,582"/>
                <Baseline points="410,612 447,613 484,614 521,614 558,614 595,614 632,615 669,615 706,615 743,615 781,615 818,615 855,615 892,614 929,614 966,614 1003,614 1040,612 1077,612 1114,612 1152,611"/>
                <TextEquiv>
                    <Unicode>est. patet ex praescriptis. Sed quid est frui per essentiam:</Unicode>
                </TextEquiv>
            </TextLine>
            <TextLine id="r3l17" custom="readingOrder {index:7;}">
                <Coords points="399,672 1162,659 1145,616 622,638 398,617"/>
                <Baseline points="404,656 441,656 479,657 516,657 554,657 592,657 629,657 667,657 705,657 742,657 780,657 818,656 855,656 893,656 931,656 968,656 1006,656 1044,654 1081,654 1119,654 1157,653"/>
                <TextEquiv>
                    <Unicode>Respondetur secundum .e. quod proprie est amore inherere alicui rei</Unicode>
                </TextEquiv>
            </TextLine>
            <TextLine id="r3l19" custom="readingOrder {index:8;}">
                <Coords points="402,712 1156,709 1155,665 1056,660 401,671"/>
                <Baseline points="407,699 444,699 481,699 518,699 555,698 593,698 630,698 667,698 704,698 741,698 779,698 816,698 853,698 890,698 927,698 965,698 1002,698 1039,696 1076,696 1113,696 1151,695"/>
                <TextEquiv>
                    <Unicode>ppter seipam. vnde vti est actus voluntatis relate ad</Unicode>
                </TextEquiv>
            </TextLine>
            <TextLine id="r3l21" custom="readingOrder {index:9;}">
                <Coords points="397,747 1157,749 1165,709 397,716"/>
                <Baseline points="402,738 439,738 477,739 515,740 553,740 591,740 629,740 667,740 705,740 743,740 781,740 818,740 856,740 894,740 932,740 970,738 1008,738 1046,738 1084,738 1122,738 1160,737"/>
                <TextEquiv>
                    <Unicode>aliud tamquam in finem debitum. Sed frui dicit actum volun</Unicode>
                </TextEquiv>
            </TextLine>
            <TextLine id="r3l23" custom="readingOrder {index:10;}">
                <Coords points="397,785 1012,784 1076,814 1156,786 1156,747 1103,739 952,759 397,747"/>
                <Baseline points="402,779 439,780 476,780 514,780 551,780 589,780 626,781 664,782 701,782 739,782 776,782 813,782 851,782 888,782 926,782 963,782 1001,782 1038,782 1076,782 1113,782 1151,780"/>
                <TextEquiv>
                    <Unicode>tatis cum quietatione et delectatione in re propter seipsam</Unicode>
                </TextEquiv>
            </TextLine>
            <TextLine id="r3l25" custom="readingOrder {index:11;}">
                <Coords points="390,820 631,845 1019,840 1008,784 852,799 700,781 616,801 390,788"/>
                <Baseline points="395,819 427,821 460,821 492,822 525,822 557,824 590,824 623,824 655,824 688,824 720,824 753,824 785,824 818,824 851,824 883,822 916,822 948,822 981,822 1014,821"/>
                <TextEquiv>
                    <Unicode>et non referendo in finem aliquem vt dicit Guil.</Unicode>
                </TextEquiv>
            </TextLine>
            <TextLine id="r3l27" custom="readingOrder {index:12;}">
                <Coords points="419,892 1171,893 1171,830 926,850 419,835"/>
                <Baseline points="495,882 528,882 562,882 595,881 629,881 662,881 696,881 729,881 763,882 796,882 830,882 864,882 897,882 931,882 964,882 998,882 1031,881 1065,881 1098,879 1132,879 1166,878"/>
                <TextEquiv>
                    <Unicode>¶ In fruitionis delectatio et di</Unicode>
                </TextEquiv>
            </TextLine>
            <TextLine id="r3l29" custom="readingOrder {index:13;}">
                <Coords points="402,928 1166,936 1166,890 1112,880 1061,901 402,886"/>
                <Baseline points="407,923 444,924 482,924 520,924 557,926 595,926 633,926 670,926 708,926 746,927 784,927 821,927 859,926 897,926 934,926 972,926 1010,926 1047,926 1085,924 1123,924 1161,924"/>
                <TextEquiv>
                    <Unicode>lectio sint idem realiter: Respondetur secundum Scotorlis. su¬</Unicode>
                </TextEquiv>
            </TextLine>
            <TextLine id="r3l31" custom="readingOrder {index:14;}">
                <Coords points="411,979 1010,966 1093,984 1160,979 1160,935 411,939"/>
                <Baseline points="416,966 454,968 493,968 532,968 571,968 610,968 649,969 688,969 727,969 766,969 804,969 843,969 882,968 921,968 960,968 999,968 1038,968 1077,966 1116,966 1155,966"/>
                <TextEquiv>
                    <Unicode>pra di .i. Ex thomiste dicunt quod dilectio et delecta</Unicode>
                </TextEquiv>
            </TextLine>
            <TextLine id="r3l33" custom="readingOrder {index:15;}">
                <Coords points="408,1014 1163,1020 1163,976 1126,972 408,980"/>
                <Baseline points="413,1008 450,1008 487,1008 524,1008 562,1008 599,1008 636,1008 673,1008 711,1009 748,1010 785,1010 822,1010 860,1010 897,1010 934,1010 971,1010 1009,1010 1046,1008 1083,1008 1120,1008 1158,1007"/>
                <TextEquiv>
                    <Unicode>tio sunt idem realiter sed differunt tantummodo secundum rationem</Unicode>
                </TextEquiv>
            </TextLine>
            <TextLine id="r3l35" custom="readingOrder {index:16;}">
                <Coords points="411,1075 484,1054 1165,1059 1148,1017 411,1019"/>
                <Baseline points="416,1050 453,1050 490,1050 527,1050 564,1050 602,1052 639,1052 676,1052 713,1052 750,1052 788,1052 825,1052 862,1052 899,1052 936,1052 974,1052 1011,1052 1048,1050 1085,1050 1122,1049 1160,1049"/>
                <TextEquiv>
                    <Unicode>Probatio. quia sunt de eodem obiecto sub eadem ratione</Unicode>
                </TextEquiv>
            </TextLine>
            <TextLine id="r3l37" custom="readingOrder {index:17;}">
                <Coords points="411,1097 1119,1109 1165,1104 1165,1060 507,1056 411,1075"/>
                <Baseline points="416,1091 453,1091 490,1092 527,1092 564,1092 602,1092 639,1092 676,1092 713,1092 750,1092 788,1092 825,1092 862,1092 899,1092 936,1092 974,1092 1011,1092 1048,1092 1085,1092 1122,1091 1160,1091"/>
                <TextEquiv>
                    <Unicode>scilicet de bono sub ratione boni. Et quia immediate conse¬</Unicode>
                </TextEquiv>
            </TextLine>
            <TextLine id="r3l39" custom="readingOrder {index:18;}">
                <Coords points="399,1139 1067,1149 1162,1141 1162,1102 399,1111"/>
                <Baseline points="404,1134 441,1134 479,1134 516,1134 554,1134 592,1134 629,1134 667,1134 705,1134 742,1136 780,1136 818,1136 855,1136 893,1136 931,1136 968,1136 1006,1136 1044,1134 1081,1134 1119,1133 1157,1133"/>
                <TextEquiv>
                    <Unicode>quuntur se. ad idem in eadem potentia scilicet in voluntate in</Unicode>
                </TextEquiv>
            </TextLine>
            <TextLine id="r3l41" custom="readingOrder {index:19;}">
                <Coords points="405,1183 1123,1192 1169,1181 1169,1142 405,1151"/>
                <Baseline points="410,1176 447,1175 485,1175 523,1175 560,1175 598,1176 636,1176 673,1176 711,1176 749,1176 787,1176 824,1176 862,1176 900,1176 937,1176 975,1176 1013,1176 1050,1176 1088,1176 1126,1176 1164,1175"/>
                <TextEquiv>
                    <Unicode>qua similis sunt. ergo idem sunt re. sed differunt ratione secundum</Unicode>
                </TextEquiv>
            </TextLine>
            <TextLine id="r3l43" custom="readingOrder {index:20;}">
                <Coords points="402,1223 1133,1236 1162,1223 1162,1181 402,1187"/>
                <Baseline points="407,1215 444,1215 482,1217 519,1217 557,1217 594,1218 632,1218 669,1218 707,1218 744,1218 782,1218 819,1218 857,1218 894,1218 932,1218 969,1218 1007,1218 1044,1218 1082,1218 1119,1218 1157,1218"/>
                <TextEquiv>
                    <Unicode>modum significandi. quia dilectio significat per modum</Unicode>
                </TextEquiv>
            </TextLine>
            <TextLine id="r3l45" custom="readingOrder {index:21;}">
                <Coords points="406,1265 1151,1273 1172,1222 406,1224"/>
                <Baseline points="411,1257 448,1257 486,1259 524,1259 562,1259 600,1259 637,1260 675,1260 713,1260 751,1260 789,1260 826,1260 864,1260 902,1260 940,1260 978,1259 1015,1259 1053,1259 1091,1259 1129,1259 1167,1259"/>
                <TextEquiv>
                    <Unicode>forme egredientis a voluntate ad obiectum amatum</Unicode>
                </TextEquiv>
            </TextLine>
            <TextLine id="r3l47" custom="readingOrder {index:22;}">
                <Coords points="405,1312 1157,1317 1157,1271 1123,1268 405,1266"/>
                <Baseline points="410,1299 447,1299 484,1300 521,1301 558,1301 595,1301 632,1301 669,1301 706,1301 743,1301 781,1301 818,1301 855,1301 892,1301 929,1301 966,1301 1003,1301 1040,1301 1077,1301 1114,1302 1152,1302"/>
                <TextEquiv>
                    <Unicode>sed delectatio econuerso scilicet ab obiecto in volunta</Unicode>
                </TextEquiv>
            </TextLine>
            <TextLine id="r3l49" custom="readingOrder {index:23;}">
                <Coords points="397,1344 1163,1361 1163,1316 1116,1306 754,1304 727,1322 484,1320 465,1301 397,1321"/>
                <Baseline points="402,1341 439,1341 477,1343 515,1343 553,1343 591,1343 628,1344 666,1344 704,1344 742,1344 780,1344 817,1344 855,1344 893,1344 931,1344 969,1343 1006,1343 1044,1343 1082,1343 1120,1343 1158,1343"/>
                <TextEquiv>
                    <Unicode>tem. ¶ Sed hec opinio Thome non tenetur apud Sco</Unicode>
                </TextEquiv>
            </TextLine>
            <TextLine id="r3l51" custom="readingOrder {index:24;}">
                <Coords points="406,1391 1171,1399 1171,1360 1080,1343 1020,1365 406,1355"/>
                <Baseline points="411,1382 448,1383 485,1385 522,1385 559,1386 596,1386 633,1386 671,1386 708,1386 745,1386 782,1386 819,1386 856,1386 893,1385 931,1385 968,1385 1005,1385 1042,1386 1079,1386 1116,1386 1154,1388"/>
                <TextEquiv>
                    <Unicode>tis. quia vt patet per Arist. ii Eth. Delectatio est superue</Unicode>
                </TextEquiv>
            </TextLine>
            <TextLine id="r3l53" custom="readingOrder {index:25;}">
                <Coords points="415,1436 1107,1444 1167,1437 1168,1398 416,1399"/>
                <Baseline points="420,1424 456,1425 493,1425 530,1427 567,1427 604,1427 641,1427 677,1427 714,1428 751,1428 788,1428 825,1428 862,1428 899,1428 935,1428 972,1428 1009,1428 1046,1428 1083,1428 1120,1428 1157,1428"/>
                <TextEquiv>
                    <Unicode>niens dilectioni. et sic praesuponit eam. Sed ad probati</Unicode>
                </TextEquiv>
            </TextLine>
            <TextLine id="r3l55" custom="readingOrder {index:26;}">
                <Coords points="409,1474 1159,1476 1159,1442 1005,1432 409,1443"/>
                <Baseline points="414,1466 451,1467 488,1467 525,1467 562,1469 599,1469 636,1469 673,1469 710,1469 747,1469 784,1469 821,1470 858,1470 895,1470 932,1470 969,1470 1006,1470 1043,1470 1080,1470 1117,1470 1154,1470"/>
                <TextEquiv>
                    <Unicode>onem illorum dicendum secundum Scotorlis. quod dilectio et de¬</Unicode>
                </TextEquiv>
            </TextLine>
            <TextLine id="r3l57" custom="readingOrder {index:27;}">
                <Coords points="414,1517 1163,1518 1163,1473 414,1474"/>
                <Baseline points="419,1508 457,1509 496,1509 535,1511 574,1511 613,1511 652,1511 691,1511 730,1512 769,1512 807,1512 846,1512 885,1512 924,1512 963,1512 1002,1511 1041,1511 1080,1511 1119,1511 1158,1511"/>
                <TextEquiv>
                    <Unicode>lectatio sunt duo actus subordinati quorum vnus</Unicode>
                </TextEquiv>
            </TextLine>
            <TextLine id="r3l59" custom="readingOrder {index:28;}">
                <Coords points="411,1566 1116,1568 1162,1560 1163,1518 411,1525"/>
                <Baseline points="416,1553 453,1551 490,1551 527,1551 564,1551 601,1551 638,1551 675,1551 712,1551 749,1551 786,1553 823,1553 860,1553 897,1553 934,1553 971,1553 1008,1553 1045,1553 1082,1551 1119,1551 1157,1550"/>
                <TextEquiv>
                    <Unicode>perficit alium. Nec sunt omnino de eodem obiecto sub</Unicode>
                </TextEquiv>
            </TextLine>
            <TextLine id="r3l61" custom="readingOrder {index:29;}">
                <Coords points="415,1600 1172,1608 1166,1558 415,1562"/>
                <Baseline points="420,1593 457,1593 494,1592 532,1592 569,1592 606,1592 644,1592 681,1592 718,1593 756,1593 793,1593 830,1593 868,1594 905,1595 942,1595 980,1595 1017,1595 1054,1595 1092,1595 1129,1595 1167,1595"/>
                <TextEquiv>
                    <Unicode>eadem ratione. quia delectatio semper est de presente sed</Unicode>
                </TextEquiv>
            </TextLine>
            <TextLine id="r3l63" custom="readingOrder {index:30;}">
                <Coords points="399,1637 1175,1644 1175,1606 1132,1601 399,1603"/>
                <Baseline points="404,1632 442,1632 480,1632 518,1632 557,1632 595,1632 633,1632 672,1632 710,1634 748,1634 787,1634 825,1634 863,1635 901,1635 940,1635 978,1635 1016,1635 1055,1635 1093,1635 1131,1634 1170,1634"/>
                <TextEquiv>
                    <Unicode>dilectio non necessario semper concernit praesentiam obie</Unicode>
                </TextEquiv>
            </TextLine>
            <TextLine id="r3l65" custom="readingOrder {index:31;}">
                <Coords points="405,1684 1154,1687 1175,1685 1175,1644 405,1647"/>
                <Baseline points="410,1676 448,1676 486,1676 524,1675 562,1674 600,1674 638,1674 676,1674 714,1676 752,1676 790,1676 828,1676 866,1676 904,1676 942,1677 980,1677 1018,1677 1056,1677 1094,1678 1132,1679 1170,1679"/>
                <TextEquiv>
                    <Unicode>cti  ¶ Concluditur est quod differunt realiter. Probatur</Unicode>
                </TextEquiv>
            </TextLine>
            <TextLine id="r3l67" custom="readingOrder {index:32;}">
                <Coords points="408,1724 1151,1731 1168,1684 408,1689"/>
                <Baseline points="413,1718 450,1716 488,1716 525,1716 563,1716 600,1716 638,1716 675,1717 713,1718 750,1718 788,1718 825,1718 863,1719 900,1719 938,1719 975,1719 1013,1719 1050,1719 1088,1719 1125,1718 1163,1718"/>
                <TextEquiv>
                    <Unicode>quia quecumquam possunt separari ab inuicem illa non</Unicode>
                </TextEquiv>
            </TextLine>
            <TextLine id="r3l69" custom="readingOrder {index:33;}">
                <Coords points="396,1773 1175,1765 1175,1726 396,1724"/>
                <Baseline points="401,1758 439,1757 477,1757 516,1757 554,1758 593,1758 631,1758 670,1758 708,1760 747,1760 785,1760 823,1760 862,1761 900,1761 939,1761 977,1761 1016,1761 1054,1761 1093,1761 1131,1761 1170,1760"/>
                <TextEquiv>
                    <Unicode>sunt idem realiter. sed sic est de istis. Et patet in demo</Unicode>
                </TextEquiv>
            </TextLine>
            <TextLine id="r3l71" custom="readingOrder {index:34;}">
                <Coords points="415,1814 1178,1821 1178,1767 415,1769"/>
                <Baseline points="420,1799 457,1799 495,1800 532,1800 570,1802 608,1802 645,1802 683,1802 721,1802 758,1802 796,1802 834,1802 871,1802 909,1802 947,1803 984,1803 1022,1803 1060,1803 1097,1803 1135,1805 1173,1805"/>
                <TextEquiv>
                    <Unicode>nibus quae se dligunt. et tamen non delectantur sed contristantur. ergo</Unicode>
                </TextEquiv>
            </TextLine>
            <TextLine id="r3l73" custom="readingOrder {index:35;}">
                <Coords points="402,1846 1168,1855 1168,1821 1143,1812 402,1819"/>
                <Baseline points="407,1841 444,1841 482,1842 520,1842 558,1844 596,1844 633,1844 671,1844 709,1844 747,1844 785,1844 822,1844 860,1844 898,1845 936,1845 974,1845 1011,1845 1049,1846 1087,1847 1125,1848 1163,1848"/>
                <TextEquiv>
                    <Unicode>etc. Item illi actus non sunt idem realiter quorum oppo</Unicode>
                </TextEquiv>
            </TextLine>
            <TextLine id="r3l75" custom="readingOrder {index:36;}">
                <Coords points="414,1893 1122,1904 1172,1900 1173,1857 415,1851"/>
                <Baseline points="419,1884 456,1884 493,1884 531,1884 568,1885 606,1886 643,1886 680,1886 718,1886 755,1886 793,1886 830,1886 867,1886 905,1887 942,1887 980,1887 1017,1887 1054,1887 1092,1889 1129,1889 1167,1889"/>
                <TextEquiv>
                    <Unicode>sita non sunt idem. Sed odium et tristicia que oppo¬</Unicode>
                </TextEquiv>
            </TextLine>
            <TextLine id="r3l77" custom="readingOrder {index:37;}">
                <Coords points="409,1936 1166,1941 1166,1905 1050,1891 409,1896"/>
                <Baseline points="414,1928 451,1926 488,1926 526,1926 563,1926 600,1926 638,1926 675,1926 712,1927 750,1928 787,1928 824,1928 862,1929 899,1929 936,1929 974,1929 1011,1929 1048,1929 1086,1929 1123,1928 1161,1928"/>
                <TextEquiv>
                    <Unicode>nuntur dilectioni et delectationi distinguuntur realiter</Unicode>
                </TextEquiv>
            </TextLine>
            <TextLine id="r3l79" custom="readingOrder {index:38;}">
                <Coords points="421,1983 1178,1987 1157,1937 421,1936"/>
                <Baseline points="426,1967 463,1967 500,1968 538,1968 575,1969 612,1970 650,1970 687,1970 724,1970 762,1970 799,1971 836,1971 874,1971 911,1971 948,1971 986,1971 1023,1971 1060,1971 1098,1971 1135,1971 1173,1971"/>
                <TextEquiv>
                    <Unicode>cum vnum potest inesse alicui sine altero vt patet in beatis</Unicode>
                </TextEquiv>
            </TextLine>
            <TextLine id="r3l81" custom="readingOrder {index:39;}">
                <Coords points="409,2022 984,2015 1156,2036 1176,1981 410,1984"/>
                <Baseline points="414,2012 451,2012 489,2012 527,2012 565,2012 603,2012 640,2012 678,2012 716,2012 754,2012 792,2012 829,2012 867,2012 905,2012 943,2013 981,2013 1018,2013 1056,2013 1094,2013 1132,2013 1170,2013"/>
                <TextEquiv>
                    <Unicode>qui odiunt peccata nostra. nec tamen tristantur de eis. quia in</Unicode>
                </TextEquiv>
            </TextLine>
            <TextLine id="r3l83" custom="readingOrder {index:40;}">
                <Coords points="412,2060 464,2080 578,2057 1103,2070 1103,2020 412,2021"/>
                <Baseline points="417,2051 451,2051 485,2052 519,2052 553,2052 587,2054 621,2054 655,2054 689,2054 723,2054 757,2054 791,2054 825,2055 859,2055 893,2055 927,2055 961,2055 995,2055 1029,2055 1063,2055 1098,2055"/>
                <TextEquiv>
                    <Unicode>eos non cadit tristicia. ergo etc. Hec ex Scotorlis</Unicode>
                </TextEquiv>
            </TextLine>
            <TextLine id="r3l86" custom="readingOrder {index:41;}">
                <Coords points="434,2119 894,2135 988,2111 1175,2116 1175,2076 1040,2078 1015,2058 978,2078 434,2067"/>
                <Baseline points="483,2112 517,2112 551,2111 586,2111 620,2111 654,2111 689,2111 723,2111 757,2112 792,2112 826,2112 860,2112 895,2112 929,2112 963,2114 998,2114 1032,2114 1066,2114 1101,2114 1135,2114 1170,2114"/>
                <TextEquiv>
                    <Unicode>¶ An fruitio sit dilectio siue de¬</Unicode>
                </TextEquiv>
            </TextLine>
            <TextLine id="r3l88" custom="readingOrder {index:42;}">
                <Coords points="414,2163 1172,2175 1173,2118 415,2119"/>
                <Baseline points="419,2154 456,2156 493,2156 531,2156 568,2156 606,2156 643,2156 680,2156 718,2156 755,2156 793,2156 830,2156 867,2156 905,2156 942,2157 980,2157 1017,2157 1054,2157 1092,2159 1129,2160 1167,2162"/>
                <TextEquiv>
                    <Unicode>lectatio: Respondetur secundum Scotum et Scotorlis ibidem. quod</Unicode>
                </TextEquiv>
            </TextLine>
            <TextLine id="r3l90" custom="readingOrder {index:43;}">
                <Coords points="411,2206 1184,2211 1184,2169 1128,2165 411,2163"/>
                <Baseline points="416,2198 454,2198 492,2198 530,2198 568,2198 606,2198 644,2198 683,2198 721,2198 759,2199 797,2199 835,2199 873,2199 911,2199 950,2199 988,2199 1026,2199 1064,2199 1102,2199 1140,2199 1179,2199"/>
                <TextEquiv>
                    <Unicode>hoc est melius dicendum. vicem quod fruitio importat</Unicode>
                </TextEquiv>
            </TextLine>
            <TextLine id="r3l92" custom="readingOrder {index:44;}">
                <Coords points="405,2253 1180,2249 1180,2212 1038,2204 405,2212"/>
                <Baseline points="410,2238 448,2238 486,2238 524,2238 563,2240 601,2240 639,2240 677,2240 716,2240 754,2240 792,2240 830,2241 869,2241 907,2241 945,2241 983,2241 1022,2241 1060,2241 1098,2243 1136,2243 1175,2243"/>
                <TextEquiv>
                    <Unicode>tam dilectionem quam delectationem. vnde Augu. x.</Unicode>
                </TextEquiv>
            </TextLine>
            <TextLine id="r3l94" custom="readingOrder {index:45;}">
                <Coords points="414,2286 652,2305 803,2282 1168,2291 1168,2249 414,2250"/>
                <Baseline points="419,2280 456,2282 493,2282 530,2282 567,2282 605,2282 642,2283 679,2283 716,2283 753,2283 791,2282 828,2282 865,2282 902,2282 939,2282 977,2282 1014,2283 1051,2283 1088,2283 1125,2283 1163,2285"/>
                <TextEquiv>
                    <Unicode>de trinitate di. Fruimur cognitis bonis in qui¬</Unicode>
                </TextEquiv>
            </TextLine>
            <TextLine id="r3l96" custom="readingOrder {index:46;}">
                <Coords points="414,2334 1180,2333 1171,2288 803,2282 651,2307 414,2285"/>
                <Baseline points="419,2321 456,2322 494,2322 532,2324 570,2324 608,2324 645,2324 683,2324 721,2324 759,2325 797,2325 834,2325 872,2325 910,2325 948,2325 986,2325 1023,2325 1061,2324 1099,2324 1137,2324 1175,2324"/>
                <TextEquiv>
                    <Unicode>bus voluntas propter se delectata quiescit. nec est</Unicode>
                </TextEquiv>
            </TextLine>
            <TextLine id="r3l98" custom="readingOrder {index:47;}">
                <Coords points="409,2383 1175,2371 1158,2332 409,2328"/>
                <Baseline points="414,2364 451,2366 489,2366 527,2366 565,2366 603,2366 640,2366 678,2366 716,2366 754,2366 792,2366 829,2367 867,2367 905,2367 943,2367 981,2367 1018,2367 1056,2367 1094,2367 1132,2366 1170,2366"/>
                <TextEquiv>
                    <Unicode>inconueniens quod vnum nomen significet multa. si¬</Unicode>
                </TextEquiv>
            </TextLine>
            <TextLine id="r3l100" custom="readingOrder {index:48;}">
                <Coords points="418,2415 1175,2423 1175,2370 418,2378"/>
                <Baseline points="423,2409 460,2409 497,2409 535,2409 572,2409 609,2409 647,2409 684,2409 721,2409 759,2409 796,2409 833,2409 871,2409 908,2409 945,2409 983,2409 1020,2409 1057,2409 1095,2409 1132,2409 1170,2411"/>
                <TextEquiv>
                    <Unicode>cut patet per philosophum. vii. Meta. de hoc nomine hylias quod</Unicode>
                </TextEquiv>
            </TextLine>
            <TextLine id="r3l102" custom="readingOrder {index:49;}">
                <Coords points="412,2462 917,2463 917,2417 412,2419"/>
                <Baseline points="417,2450 443,2450 469,2450 495,2450 521,2450 547,2450 573,2450 599,2450 625,2450 651,2450 677,2450 703,2450 729,2450 755,2450 781,2450 807,2450 833,2450 859,2450 885,2450 912,2450"/>
                <TextEquiv>
                    <Unicode>significat totum bellum troianum etc.</Unicode>
                </TextEquiv>
            </TextLine>
            <TextLine id="r3l105" custom="readingOrder {index:50;}">
                <Coords points="441,2517 1057,2516 1096,2533 1177,2513 1177,2469 1152,2466 836,2477 765,2454 719,2474 441,2455"/>
                <Baseline points="480,2501 514,2502 549,2504 583,2505 618,2507 653,2508 687,2508 722,2508 756,2510 791,2509 826,2508 860,2508 895,2508 929,2508 964,2508 999,2508 1033,2507 1068,2507 1102,2508 1137,2508 1172,2508"/>
                <TextEquiv>
                    <Unicode>¶ An fruitio sit actus volunta¬</Unicode>
                </TextEquiv>
            </TextLine>
            <TextLine id="r3l107" custom="readingOrder {index:51;}">
                <Coords points="409,2568 1157,2570 1177,2567 1177,2522 409,2524"/>
                <Baseline points="414,2552 451,2552 489,2552 527,2552 565,2552 603,2552 641,2552 679,2552 717,2552 755,2552 793,2552 830,2552 868,2552 906,2552 944,2553 982,2553 1020,2553 1058,2554 1096,2555 1134,2555 1172,2556"/>
                <TextEquiv>
                    <Unicode>tis Respondetur secundum Scotorlis. vbi supra. q. i. ar. iii. quod quam¬</Unicode>
                </TextEquiv>
            </TextLine>
            <TextLine id="r3l108" custom="readingOrder {index:52;}">
                <Coords points="420,2611 1104,2615 1187,2607 1187,2569 420,2570"/>
                <Baseline points="425,2595 462,2595 500,2594 538,2594 576,2594 614,2594 652,2594 689,2594 727,2594 765,2594 803,2594 841,2594 879,2594 917,2594 954,2595 992,2595 1030,2595 1068,2595 1106,2595 1144,2595 1182,2595"/>
                <TextEquiv>
                    <Unicode>uis Egidius de rhoma dicat quod fruitio prius spe</Unicode>
                </TextEquiv>
            </TextLine>
            <TextLine id="r3l110" custom="readingOrder {index:53;}">
                <Coords points="420,2649 1125,2653 1186,2647 1186,2608 420,2610"/>
                <Baseline points="425,2639 462,2637 500,2636 538,2636 576,2635 614,2634 651,2634 689,2635 727,2636 765,2636 803,2636 840,2636 878,2637 916,2637 954,2637 992,2637 1029,2637 1067,2637 1105,2637 1143,2637 1181,2636"/>
                <TextEquiv>
                    <Unicode>ctat ad actum intellectus. quia per intellectum prius attin¬</Unicode>
                </TextEquiv>
            </TextLine>
            <TextLine id="r3l112" custom="readingOrder {index:54;}">
                <Coords points="408,2699 1174,2690 1152,2650 1002,2639 408,2653"/>
                <Baseline points="413,2681 450,2679 488,2678 526,2678 564,2676 602,2676 639,2676 677,2676 715,2676 753,2676 791,2678 828,2678 866,2678 904,2678 942,2679 980,2679 1017,2679 1055,2679 1093,2679 1131,2679 1169,2679"/>
                <TextEquiv>
                    <Unicode>gitur obiectum beatificum. Secundario autem spectat ac</Unicode>
                </TextEquiv>
            </TextLine>
            <TextLine id="r3l114" custom="readingOrder {index:55;}">
                <Coords points="409,2732 1131,2752 1187,2738 1187,2688 409,2700"/>
                <Baseline points="414,2721 452,2721 490,2721 529,2721 567,2721 606,2721 644,2721 682,2721 721,2721 759,2721 798,2721 836,2723 874,2723 913,2723 951,2723 990,2724 1028,2724 1066,2724 1105,2724 1143,2725 1182,2726"/>
                <TextEquiv>
                    <Unicode>actum voluntatis inquantum dicit quandam delectati¬</Unicode>
                </TextEquiv>
            </TextLine>
            <TextEquiv>
                <Unicode>tur ab Augu. iiii. de trinitate. frui est quiescere
in cognitis voluntate propter se delectata. et sic
patet.
¶ Quid est vti per essentiam. Re¬
spondetur secundum Bonauen. et Magistrum quod vti proprie est
id quod in vsum venerit: referre ad id quo fruendum
est. patet ex praescriptis. Sed quid est frui per essentiam:
Respondetur secundum .e. quod proprie est amore inherere alicui rei
ppter seipam. vnde vti est actus voluntatis relate ad
aliud tamquam in finem debitum. Sed frui dicit actum volun
tatis cum quietatione et delectatione in re propter seipsam
et non referendo in finem aliquem vt dicit Guil.
¶ In fruitionis delectatio et di
lectio sint idem realiter: Respondetur secundum Scotorlis. su¬
pra di .i. Ex thomiste dicunt quod dilectio et delecta
tio sunt idem realiter sed differunt tantummodo secundum rationem
Probatio. quia sunt de eodem obiecto sub eadem ratione
scilicet de bono sub ratione boni. Et quia immediate conse¬
quuntur se. ad idem in eadem potentia scilicet in voluntate in
qua similis sunt. ergo idem sunt re. sed differunt ratione secundum
modum significandi. quia dilectio significat per modum
forme egredientis a voluntate ad obiectum amatum
sed delectatio econuerso scilicet ab obiecto in volunta
tem. ¶ Sed hec opinio Thome non tenetur apud Sco
tis. quia vt patet per Arist. ii Eth. Delectatio est superue
niens dilectioni. et sic praesuponit eam. Sed ad probati
onem illorum dicendum secundum Scotorlis. quod dilectio et de¬
lectatio sunt duo actus subordinati quorum vnus
perficit alium. Nec sunt omnino de eodem obiecto sub
eadem ratione. quia delectatio semper est de presente sed
dilectio non necessario semper concernit praesentiam obie
cti  ¶ Concluditur est quod differunt realiter. Probatur
quia quecumquam possunt separari ab inuicem illa non
sunt idem realiter. sed sic est de istis. Et patet in demo
nibus quae se dligunt. et tamen non delectantur sed contristantur. ergo
etc. Item illi actus non sunt idem realiter quorum oppo
sita non sunt idem. Sed odium et tristicia que oppo¬
nuntur dilectioni et delectationi distinguuntur realiter
cum vnum potest inesse alicui sine altero vt patet in beatis
qui odiunt peccata nostra. nec tamen tristantur de eis. quia in
eos non cadit tristicia. ergo etc. Hec ex Scotorlis
¶ An fruitio sit dilectio siue de¬
lectatio: Respondetur secundum Scotum et Scotorlis ibidem. quod
hoc est melius dicendum. vicem quod fruitio importat
tam dilectionem quam delectationem. vnde Augu. x.
de trinitate di. Fruimur cognitis bonis in qui¬
bus voluntas propter se delectata quiescit. nec est
inconueniens quod vnum nomen significet multa. si¬
cut patet per philosophum. vii. Meta. de hoc nomine hylias quod
significat totum bellum troianum etc.
¶ An fruitio sit actus volunta¬
tis Respondetur secundum Scotorlis. vbi supra. q. i. ar. iii. quod quam¬
uis Egidius de rhoma dicat quod fruitio prius spe
ctat ad actum intellectus. quia per intellectum prius attin¬
gitur obiectum beatificum. Secundario autem spectat ac
actum voluntatis inquantum dicit quandam delectati¬</Unicode>
            </TextEquiv>
        </TextRegion>
        <TextRegion orientation="0.0" id="TextRegion_1611266265540_1315" custom="readingOrder {index:1;}">
            <Coords points="1219,199 2030,199 2030,2737 1219,2737"/>
            <TextLine id="r3l2" custom="readingOrder {index:0;}">
                <Coords points="1228,349 1950,351 1990,347 1990,293 1228,300"/>
                <Baseline points="1233,342 1270,342 1308,342 1345,342 1383,341 1421,341 1458,341 1496,341 1533,342 1571,342 1609,342 1646,342 1684,342 1721,341 1759,341 1797,341 1834,341 1872,340 1909,339 1947,338 1985,338"/>
                <TextEquiv>
                    <Unicode>onem consequentem actum intellectus. Sed tamen vt</Unicode>
                </TextEquiv>
            </TextLine>
            <TextLine id="r3l4" custom="readingOrder {index:1;}">
                <Coords points="1230,395 1888,401 1990,388 1990,347 1230,349"/>
                <Baseline points="1235,386 1272,386 1310,384 1347,384 1385,384 1422,383 1460,383 1497,383 1535,383 1572,383 1610,384 1647,384 1685,384 1722,384 1760,384 1797,383 1835,383 1872,383 1910,382 1947,381 1985,380"/>
                <TextEquiv>
                    <Unicode>Aug. dicit frui est amore inherere alicui Primo</Unicode>
                </TextEquiv>
            </TextLine>
            <TextLine id="r3l6" custom="readingOrder {index:2;}">
                <Coords points="1225,436 1869,441 1991,429 1991,388 1225,394"/>
                <Baseline points="1230,426 1267,426 1305,425 1343,425 1381,425 1419,425 1456,425 1494,426 1532,426 1570,426 1608,426 1645,426 1683,426 1721,426 1759,426 1797,425 1834,425 1872,425 1910,423 1948,423 1986,422"/>
                <TextEquiv>
                    <Unicode>de doctrina christiana. Amor autem primo pertinet</Unicode>
                </TextEquiv>
            </TextLine>
            <TextLine id="r3l8" custom="readingOrder {index:3;}">
                <Coords points="1227,476 1991,467 1990,429 1962,426 1226,441"/>
                <Baseline points="1232,467 1269,467 1307,467 1345,468 1382,468 1420,468 1458,468 1495,468 1533,468 1571,467 1609,467 1646,467 1684,467 1722,467 1759,467 1797,465 1835,465 1872,465 1910,464 1948,464 1986,462"/>
                <TextEquiv>
                    <Unicode>ad voluntatem ergo frui est actus voluntatis Con</Unicode>
                </TextEquiv>
            </TextLine>
            <TextLine id="r3l10" custom="readingOrder {index:4;}">
                <Coords points="1225,518 1919,507 1973,527 1997,517 1997,466 1225,484"/>
                <Baseline points="1230,510 1268,510 1306,510 1344,510 1382,510 1420,510 1458,510 1496,510 1534,510 1572,510 1611,510 1649,509 1687,509 1725,509 1763,509 1801,509 1839,508 1877,507 1915,507 1953,507 1992,507"/>
                <TextEquiv>
                    <Unicode>cluditur ergo quod fruitio sit actus voluntatis  ¶ Ex</Unicode>
                </TextEquiv>
            </TextLine>
            <TextLine id="r3l12" custom="readingOrder {index:5;}">
                <Coords points="1221,563 1970,561 1993,555 1993,514 1221,523"/>
                <Baseline points="1226,551 1264,551 1302,552 1340,552 1378,552 1416,552 1454,552 1492,552 1530,552 1568,551 1607,551 1645,551 1683,551 1721,550 1759,549 1797,549 1835,548 1873,548 1911,548 1949,546 1988,545"/>
                <TextEquiv>
                    <Unicode>si obiicitur quia fruitio est quedam felicitas Sed feli¬</Unicode>
                </TextEquiv>
            </TextLine>
            <TextLine id="r3l14" custom="readingOrder {index:6;}">
                <Coords points="1221,606 1930,605 1990,598 1990,555 1221,566"/>
                <Baseline points="1226,593 1265,593 1305,594 1345,594 1385,594 1425,594 1465,594 1505,594 1545,594 1585,593 1625,593 1665,593 1705,593 1745,593 1785,593 1825,591 1865,591 1905,591 1945,590 1985,590"/>
                <TextEquiv>
                    <Unicode>citas consistit in speculatione ex .x. Ethico. Et spe¬</Unicode>
                </TextEquiv>
            </TextLine>
            <TextLine id="r3l16" custom="readingOrder {index:7;}">
                <Coords points="1224,643 1973,645 2005,638 2005,605 1224,611"/>
                <Baseline points="1229,635 1267,635 1306,635 1344,636 1383,636 1421,636 1460,636 1498,636 1537,636 1575,636 1614,635 1653,635 1691,635 1730,635 1768,635 1807,633 1845,633 1884,632 1922,632 1961,630 2000,629"/>
                <TextEquiv>
                    <Unicode>culatio primo conuenit intellectui ergo etc. Respondetur secundum</Unicode>
                </TextEquiv>
            </TextLine>
            <TextLine id="r3l18" custom="readingOrder {index:8;}">
                <Coords points="1231,684 1963,684 2003,679 2003,637 1231,647"/>
                <Baseline points="1236,675 1274,677 1312,677 1350,677 1388,677 1426,677 1464,677 1502,677 1540,677 1578,677 1617,677 1655,677 1693,676 1731,675 1769,675 1807,675 1845,674 1883,674 1921,674 1959,672 1998,672"/>
                <TextEquiv>
                    <Unicode>eundem Scotorlis. quod negandum est quod felicitas consi</Unicode>
                </TextEquiv>
            </TextLine>
            <TextLine id="r3l20" custom="readingOrder {index:9;}">
                <Coords points="1236,725 1993,724 2002,680 1236,685"/>
                <Baseline points="1241,719 1278,720 1316,720 1354,720 1392,720 1430,720 1467,719 1505,719 1543,719 1581,719 1619,719 1656,717 1694,717 1732,717 1770,716 1808,716 1845,716 1883,714 1921,714 1959,714 1997,713"/>
                <TextEquiv>
                    <Unicode>stat precise in speculatione. sed felicitas consistit in</Unicode>
                </TextEquiv>
            </TextLine>
            <TextLine id="r3l22" custom="readingOrder {index:10;}">
                <Coords points="1221,772 1897,774 2002,767 2002,722 1221,728"/>
                <Baseline points="1226,761 1264,761 1303,761 1341,761 1380,761 1418,761 1457,761 1495,761 1534,761 1572,761 1611,761 1650,759 1688,759 1727,759 1765,759 1804,759 1842,758 1881,758 1919,758 1958,758 1997,758"/>
                <TextEquiv>
                    <Unicode>speculatione tanquam in quodam preuio. licet ergo frui</Unicode>
                </TextEquiv>
            </TextLine>
            <TextLine id="r3l24" custom="readingOrder {index:11;}">
                <Coords points="1234,814 1919,814 1997,806 1997,765 1234,773"/>
                <Baseline points="1239,804 1276,804 1314,804 1351,804 1389,803 1427,803 1464,803 1502,803 1540,803 1577,803 1615,803 1653,801 1690,801 1728,801 1766,800 1803,800 1841,800 1879,800 1916,798 1954,798 1992,798"/>
                <TextEquiv>
                    <Unicode>tio praesupponit cognitionem quoniam nil volitum nisi co¬</Unicode>
                </TextEquiv>
            </TextLine>
            <TextLine id="r3l26" custom="readingOrder {index:12;}">
                <Coords points="1236,852 1934,860 2003,855 2003,804 1236,814"/>
                <Baseline points="1241,846 1278,845 1316,845 1354,845 1392,845 1430,845 1468,845 1505,845 1543,843 1581,843 1619,843 1657,843 1695,843 1733,843 1770,842 1808,842 1846,842 1884,842 1922,840 1960,840 1998,840"/>
                <TextEquiv>
                    <Unicode>cognitum. Et vt Aug dicit fruimur non nisi cognitis</Unicode>
                </TextEquiv>
            </TextLine>
            <TextLine id="r3l28" custom="readingOrder {index:13;}">
                <Coords points="1237,896 1989,896 2005,856 1237,858"/>
                <Baseline points="1248,888 1285,888 1323,887 1360,887 1398,886 1436,885 1473,885 1511,885 1548,885 1586,885 1624,885 1661,885 1699,885 1736,884 1774,884 1812,884 1849,884 1887,882 1924,882 1962,881 2000,879"/>
                <TextEquiv>
                    <Unicode>bonis tamen fruitio non est in cognitione praecise Sed</Unicode>
                </TextEquiv>
            </TextLine>
            <TextLine id="r3l30" custom="readingOrder {index:14;}">
                <Coords points="1231,935 1996,932 1996,895 1972,891 1231,892"/>
                <Baseline points="1236,929 1273,929 1311,929 1349,927 1387,927 1424,927 1462,927 1500,927 1538,927 1575,927 1613,927 1651,927 1689,927 1726,926 1764,926 1802,926 1840,926 1877,926 1915,924 1953,924 1991,923"/>
                <TextEquiv>
                    <Unicode>hoc non obstante fruitio perfectissime spectat ad</Unicode>
                </TextEquiv>
            </TextLine>
            <TextLine id="r3l32" custom="readingOrder {index:15;}">
                <Coords points="1227,975 1999,970 1998,932 1957,929 1226,944"/>
                <Baseline points="1232,971 1270,971 1308,971 1346,971 1384,971 1422,969 1460,969 1498,969 1536,969 1574,969 1613,969 1651,969 1689,969 1727,968 1765,968 1803,968 1841,968 1879,967 1917,966 1955,966 1994,965"/>
                <TextEquiv>
                    <Unicode>actum voluntatis quoniam que sunt priora generatione</Unicode>
                </TextEquiv>
            </TextLine>
            <TextLine id="r3l34" custom="readingOrder {index:16;}">
                <Coords points="1234,1019 1916,1024 1996,1015 1996,968 1234,977"/>
                <Baseline points="1239,1014 1276,1013 1314,1013 1351,1013 1389,1011 1427,1011 1464,1011 1502,1011 1539,1011 1577,1011 1615,1011 1652,1011 1690,1011 1727,1010 1765,1010 1803,1010 1840,1010 1878,1010 1915,1008 1953,1008 1991,1007"/>
                <TextEquiv>
                    <Unicode>sunt posteriora perfectione et econuerso sicut ponit</Unicode>
                </TextEquiv>
            </TextLine>
            <TextLine id="r3l36" custom="readingOrder {index:17;}">
                <Coords points="1242,1068 1941,1062 2000,1057 2000,1020 1242,1022"/>
                <Baseline points="1247,1055 1284,1055 1321,1055 1359,1055 1396,1055 1434,1055 1471,1055 1508,1054 1546,1053 1583,1053 1621,1053 1658,1053 1695,1053 1733,1052 1770,1052 1808,1052 1845,1052 1882,1050 1920,1050 1957,1049 1995,1049"/>
                <TextEquiv>
                    <Unicode>philosophis. ix. metaph. de Embryone etc. Unde fruitio</Unicode>
                </TextEquiv>
            </TextLine>
            <TextLine id="r3l38" custom="readingOrder {index:18;}">
                <Coords points="1242,1102 2005,1103 2005,1057 1242,1067"/>
                <Baseline points="1247,1094 1284,1094 1322,1095 1359,1095 1397,1095 1435,1095 1472,1095 1510,1095 1548,1095 1585,1095 1623,1095 1661,1095 1698,1094 1736,1094 1774,1094 1811,1094 1849,1093 1887,1092 1924,1092 1962,1091 2000,1091"/>
                <TextEquiv>
                    <Unicode>est actus voluntatis primo qui actus duo dicit</Unicode>
                </TextEquiv>
            </TextLine>
            <TextLine id="r3l40" custom="readingOrder {index:19;}">
                <Coords points="1236,1145 2008,1139 2007,1102 1905,1095 1713,1115 1235,1102"/>
                <Baseline points="1241,1136 1279,1136 1317,1137 1355,1137 1393,1137 1431,1137 1469,1137 1507,1137 1545,1137 1583,1136 1622,1136 1660,1136 1698,1136 1736,1136 1774,1136 1812,1135 1850,1134 1888,1134 1926,1134 1964,1133 2003,1133"/>
                <TextEquiv>
                    <Unicode>scilicet dilectionem et delectationem quae realiter differunt</Unicode>
                </TextEquiv>
            </TextLine>
            <TextLine id="r3l42" custom="readingOrder {index:20;}">
                <Coords points="1243,1187 2014,1183 2014,1143 1987,1139 1243,1143"/>
                <Baseline points="1248,1181 1286,1181 1324,1179 1362,1179 1400,1179 1438,1179 1476,1179 1514,1179 1552,1178 1590,1178 1628,1178 1666,1178 1704,1178 1742,1178 1780,1178 1818,1178 1856,1178 1894,1176 1932,1176 1970,1175 2009,1175"/>
                <TextEquiv>
                    <Unicode>Hec et Scotorlis. Ad idem infra. e. § xvi. quomodo in</Unicode>
                </TextEquiv>
            </TextLine>
            <TextLine id="r3l44" custom="readingOrder {index:21;}">
                <Coords points="1249,1239 1277,1222 1348,1240 1590,1222 1879,1242 1892,1185 1249,1195"/>
                <Baseline points="1254,1221 1285,1221 1317,1220 1348,1220 1380,1220 1412,1220 1443,1220 1475,1220 1507,1220 1538,1220 1570,1221 1602,1221 1633,1221 1665,1220 1697,1220 1728,1220 1760,1220 1792,1220 1823,1220 1855,1220 1887,1218"/>
                <TextEquiv>
                    <Unicode>telligitur illud dictum Nil volitum nisi cognitum.</Unicode>
                </TextEquiv>
            </TextLine>
            <TextLine id="r3l46" custom="readingOrder {index:22;}">
                <Coords points="1247,1285 2003,1284 2011,1221 1727,1249 1429,1222 1246,1242"/>
                <Baseline points="1272,1281 1308,1280 1345,1280 1382,1278 1419,1278 1455,1278 1492,1278 1529,1278 1566,1278 1602,1278 1639,1278 1676,1278 1713,1278 1749,1278 1786,1278 1823,1277 1860,1277 1896,1276 1933,1275 1970,1274 2007,1272"/>
                <TextEquiv>
                    <Unicode>¶ De subiecto fruitionis et vsus</Unicode>
                </TextEquiv>
            </TextLine>
            <TextLine id="r3l48" custom="readingOrder {index:23;}">
                <Coords points="1237,1337 2005,1331 2005,1284 1237,1290"/>
                <Baseline points="1242,1323 1279,1323 1317,1323 1355,1323 1393,1323 1431,1323 1469,1323 1507,1323 1545,1323 1583,1323 1621,1323 1658,1323 1696,1322 1734,1322 1772,1322 1810,1322 1848,1320 1886,1320 1924,1320 1962,1319 2000,1319"/>
                <TextEquiv>
                    <Unicode>Queritur quibus competit frui vel vti: Ad hec No¬</Unicode>
                </TextEquiv>
            </TextLine>
            <TextLine id="r3l50" custom="readingOrder {index:24;}">
                <Coords points="1243,1378 2009,1372 2009,1330 1243,1337"/>
                <Baseline points="1248,1364 1285,1364 1323,1364 1361,1365 1399,1365 1437,1365 1474,1365 1512,1365 1550,1365 1588,1365 1626,1365 1663,1365 1701,1365 1739,1365 1777,1364 1815,1364 1852,1364 1890,1364 1928,1362 1966,1362 2004,1361"/>
                <TextEquiv>
                    <Unicode>ta secundum doctores scilicet Scotum Rich. Bonauen. con¬</Unicode>
                </TextEquiv>
            </TextLine>
            <TextLine id="r3l52" custom="readingOrder {index:25;}">
                <Coords points="1234,1420 1992,1420 2014,1417 2014,1374 1234,1377"/>
                <Baseline points="1239,1407 1277,1407 1316,1407 1354,1407 1393,1407 1431,1407 1470,1407 1508,1407 1547,1407 1585,1407 1624,1407 1662,1406 1701,1406 1739,1406 1778,1406 1816,1406 1855,1404 1893,1404 1932,1404 1970,1403 2009,1403"/>
                <TextEquiv>
                    <Unicode>corditer Tho. et Rayne. Aliosque quod frui et vti con¬</Unicode>
                </TextEquiv>
            </TextLine>
            <TextLine id="r3l54" custom="readingOrder {index:26;}">
                <Coords points="1233,1464 2014,1458 2014,1417 1937,1410 1233,1417"/>
                <Baseline points="1238,1451 1276,1449 1315,1449 1353,1449 1392,1449 1430,1448 1469,1448 1507,1448 1546,1448 1584,1448 1623,1448 1662,1448 1700,1448 1739,1448 1777,1448 1816,1448 1854,1448 1893,1446 1931,1446 1970,1446 2009,1445"/>
                <TextEquiv>
                    <Unicode>petit diuersis diuersimode. Primo brutis vel irra</Unicode>
                </TextEquiv>
            </TextLine>
            <TextLine id="r3l56" custom="readingOrder {index:27;}">
                <Coords points="1230,1501 2020,1500 2020,1457 1230,1465"/>
                <Baseline points="1235,1490 1274,1490 1313,1491 1352,1491 1391,1491 1430,1491 1469,1491 1508,1491 1547,1491 1586,1490 1625,1490 1664,1490 1703,1490 1742,1490 1781,1490 1820,1490 1859,1488 1898,1488 1937,1488 1976,1488 2015,1488"/>
                <TextEquiv>
                    <Unicode>tionalibus. Nam talia cum non habeant cognitionem</Unicode>
                </TextEquiv>
            </TextLine>
            <TextLine id="r3l58" custom="readingOrder {index:28;}">
                <Coords points="1236,1543 1982,1543 2015,1539 2015,1496 1236,1500"/>
                <Baseline points="1241,1532 1280,1532 1320,1532 1360,1532 1400,1532 1440,1532 1480,1532 1520,1532 1560,1532 1600,1532 1640,1532 1680,1532 1720,1532 1760,1532 1800,1532 1840,1530 1880,1530 1920,1530 1960,1529 2000,1529"/>
                <TextEquiv>
                    <Unicode>non dicuntur frui prorie nec vti prie. sed tantummodo</Unicode>
                </TextEquiv>
            </TextLine>
            <TextLine id="r3l60" custom="readingOrder {index:29;}">
                <Coords points="1236,1579 2021,1578 2021,1544 1964,1534 1236,1542"/>
                <Baseline points="1241,1574 1279,1574 1318,1574 1357,1574 1396,1574 1434,1574 1473,1574 1512,1574 1551,1574 1589,1574 1628,1574 1667,1574 1706,1572 1744,1572 1783,1572 1822,1572 1861,1572 1899,1572 1938,1572 1977,1572 2016,1572"/>
                <TextEquiv>
                    <Unicode>communiter et improprie Et patet ex predictis. supra § ii.</Unicode>
                </TextEquiv>
            </TextLine>
            <TextLine id="r3l62" custom="readingOrder {index:30;}">
                <Coords points="1242,1623 2009,1627 2009,1584 1937,1575 1242,1584"/>
                <Baseline points="1247,1616 1284,1616 1322,1616 1360,1614 1398,1614 1436,1614 1474,1614 1511,1614 1549,1614 1587,1614 1625,1614 1663,1614 1701,1614 1739,1614 1776,1614 1814,1614 1852,1614 1890,1613 1928,1613 1966,1613 2004,1611"/>
                <TextEquiv>
                    <Unicode>Etsi dicantur prata ridere hoc est metaphorice. Secundo</Unicode>
                </TextEquiv>
            </TextLine>
            <TextLine id="r3l64" custom="readingOrder {index:31;}">
                <Coords points="1233,1676 2012,1667 2012,1628 1987,1619 1233,1627"/>
                <Baseline points="1238,1659 1276,1659 1314,1658 1353,1658 1391,1658 1430,1658 1468,1658 1507,1656 1545,1656 1584,1656 1622,1656 1660,1656 1699,1656 1737,1656 1776,1655 1814,1655 1853,1655 1891,1655 1930,1655 1968,1655 2007,1656"/>
                <TextEquiv>
                    <Unicode>peccatoribus. qui licet vti habeant et frui in liber</Unicode>
                </TextEquiv>
            </TextLine>
            <TextLine id="r3l66" custom="readingOrder {index:32;}">
                <Coords points="1240,1706 2014,1711 2014,1666 1240,1673"/>
                <Baseline points="1245,1697 1283,1698 1321,1698 1359,1698 1397,1698 1436,1698 1474,1698 1512,1698 1550,1698 1588,1698 1627,1698 1665,1698 1703,1698 1741,1697 1779,1697 1818,1697 1856,1697 1894,1697 1932,1697 1970,1698 2009,1698"/>
                <TextEquiv>
                    <Unicode>tate arbitrii tamen quia abutuntur rebus dum ipsas</Unicode>
                </TextEquiv>
            </TextLine>
            <TextLine id="r3l68" custom="readingOrder {index:33;}">
                <Coords points="1230,1751 2014,1751 2014,1710 1982,1705 1230,1704"/>
                <Baseline points="1235,1740 1273,1740 1312,1740 1351,1740 1389,1740 1428,1740 1467,1740 1505,1740 1544,1740 1583,1740 1622,1740 1660,1740 1699,1740 1738,1739 1776,1739 1815,1739 1854,1739 1892,1739 1931,1739 1970,1740 2009,1740"/>
                <TextEquiv>
                    <Unicode>res non referunt ad finem debitum Ideo non dicuntur</Unicode>
                </TextEquiv>
            </TextLine>
            <TextLine id="r3l70" custom="readingOrder {index:34;}">
                <Coords points="1242,1792 2024,1788 2023,1747 1976,1745 1241,1755"/>
                <Baseline points="1247,1782 1285,1782 1324,1782 1362,1784 1401,1784 1440,1784 1478,1782 1517,1782 1555,1782 1594,1782 1633,1782 1671,1782 1710,1782 1748,1782 1787,1781 1826,1781 1864,1781 1903,1781 1941,1781 1980,1782 2019,1782"/>
                <TextEquiv>
                    <Unicode>vti sed abunti. Nam abuti est contra rationem vti secundum</Unicode>
                </TextEquiv>
            </TextLine>
            <TextLine id="r3l72" custom="readingOrder {index:35;}">
                <Coords points="1237,1833 1888,1841 2018,1830 2018,1792 1237,1797"/>
                <Baseline points="1242,1826 1280,1826 1319,1826 1357,1826 1396,1826 1434,1826 1473,1826 1511,1826 1550,1826 1588,1824 1627,1824 1666,1824 1704,1824 1743,1824 1781,1823 1820,1823 1858,1823 1897,1824 1935,1824 1974,1824 2013,1826"/>
                <TextEquiv>
                    <Unicode>Catholicon Denique peccatores inquantum peccatores</Unicode>
                </TextEquiv>
            </TextLine>
            <TextLine id="r3l74" custom="readingOrder {index:36;}">
                <Coords points="1239,1876 2015,1874 2014,1831 1238,1841"/>
                <Baseline points="1244,1865 1282,1866 1320,1867 1358,1868 1397,1868 1435,1868 1473,1868 1512,1868 1550,1868 1588,1868 1627,1867 1665,1866 1703,1866 1741,1866 1780,1865 1818,1865 1856,1865 1895,1865 1933,1865 1971,1866 2010,1866"/>
                <TextEquiv>
                    <Unicode>non fruuntur proprie licet intendant frui illo fine ad</Unicode>
                </TextEquiv>
            </TextLine>
            <TextLine id="r3l76" custom="readingOrder {index:37;}">
                <Coords points="1233,1925 1957,1924 2014,1913 2014,1873 1233,1880"/>
                <Baseline points="1238,1908 1276,1908 1315,1910 1353,1910 1392,1910 1430,1910 1469,1910 1507,1910 1546,1910 1584,1908 1623,1908 1662,1908 1700,1908 1739,1908 1777,1908 1816,1908 1854,1908 1893,1908 1931,1908 1970,1908 2009,1910"/>
                <TextEquiv>
                    <Unicode>quem omnia ordinant. Ratio huius est quia fruitio proprie</Unicode>
                </TextEquiv>
            </TextLine>
            <TextLine id="r3l78" custom="readingOrder {index:38;}">
                <Coords points="1240,1959 2015,1961 2015,1917 1240,1917"/>
                <Baseline points="1245,1949 1283,1949 1321,1950 1359,1950 1398,1950 1436,1952 1474,1952 1512,1950 1551,1950 1589,1950 1627,1950 1665,1950 1704,1950 1742,1949 1780,1949 1818,1949 1857,1949 1895,1950 1933,1950 1971,1950 2010,1952"/>
                <TextEquiv>
                    <Unicode>importat delectationem in fine vero. Sed quia pec¬</Unicode>
                </TextEquiv>
            </TextLine>
            <TextLine id="r3l80" custom="readingOrder {index:39;}">
                <Coords points="1236,2010 1985,2005 2018,2003 2018,1963 1236,1970"/>
                <Baseline points="1241,1992 1279,1992 1318,1992 1356,1992 1395,1992 1434,1992 1472,1992 1511,1992 1549,1992 1588,1991 1627,1991 1665,1991 1704,1991 1742,1991 1781,1991 1820,1991 1858,1992 1897,1992 1935,1992 1974,1992 2013,1992"/>
                <TextEquiv>
                    <Unicode>cator constituit finem suum vbi non est vere finis ra¬</Unicode>
                </TextEquiv>
            </TextLine>
            <TextLine id="r3l82" custom="readingOrder {index:40;}">
                <Coords points="1240,2049 1984,2048 2014,2046 2014,2002 1240,2008"/>
                <Baseline points="1245,2033 1283,2033 1321,2034 1359,2034 1397,2034 1436,2034 1474,2034 1512,2034 1550,2034 1588,2034 1627,2034 1665,2034 1703,2034 1741,2034 1779,2033 1818,2033 1856,2033 1894,2033 1932,2033 1970,2034 2009,2034"/>
                <TextEquiv>
                    <Unicode>tio puta in voluptate et huiusmodi. ergo non vere frui¬</Unicode>
                </TextEquiv>
            </TextLine>
            <TextLine id="r3l85" custom="readingOrder {index:41;}">
                <Coords points="1236,2088 1925,2093 2029,2082 2029,2047 1236,2054"/>
                <Baseline points="1241,2076 1280,2076 1319,2076 1358,2076 1397,2076 1436,2076 1475,2076 1515,2076 1554,2076 1593,2076 1632,2076 1671,2076 1710,2076 1749,2075 1789,2075 1828,2075 1867,2075 1906,2075 1945,2075 1984,2076 2024,2076"/>
                <TextEquiv>
                    <Unicode>tur. Tertio frui competit iustis viatoribus qui ve</Unicode>
                </TextEquiv>
            </TextLine>
            <TextLine id="r3l87" custom="readingOrder {index:42;}">
                <Coords points="1249,2127 2024,2132 2024,2090 2000,2083 1249,2084"/>
                <Baseline points="1254,2118 1292,2118 1330,2118 1368,2118 1407,2118 1445,2118 1483,2118 1521,2118 1560,2118 1598,2118 1636,2118 1674,2118 1713,2118 1751,2117 1789,2117 1827,2117 1866,2117 1904,2117 1942,2117 1980,2118 2019,2118"/>
                <TextEquiv>
                    <Unicode>re et proprie vtuntur rebus in finem debitum ordinan¬</Unicode>
                </TextEquiv>
            </TextLine>
            <TextLine id="r3l89" custom="readingOrder {index:43;}">
                <Coords points="1240,2169 2030,2168 2030,2129 2000,2126 1240,2128"/>
                <Baseline points="1245,2159 1284,2160 1323,2160 1362,2160 1401,2160 1440,2160 1479,2160 1518,2160 1557,2160 1596,2160 1635,2160 1674,2160 1713,2160 1752,2159 1791,2159 1830,2159 1869,2159 1908,2159 1947,2160 1986,2160 2025,2160"/>
                <TextEquiv>
                    <Unicode>do et etiam vere et proprie fruuntur non tamen perfecte</Unicode>
                </TextEquiv>
            </TextLine>
            <TextLine id="r3l91" custom="readingOrder {index:44;}">
                <Coords points="1239,2213 2024,2214 2024,2171 1990,2166 1239,2170"/>
                <Baseline points="1244,2201 1282,2201 1321,2202 1360,2202 1399,2202 1437,2202 1476,2202 1515,2202 1554,2202 1592,2201 1631,2201 1670,2201 1709,2201 1747,2201 1786,2201 1825,2201 1864,2201 1902,2201 1941,2201 1980,2202 2019,2202"/>
                <TextEquiv>
                    <Unicode>in re sed in spe tantummodo. Quarto beatis et cele¬</Unicode>
                </TextEquiv>
            </TextLine>
            <TextLine id="r3l93" custom="readingOrder {index:45;}">
                <Coords points="1242,2255 2018,2250 2012,2213 1242,2210"/>
                <Baseline points="1247,2243 1285,2243 1323,2243 1361,2243 1400,2243 1438,2243 1476,2243 1515,2243 1553,2243 1591,2243 1630,2243 1668,2243 1706,2243 1744,2243 1783,2243 1821,2243 1859,2243 1898,2242 1936,2241 1974,2241 2013,2241"/>
                <TextEquiv>
                    <Unicode>stibus qui fruuntur vere et proprie et perfecte in deo</Unicode>
                </TextEquiv>
            </TextLine>
            <TextLine id="r3l95" custom="readingOrder {index:46;}">
                <Coords points="1243,2297 2018,2301 2018,2260 1883,2247 1243,2255"/>
                <Baseline points="1248,2285 1286,2285 1324,2286 1362,2286 1401,2286 1439,2286 1477,2286 1515,2286 1554,2285 1592,2285 1630,2285 1668,2285 1707,2283 1745,2283 1783,2283 1821,2283 1860,2283 1898,2283 1936,2284 1974,2285 2013,2286"/>
                <TextEquiv>
                    <Unicode>etc.  ¶ Unde nota secundum Rich. nostrum vbi supra quod</Unicode>
                </TextEquiv>
            </TextLine>
            <TextLine id="r3l97" custom="readingOrder {index:47;}">
                <Coords points="1251,2336 2020,2336 2020,2301 1962,2293 1251,2294"/>
                <Baseline points="1256,2327 1295,2327 1335,2327 1375,2327 1415,2327 1455,2327 1495,2327 1535,2327 1575,2327 1615,2327 1655,2327 1695,2327 1735,2327 1775,2327 1815,2327 1855,2327 1895,2327 1935,2327 1975,2327 2015,2327"/>
                <TextEquiv>
                    <Unicode>frui dicitur secundum similitudinem suauis frcs in arbore qui vltimo</Unicode>
                </TextEquiv>
            </TextLine>
            <TextLine id="r3l99" custom="readingOrder {index:48;}">
                <Coords points="1245,2380 2025,2382 2034,2336 1245,2339"/>
                <Baseline points="1250,2369 1288,2369 1326,2369 1364,2369 1403,2369 1441,2369 1479,2369 1518,2369 1556,2369 1594,2369 1633,2369 1671,2369 1709,2369 1747,2369 1786,2369 1824,2369 1862,2369 1901,2369 1939,2369 1977,2370 2016,2370"/>
                <TextEquiv>
                    <Unicode>de arbore expectatur scilicet post flores et huiusmodi et cum suaui</Unicode>
                </TextEquiv>
            </TextLine>
            <TextLine id="r3l101" custom="readingOrder {index:49;}">
                <Coords points="1239,2424 2016,2427 2027,2383 1239,2387"/>
                <Baseline points="1244,2412 1282,2412 1321,2412 1360,2412 1399,2412 1438,2412 1477,2412 1516,2412 1555,2411 1594,2411 1633,2411 1671,2411 1710,2409 1749,2409 1788,2409 1827,2409 1866,2410 1905,2411 1944,2411 1983,2412 2022,2414"/>
                <TextEquiv>
                    <Unicode>tate percipitur ¶ Ita inquit frui est vltimus actus in fru¬</Unicode>
                </TextEquiv>
            </TextLine>
            <TextLine id="r3l103" custom="readingOrder {index:50;}">
                <Coords points="1248,2466 2018,2466 2030,2424 1248,2427"/>
                <Baseline points="1253,2454 1291,2454 1330,2454 1368,2454 1407,2454 1446,2454 1484,2454 1523,2453 1561,2453 1600,2453 1639,2452 1677,2451 1716,2451 1754,2451 1793,2451 1832,2451 1870,2451 1909,2453 1947,2453 1986,2454 2025,2456"/>
                <TextEquiv>
                    <Unicode>ente quo quiescit in re qua fruitur scilicet in deo. Quin¬</Unicode>
                </TextEquiv>
            </TextLine>
            <TextLine id="r3l104" custom="readingOrder {index:51;}">
                <Coords points="1246,2506 2000,2509 2026,2504 2026,2464 1246,2469"/>
                <Baseline points="1251,2495 1289,2495 1328,2496 1366,2496 1405,2496 1443,2496 1482,2496 1520,2495 1559,2495 1597,2495 1636,2495 1674,2495 1713,2493 1751,2493 1790,2493 1828,2493 1867,2493 1905,2495 1944,2495 1982,2495 2021,2496"/>
                <TextEquiv>
                    <Unicode>to frui competit deo et personis diuinis que infini</Unicode>
                </TextEquiv>
            </TextLine>
            <TextLine id="r3l106" custom="readingOrder {index:52;}">
                <Coords points="1242,2546 1288,2570 1310,2551 1791,2541 2029,2562 2029,2504 1242,2510"/>
                <Baseline points="1247,2540 1285,2538 1324,2538 1363,2537 1402,2537 1441,2537 1480,2535 1518,2535 1557,2535 1596,2535 1635,2535 1674,2535 1713,2535 1752,2535 1790,2535 1829,2535 1868,2535 1907,2537 1946,2537 1985,2538 2024,2538"/>
                <TextEquiv>
                    <Unicode>to perfectione seipsis fruuntur eterna beatitudine etc</Unicode>
                </TextEquiv>
            </TextLine>
            <TextLine id="r3l109" custom="readingOrder {index:53;}">
                <Coords points="1242,2611 2021,2608 2021,2560 1940,2541 1842,2563 1790,2542 1641,2563 1310,2551 1288,2570 1242,2546"/>
                <Baseline points="1247,2595 1285,2595 1323,2595 1362,2594 1400,2594 1439,2594 1477,2594 1516,2594 1554,2594 1593,2594 1631,2594 1669,2594 1708,2594 1746,2594 1785,2594 1823,2594 1862,2595 1900,2595 1939,2595 1977,2597 2016,2597"/>
                <TextEquiv>
                    <Unicode>¶ De obiecto fruibili seu fruitio</Unicode>
                </TextEquiv>
            </TextLine>
            <TextLine id="r3l111" custom="readingOrder {index:54;}">
                <Coords points="1240,2647 2015,2651 2015,2609 1240,2610"/>
                <Baseline points="1245,2639 1283,2639 1321,2640 1359,2640 1398,2640 1436,2640 1474,2640 1512,2640 1551,2640 1589,2640 1627,2639 1665,2639 1704,2639 1742,2639 1780,2639 1818,2639 1857,2639 1895,2639 1933,2639 1971,2640 2010,2640"/>
                <TextEquiv>
                    <Unicode>nis vel vsus queritur Utrum omni creato liceat vti et non</Unicode>
                </TextEquiv>
            </TextLine>
            <TextLine id="r3l113" custom="readingOrder {index:55;}">
                <Coords points="1233,2692 2033,2688 2033,2648 1233,2647"/>
                <Baseline points="1238,2681 1277,2681 1317,2682 1356,2682 1396,2682 1435,2682 1475,2682 1514,2682 1554,2682 1593,2681 1633,2681 1672,2681 1712,2681 1751,2681 1791,2681 1830,2681 1870,2681 1909,2681 1949,2682 1988,2682 2028,2682"/>
                <TextEquiv>
                    <Unicode>frui? Respondetur cum Magistro primo libro. di.</Unicode>
                </TextEquiv>
            </TextLine>
            <TextLine id="r3l115" custom="readingOrder {index:56;}">
                <Coords points="1233,2743 2035,2745 2015,2691 1233,2693"/>
                <Baseline points="1238,2727 1277,2727 1317,2727 1356,2727 1396,2727 1436,2727 1475,2726 1515,2726 1554,2726 1594,2726 1634,2726 1673,2726 1713,2726 1752,2726 1792,2726 1832,2726 1871,2727 1911,2727 1950,2727 1990,2727 2030,2727"/>
                <TextEquiv>
                    <Unicode>i. c. ii. dicente. Res quibus vtedum est mundus est</Unicode>
                </TextEquiv>
            </TextLine>
            <TextEquiv>
                <Unicode>onem consequentem actum intellectus. Sed tamen vt
Aug. dicit frui est amore inherere alicui Primo
de doctrina christiana. Amor autem primo pertinet
ad voluntatem ergo frui est actus voluntatis Con
cluditur ergo quod fruitio sit actus voluntatis  ¶ Ex
si obiicitur quia fruitio est quedam felicitas Sed feli¬
citas consistit in speculatione ex .x. Ethico. Et spe¬
culatio primo conuenit intellectui ergo etc. Respondetur secundum
eundem Scotorlis. quod negandum est quod felicitas consi
stat precise in speculatione. sed felicitas consistit in
speculatione tanquam in quodam preuio. licet ergo frui
tio praesupponit cognitionem quoniam nil volitum nisi co¬
cognitum. Et vt Aug dicit fruimur non nisi cognitis
bonis tamen fruitio non est in cognitione praecise Sed
hoc non obstante fruitio perfectissime spectat ad
actum voluntatis quoniam que sunt priora generatione
sunt posteriora perfectione et econuerso sicut ponit
philosophis. ix. metaph. de Embryone etc. Unde fruitio
est actus voluntatis primo qui actus duo dicit
scilicet dilectionem et delectationem quae realiter differunt
Hec et Scotorlis. Ad idem infra. e. § xvi. quomodo in
telligitur illud dictum Nil volitum nisi cognitum.
¶ De subiecto fruitionis et vsus
Queritur quibus competit frui vel vti: Ad hec No¬
ta secundum doctores scilicet Scotum Rich. Bonauen. con¬
corditer Tho. et Rayne. Aliosque quod frui et vti con¬
petit diuersis diuersimode. Primo brutis vel irra
tionalibus. Nam talia cum non habeant cognitionem
non dicuntur frui prorie nec vti prie. sed tantummodo
communiter et improprie Et patet ex predictis. supra § ii.
Etsi dicantur prata ridere hoc est metaphorice. Secundo
peccatoribus. qui licet vti habeant et frui in liber
tate arbitrii tamen quia abutuntur rebus dum ipsas
res non referunt ad finem debitum Ideo non dicuntur
vti sed abunti. Nam abuti est contra rationem vti secundum
Catholicon Denique peccatores inquantum peccatores
non fruuntur proprie licet intendant frui illo fine ad
quem omnia ordinant. Ratio huius est quia fruitio proprie
importat delectationem in fine vero. Sed quia pec¬
cator constituit finem suum vbi non est vere finis ra¬
tio puta in voluptate et huiusmodi. ergo non vere frui¬
tur. Tertio frui competit iustis viatoribus qui ve
re et proprie vtuntur rebus in finem debitum ordinan¬
do et etiam vere et proprie fruuntur non tamen perfecte
in re sed in spe tantummodo. Quarto beatis et cele¬
stibus qui fruuntur vere et proprie et perfecte in deo
etc.  ¶ Unde nota secundum Rich. nostrum vbi supra quod
frui dicitur secundum similitudinem suauis frcs in arbore qui vltimo
de arbore expectatur scilicet post flores et huiusmodi et cum suaui
tate percipitur ¶ Ita inquit frui est vltimus actus in fru¬
ente quo quiescit in re qua fruitur scilicet in deo. Quin¬
to frui competit deo et personis diuinis que infini
to perfectione seipsis fruuntur eterna beatitudine etc
¶ De obiecto fruibili seu fruitio
nis vel vsus queritur Utrum omni creato liceat vti et non
frui? Respondetur cum Magistro primo libro. di.
i. c. ii. dicente. Res quibus vtedum est mundus est</Unicode>
            </TextEquiv>
        </TextRegion>
    </Page>
</PcGts>
