1808 2500
199 259 125 52 perfectam
296 259 77 52 fuit
344 259 68 52 est
383 259 77 52 suum
431 259 77 52 opus
479 259 77 52 opus
527 259 164 52 necessitatis.
662 259 77 52 quia
701 259 106 52 tenebatur

195 298 122 39 taluti
280 298 159 39 corporali
403 298 135 39 proprie
501 298 159 39 preponere
623 298 135 39 salutem
709 298 98 39 totius

192 330 106 30 mundi
263 330 94 30 quem
322 330 118 30 sciuit
405 330 130 30 saluari
499 330 71 30 no
535 330 106 30 posse
605 330 94 30 nisi
664 330 94 30 ipse
712 330 94 30 merere

191 357 85 30 tur
239 357 145 30 probatur
348 357 97 30 tunc
408 357 97 30 deus
469 357 121 30 multum
553 357 157 30 nocuisset
662 357 133 30 hominibus

195 386 106 34 dando
266 386 141 34 precepta
371 386 94 34 quia
430 386 152 34 stantibus
547 386 152 34 preceptis
664 386 106 34 multa
723 386 82 34 botna

194 411 109 34 opera
267 411 97 34 sunt
327 411 194 34 necessitatis
484 411 85 34 que
533 411 109 34 alias
605 411 121 34 essent
678 411 121 34 superero

194 440 142 36 gationis
301 440 165 36 consequens
431 440 83 36 est
478 440 118 36 contra
561 440 130 36 sanctos
655 440 118 36 igitur
726 440 71 36 etc.

205 470 66 30 â‹
231 470 79 30 Ad
270 470 184 30 argumentum
415 470 170 30 procedens
546 470 79 30 oe
585 470 170 30 pronitate
703 470 105 30 punien

194 501 61 31 di
224 501 132 31 Respondet
326 501 81 31 idem
377 501 122 31 magister
469 501 81 31 quod
520 501 71 31 per
561 501 102 31 primum
632 501 122 31 peccatum
713 501 92 31 meretur

200 524 78 38 quis
249 524 97 38 tantam
317 524 88 38 penam
375 524 146 38 essentialem
492 524 88 38 sicut
551 524 68 38 per
590 524 88 38 omnia
648 524 78 38 alia
687 524 107 38 sequantia

193 558 160 29 veruntamen
318 558 137 29 pluribus
421 558 103 29 modis
490 558 69 29 et
524 558 137 29 pluribus
616 558 183 29 obligationibus

195 584 123 32 obligat
284 584 67 32 se
318 584 101 32 talis
385 584 78 32 per
429 584 101 32 opera
496 584 145 32 sequentia
608 584 123 32 similia
697 584 67 32 ad
720 584 78 32 illam

187 610 115 39 penam.
268 610 115 39 Contra
349 610 81 39 hoc
395 610 104 39 esset
464 610 92 39 dare
522 610 138 39 audatiam
625 610 92 39 illi
683 610 81 39 qui
717 610 81 39 forni

194 638 105 32 catus
264 638 82 32 est
311 638 105 32 semel
381 638 117 32 iterum
463 638 163 32 fornicandi
591 638 70 32 et
626 638 82 32 qui
673 638 105 32 semel
731 638 70 32 occi

185 669 79 31 dit
230 669 112 31 iterum
308 669 157 31 occidendi.
432 669 90 31 Item
488 669 90 31 hanc
544 669 180 31 conclusionem
691 669 101 31 vitat
747 669 56 31 do-

185 698 99 29 ctor
246 698 99 29 iste
308 698 99 29 quem
370 698 148 29 sequitur
481 698 74 29 de
517 698 185 29 multitudine
665 698 111 29 bonor
727 698 74 29 ope-

185 723 71 33 rum
226 723 102 33 omnino
297 723 153 33 consimilium
419 723 92 33 sicut
480 723 92 33 patet
541 723 92 33 capi.
602 723 81 33 104.
653 723 112 33 tertiui
725 723 71 33 libri

185 754 89 31 sui.
240 754 89 31 Item
296 754 78 31 pro
340 754 122 31 peccato
429 754 122 31 veniali
518 754 89 31 post
574 754 122 31 mortale
663 754 122 31 aliquis
740 754 56 31 pu-

180 782 118 31 nietur
263 782 118 31 igitur
346 782 71 31 si
381 782 83 31 non
428 782 83 31 pro
475 782 130 31 mortali
570 782 118 31 simili
653 782 94 31 tunc
712 782 94 31 plus
759 782 47 31 pu

182 810 110 30 niret
255 810 98 30 deus
316 810 85 30 pro
365 810 134 30 veniali
462 810 146 30 sequenti
572 810 98 30 quam
633 810 85 30 pro
670 810 122 30 mortali.

202 839 93 33 Sexto
264 839 177 33 principaliter
409 839 93 33 probo
472 839 83 33 quod
524 839 62 33 in
555 839 114 33 viatore
638 839 114 33 communi
711 839 93 33 habente

180 871 163 27 charitatem
308 871 139 27 continue
413 871 128 27 crescat
506 871 139 27 charitas
610 871 81 27 per
645 871 151 27 continuatio

184 893 82 34 nem
231 893 70 34 et
266 893 175 34 iterationem
406 893 175 34 successiuam
546 893 117 34 operum
628 893 140 34 equalium
721 893 82 34 etiam

192 926 203 32 quantuncunque
359 926 96 32 vita
419 926 96 32 eius
479 926 203 32 protenderetur
647 926 96 32 quia
694 926 108 32 aliquis

178 948 166 34 baptisatus
309 948 83 34 cum
356 948 107 34 primo
428 948 119 34 explet
511 948 154 34 preceptum
630 948 83 34 dei
677 948 71 34 ex
701 948 95 34 libero

190 981 160 31 irbitrio
310 981 80 31 et
350 981 133 31 gratia
443 981 187 31 baptismali
590 981 173 31 mereretur
710 981 93 31 nouum

185 1003 125 39 premium
275 1003 113 39 igitur
355 1003 125 39 crescit
445 1003 136 39 charitas
548 1003 91 39 quia
604 1003 147 39 crementum
706 1003 91 39 gratie

185 1039 124 33 semper
272 1039 124 33 currit
358 1039 248 33 proportionaliter
570 1039 75 33 ad
607 1039 161 33 crementum
719 1039 75 33 pre-

185 1062 83 38 mil
233 1062 119 38 igitur
316 1062 72 38 si
352 1062 95 38 post
412 1062 83 38 hoc
459 1062 95 38 opus
519 1062 119 38 equale
602 1062 131 38 fecerit
698 1062 83 38 hoc
733 1062 72 38 erit

192 1093 114 30 melius
272 1093 251 30 circunstantionatum
489 1093 91 30 quia
546 1093 137 30 procedet
649 1093 57 30 a
671 1093 114 30 maiori
740 1093 57 30 gra

189 1118 83 35 tia
237 1118 83 35 que
284 1118 83 35 est
332 1118 107 35 radix
403 1118 119 35 meriti
486 1118 119 35 igitur
569 1118 107 35 etiam
641 1118 95 35 tale
700 1118 95 35 opus
747 1118 48 35 fa

184 1147 88 33 cit
235 1147 101 33 plus
298 1147 76 33 ad
335 1147 164 33 augmentum
461 1147 126 33 gratie
549 1147 101 33 quam
612 1147 138 33 premium
700 1147 101 33 igitur

188 1175 102 35 facto
256 1175 114 35 secudo
335 1175 102 35 opere
403 1175 91 35 tali
460 1175 125 35 crescit
551 1175 80 35 sua
597 1175 114 35 gratia
676 1175 68 35 et
710 1175 80 35 est
744 1175 57 35 ma-

191 1210 72 29 or
227 1210 96 29 quam
287 1210 96 29 erat
347 1210 120 29 gratia
431 1210 60 29 a
455 1210 84 29 qua
503 1210 156 29 processit
622 1210 108 29 illud
694 1210 96 29 opus
742 1210 60 29 se-

184 1236 118 30 cundum
267 1236 118 30 igitur
349 1236 94 30 pari
408 1236 130 30 ratione
503 1236 130 30 tertium
597 1236 94 30 opus
656 1236 94 30 eque
704 1236 94 30 inten-

181 1261 74 33 sum
224 1261 105 33 factum
297 1261 84 33 post
350 1261 137 33 augmentum
456 1261 95 33 grate
519 1261 84 33 erit
572 1261 105 33 melius
645 1261 84 33 quam
688 1261 105 33 secundum

188 1292 57 32 et
216 1292 66 32 sic
254 1292 57 32 in
282 1292 133 32 infinitum.
387 1292 47 32 â‹
405 1292 85 32 Forte
462 1292 123 32 diceretur
557 1292 76 32 quod
604 1292 95 32 cetera
671 1292 66 32 hec
709 1292 66 32 non
737 1292 57 32 sunt

187 1318 103 36 paria
255 1318 80 36 non
301 1318 91 36 enim
358 1318 80 36 est
404 1318 126 36 equalis
495 1318 126 36 conatus
586 1318 91 36 quia
644 1318 69 36 si
666 1318 126 36 equaliter

185 1352 157 28 conaretur
305 1352 96 28 post
366 1352 157 28 augmentum
486 1352 108 28 prime
558 1352 120 28 gratie
642 1352 108 28 sicut
703 1352 96 28 praius

177 1375 131 31 haberet
272 1375 107 31 actum
343 1375 190 31 intensionem.
498 1375 71 31 Si
534 1375 83 31 sic
581 1375 131 31 dicatur
676 1375 107 31 habeo
736 1375 59 31 pro

181 1404 119 33 positum
268 1404 87 33 quod
322 1404 65 33 8.
354 1404 65 33 si
387 1404 97 33 talis
452 1404 162 33 conseruetur
581 1404 65 33 in
614 1404 87 33 esse
657 1404 130 33 miraculose

179 1432 75 32 in
216 1432 112 32 statu
291 1432 137 32 merendi
390 1432 87 32 non
440 1432 112 32 esset
515 1432 100 32 dare
577 1432 124 32 summum
664 1432 124 32 gratie
751 1432 75 32 ad

180 1458 96 39 quam
240 1458 121 39 posset
325 1458 169 39 pertingere
457 1458 96 39 quia
518 1458 133 39 apponat
614 1458 121 39 tantum
686 1458 109 39 conatum

176 1484 58 37 in
205 1484 107 37 secundo
283 1484 87 37 sicut
341 1484 58 37 in
370 1484 87 37 primo
428 1484 58 37 et
457 1484 58 37 in
487 1484 97 37 tertio
554 1484 87 37 sicut
613 1484 58 37 in
642 1484 107 37 secundo
719 1484 58 37 et
739 1484 48 37 est

181 1517 99 29 tunc
243 1517 124 29 semper
330 1517 112 29 actus
404 1517 137 29 sequens
503 1517 99 29 erit
566 1517 124 29 melior
640 1517 149 29 precedenti

179 1545 75 32 et
217 1545 88 32 per
267 1545 176 32 consequens
406 1545 176 32 meritorius
544 1545 151 32 melioris
657 1545 126 32 gratie
732 1545 63 32 vel

179 1572 126 35 dabitur
270 1572 103 35 summa
339 1572 115 35 gratia
420 1572 69 35 ad
454 1572 92 35 quam
511 1572 103 35 purus
580 1572 115 35 viator
661 1572 115 35 posset
730 1572 57 35 per

179 1600 135 32 tingere
277 1600 98 32 quod
338 1600 86 32 est
387 1600 122 32 contra
473 1600 147 32 decretam
583 1600 61 32 7
607 1600 135 32 positam
693 1600 98 32 contra

179 1632 138 31 heresim
279 1632 188 31 beghardorum
429 1632 150 31 probatur
541 1632 75 31 si
579 1632 100 31 quid
641 1632 138 31 moueret
729 1632 63 31 pro

179 1653 90 35 istis
239 1653 101 35 sociis
310 1653 70 35 hoc
350 1653 131 35 potissime
450 1653 90 35 foret
511 1653 80 35 quod
561 1653 121 35 Christus
651 1653 60 35 in
671 1653 111 35 principio

172 1685 84 33 sue
220 1685 193 33 conceptionis
377 1685 121 33 meruit
461 1685 133 33 quantum
558 1685 121 33 vnquam
642 1685 96 33 sibi
691 1685 96 33 mereri

179 1714 86 34 post
233 1714 107 34 potuit
308 1714 75 34 hoc
351 1714 96 34 autem
415 1714 75 34 non
458 1714 118 34 videtur
544 1714 86 34 nisi
597 1714 86 34 quia
651 1714 107 34 habuit
715 1714 75 34 actus

175 1742 125 32 volendi
266 1742 80 32 ita
311 1742 91 32 bene
368 1742 250 32 circunstantionatos
584 1742 102 32 sicut
652 1742 114 32 vnquam
720 1742 68 32 post

170 1770 84 34 Sed
218 1770 108 34 istud
290 1770 84 34 non
339 1770 108 34 debet
411 1770 120 34 mouere
495 1770 96 34 quia
555 1770 84 34 hoc
603 1770 120 34 potuit
688 1770 96 34 esse
736 1770 48 34 ex

177 1803 91 30 aliis
238 1803 101 30 causis
308 1803 61 30 vt
339 1803 81 30 pote
389 1803 71 30 vel
430 1803 81 30 quia
480 1803 61 30 vt
511 1803 111 30 videtur
592 1803 132 30 quibusdam
693 1803 61 30 in
713 1803 71 30 primo

181 1827 134 35 Instanti
281 1827 122 35 recepit
370 1827 122 35 gratiam
459 1827 67 35 et
493 1827 178 35 beatitudinem
637 1827 78 35 non
682 1827 100 35 solum
737 1827 45 35 se

182 1854 117 36 cundum
264 1854 128 36 valorem
357 1854 117 36 meriti
439 1854 82 36 sui
486 1854 82 36 pro
532 1854 93 36 tunc
591 1854 117 36 habiti
672 1854 82 36 sed
707 1854 82 36 etiam

176 1881 115 38 habendi
259 1881 115 38 omnibus
342 1881 104 38 diebus
415 1881 83 38 vite
467 1881 73 38 sue
509 1881 94 38 sicut
572 1881 125 38 magister
665 1881 73 38 li.
697 1881 83 38 secun-

175 1913 69 31 do
210 1913 185 31 distinctione
361 1913 116 31 quinta
442 1913 69 31 in
476 1913 104 31 finem
546 1913 104 31 dicit
615 1913 69 31 de
650 1913 116 31 merito
720 1913 69 31 ange

180 1940 91 33 orum
237 1940 68 33 et
271 1940 125 33 reputat
362 1940 148 33 opinionem
476 1940 137 33 meliorem
578 1940 80 33 que
624 1940 102 33 ponit
692 1940 91 33 quod
737 1940 46 33 an

172 1971 92 32 geli
230 1971 69 32 in
265 1971 150 32 principio
380 1971 162 32 acceperunt
507 1971 127 32 premium
599 1971 92 32 quod
657 1971 115 32 postea
726 1971 58 32 me-

175 2002 138 31 rerentur
278 2002 80 31 per
324 2002 138 31 obsequia
427 2002 103 31 nobis
496 2002 138 31 cohibita
600 2002 69 31 et
634 2002 92 31 etc.
692 2002 69 31 et
715 2002 57 31 ita

179 2026 132 33 premium
275 2026 156 33 precessit
395 2026 144 33 meritum.
502 2026 96 33 Alia
562 2026 108 33 ratio
634 2026 120 33 potuit
706 2026 72 33 esse

179 2054 90 35 quod
235 2054 112 35 nullus
313 2054 179 35 comprehensor
459 2054 101 35 manet
526 2054 67 35 in
560 2054 101 35 statu
627 2054 134 35 inerendi
717 2054 67 35 sibi

183 2083 71 35 pro
223 2083 81 35 tota
274 2083 81 35 vita
325 2083 71 35 sua
365 2083 121 35 Christus
456 2083 91 35 autem
517 2083 61 35 in
547 2083 91 35 primo
608 2083 121 35 Instanti
689 2083 91 35 compre-

167 2107 156 50 hensionis
287 2107 96 50 fuit
347 2107 144 50 perfecte
455 2107 192 50 comprehensor
612 2107 72 50 et
648 2107 120 50 habuit
720 2107 60 50 for

819 256 72 55 te
855 256 108 55 simul
927 256 72 55 in
963 256 144 55 instanti
1071 256 192 55 conceptionis
1227 256 84 55 sue
1263 256 168 55 beatitudinem

819 305 72 30 et
855 305 120 30 meruit
939 305 84 30 eam
987 305 108 30 licet
1059 305 108 30 prius
1131 305 132 30 origine
1226 305 156 30 mereretur
1346 305 84 30 eam
1382 305 48 30 ha

818 329 85 35 bere
872 329 85 35 quam
925 329 117 35 haberet
1010 329 106 35 igitur
1084 329 128 35 Christus
1180 329 53 35 a
1201 329 138 35 principio
1307 329 85 35 fuit
1350 329 74 35 extra

820 358 122 33 statum
905 358 146 33 viatoris
1015 358 85 33 quo
1063 358 73 33 ad
1100 358 134 33 meritum
1198 358 146 33 proprium
1295 358 134 33 personale

826 385 71 35 sic
866 385 71 35 non
907 385 71 35 est
948 385 61 35 de
978 385 91 35 aliis
1039 385 142 35 viatoribus
1151 385 61 35 et
1181 385 71 35 per
1222 385 91 35 illud
1283 385 122 35 soluitur
1364 385 61 35 vtri

821 419 102 33 usque
888 419 135 33 soctorum
990 419 113 33 primor
1069 419 158 33 argumentum
1193 419 68 33 de
1227 419 124 33 Christo
1317 419 113 33 contra
1385 419 45 33 me

832 442 55 36 â‹
854 442 110 36 Contra
931 442 99 36 tamen
997 442 88 36 ista
1052 442 110 36 posset
1129 442 99 36 argui
1194 442 99 36 primo
1260 442 77 36 pro
1304 442 99 36 socio
1359 442 66 36 quar

815 473 63 36 to
847 473 74 36 sic
889 473 106 36 nullum
963 473 84 36 opus
1016 473 169 36 necessitatis
1153 473 74 36 est
1196 473 84 36 opus
1248 473 106 36 dignum
1312 473 116 36 generalia

820 498 145 34 speciali
929 498 85 34 vel
977 498 145 34 augmento
1086 498 121 34 gratie
1171 498 121 34 igitur
1256 498 109 34 solum
1328 498 97 34 opus
1377 498 48 34 sa

826 530 184 32 pererogationis
979 530 61 32 et
1010 530 164 32 strenuitatis
1143 530 143 32 antecedens
1256 530 92 32 patet
1317 530 72 32 per
1358 530 92 32 illud

814 560 154 29 Apostoli.
933 560 107 29 prime
1004 560 71 29 ad
1040 560 130 29 chomitr
1134 560 71 29 9.
1170 560 71 29 Si
1206 560 166 29 euangelizo
1336 560 83 29 non
1372 560 59 29 est

819 587 100 31 mihi
881 587 125 31 gloria
969 587 175 31 necessitas
1106 587 100 31 enim
1169 587 100 31 mihi
1231 587 150 31 incumbit
1331 587 100 31 supple

818 614 96 37 quia
878 614 157 37 preceptum
999 614 84 37 est
1047 614 96 37 mihi
1107 614 193 37 euangelizare
1264 614 72 37 et
1300 614 133 37 subdit.
1385 614 48 37 Si

819 644 95 30 enim
879 644 83 30 non
926 644 166 30 euangelizo
1057 644 71 30 ve
1092 644 95 30 mihi
1152 644 83 30 est
1199 644 131 30 siantem
1294 644 119 30 volens
1366 644 59 30 hoc

823 672 84 27 igo
871 672 144 27 mercedem
979 672 108 27 capio
1051 672 180 27 Confirmatur
1196 672 96 27 quia
1256 672 132 27 ratione
1340 672 84 27 huius

814 698 173 37 superaddit
949 698 161 37 Apstolus.
1073 698 99 37 opus
1135 698 247 37 supererogationis
1345 698 86 37 non
1382 698 49 37 ac

817 727 145 33 cipiendo
926 727 133 33 sumptus
1023 727 73 33 ab
1059 727 85 33 his
1108 727 121 33 quibus
1193 727 206 33 euangelizabat
1350 727 85 33 vnden

823 757 61 38 et
853 757 102 38 ibidem
925 757 92 38 dicit
986 757 92 38 bonum
1047 757 71 38 est
1088 757 82 38 mihi
1139 757 133 38 magismori
1241 757 82 38 quam
1292 757 61 38 vt
1312 757 133 38 generaliam.

810 780 95 39 meam
870 780 95 39 quis
929 780 143 39 euacuet.
1036 780 83 39 Nam
1083 780 71 39 et
1119 780 71 39 si
1155 780 214 39 euangelizauero
1333 780 83 39 non
1369 780 59 39 est

817 814 88 36 mihi
872 814 110 36 gloria
949 814 88 36 etc.
1003 814 66 36 vt
1036 814 110 36 prius.
1113 814 88 36 Item
1168 814 132 36 charitas
1267 814 132 36 secundum
1354 814 77 36 augu-

820 839 120 40 stinum
904 839 132 40 meretur
999 839 120 40 augeri
1083 839 72 40 vt
1119 839 108 40 aucta
1191 839 144 40 mereatur
1298 839 132 40 perfici
1382 839 48 40 et

821 869 141 36 recitatur
930 869 76 36 li.
973 869 130 36 secundo.
1071 869 76 36 di.
1114 869 65 36 26
1147 869 76 36 aut
1190 869 109 36 igitur
1266 869 152 36 mediatibus
1375 869 54 36 ope

818 898 101 34 ribus
885 898 168 34 preceptorum
1020 898 67 34 ex
1053 898 146 34 charitate
1165 898 179 34 procedentium
1311 898 78 34 vel
1345 898 78 34 super

818 925 190 32 erogationis
970 925 89 32 non
1021 925 127 32 primum
1110 925 101 32 quia
1173 925 89 32 vel
1224 925 76 32 ex
1262 925 152 32 quolibet
1364 925 63 32 vel

818 954 74 35 ex
855 954 110 35 nullo
928 954 123 35 primum
1014 954 86 35 non
1063 954 110 35 sicut
1137 954 123 35 arguit
1222 954 98 35 iste
1284 954 123 35 doctor
1357 954 74 35 anti

824 985 87 35 quus
879 985 98 35 cuius
944 985 87 35 iste
999 985 98 35 tenet
1064 985 175 35 conclusionem
1206 985 76 35 li.
1250 985 109 35 tertio
1327 985 87 35 cap.
1370 985 55 35 tot

824 1013 91 34 quia
880 1013 91 34 tunc
937 1013 68 34 ex
971 1013 114 34 multis
1051 1013 80 34 his
1096 1013 136 34 operibus
1198 1013 114 34 multum
1278 1013 125 34 augetur
1369 1013 91 34 quod

819 1042 108 34 ralsum
895 1042 75 34 est
938 1042 108 34 quando
1013 1042 65 34 si
1045 1042 75 34 hoc
1088 1042 97 34 esset
1153 1042 129 34 exterius
1249 1042 151 34 apparenter
1357 1042 75 34 signa

824 1069 95 30 quia
883 1069 107 30 sicut
955 1069 107 30 ignis
1026 1069 83 30 non
1073 1069 119 30 posset
1156 1069 166 30 abscondere
1287 1069 71 30 se
1322 1069 83 30 ita
1370 1069 83 30 non

822 1098 111 36 posset
900 1098 134 36 abscondi
1000 1098 145 36 charitas.
1111 1098 67 36 Et
1145 1098 67 36 si
1178 1098 100 36 dicis
1245 1098 111 36 contra
1323 1098 78 36 eum
1367 1098 89 36 quod

816 1124 113 28 idem
887 1124 99 28 est
943 1124 198 28 argumentum
1099 1124 85 28 de
1141 1124 170 28 operibus
1254 1124 170 28 upereroga-

814 1153 121 32 tionis
899 1153 194 32 frequentatis
1057 1153 73 32 et
1093 1153 109 32 tamen
1166 1153 194 32 consequentia
1312 1153 109 32 videtur

819 1180 78 34 ibi
864 1180 145 34 defficere
975 1180 67 34 in
1009 1180 156 34 religiosis
1132 1180 212 34 frequentamtibus
1310 1180 67 34 ex
1333 1180 89 34 gratia

817 1208 99 39 opera
883 1208 231 39 supererogationis.
1081 1208 132 39 Concedit
1181 1208 110 39 doctor
1258 1208 88 39 iste
1313 1208 88 39 quod
1368 1208 77 39 per

820 1236 97 39 illa
881 1236 109 39 opera
953 1236 134 39 augetur
1051 1236 73 39 in
1087 1236 85 39 eis
1136 1236 146 39 charitas
1245 1236 73 39 si
1281 1236 85 39 eis
1318 1236 109 39 expedit

811 1263 82 41 sed
858 1263 82 41 non
905 1263 118 41 semper
988 1263 130 41 expedit
1082 1263 94 41 quod
1141 1263 106 41 forte
1212 1263 94 41 inde
1271 1263 71 41 su
1294 1263 130 41 perbirent

812 1294 70 37 Sed
852 1294 70 37 hec
892 1294 129 37 responsio
991 1294 70 37 non
1031 1294 70 37 est
1071 1294 90 37 clara
1130 1294 80 37 quia
1180 1294 100 37 vtique
1250 1294 109 37 expedit
1329 1294 70 37 eis
1359 1294 60 37 quod

819 1323 129 31 crescat
913 1323 129 31 premium
1007 1323 82 31 per
1054 1323 94 31 illa
1113 1323 70 31 et
1148 1323 94 31 stat
1207 1323 106 31 ratio
1277 1323 82 31 mea
1313 1323 117 31 principa

815 1348 92 33 lis.
872 1348 114 33 Tertio
952 1348 195 33 principaliter
1112 1348 137 33 arguitur
1215 1348 126 33 contras
1307 1348 103 33 ocium
1364 1348 57 33 se-

817 1378 108 31 cundum
893 1378 97 31 primo
957 1378 75 31 sic
1000 1378 65 31 ex
1033 1378 86 31 sola
1086 1378 172 31 circustantia
1226 1378 129 31 temponis
1323 1378 75 31 non
1355 1378 65 31 auge

821 1406 80 36 tur
866 1406 126 36 meritum
958 1406 172 36 dilectionis
1095 1406 114 36 igitur
1175 1406 80 36 nec
1221 1406 160 36 iteratione
1335 1406 92 36 actuum

821 1434 131 39 penitus
916 1434 143 39 equalium
1024 1434 131 39 ceteris
1119 1434 131 39 paribus
1214 1434 203 39 consequientia
1369 1434 60 39 pa-

809 1462 83 35 tet
857 1462 95 35 quia
916 1462 83 35 non
964 1462 107 35 nimus
1035 1462 131 35 meretur
1130 1462 95 35 iste
1189 1462 83 35 qui
1237 1462 131 35 ceteris
1320 1462 107 35 paribus

818 1492 169 35 continuaret
953 1492 101 35 actum
1020 1492 169 35 dilectionis
1156 1492 79 35 per
1201 1492 90 35 tres
1257 1492 90 35 dies
1313 1492 90 35 quam
1358 1492 68 35 ille

815 1521 73 36 qui
856 1521 177 36 interrumperet
1002 1521 94 36 actum
1064 1521 135 36 huiusmodi
1168 1521 73 36 per
1210 1521 94 36 totum
1272 1521 125 36 secundum
1356 1521 62 36 diem

818 1551 65 32 et
851 1551 140 32 resumeret
958 1551 97 32 illum
1023 1551 75 32 vel
1066 1551 118 32 similem
1152 1551 108 32 tertia
1227 1551 75 32 die
1270 1551 108 32 igitur
1346 1551 65 32 si
1367 1551 54 32 pri

820 1574 77 39 nus
864 1574 66 39 ex
897 1574 88 39 sola
952 1574 197 39 circunstantiva
1116 1574 99 39 trium
1182 1574 110 39 dierum
1259 1574 77 39 non
1302 1574 99 39 auget
1357 1574 66 39 sibi

811 1604 125 35 meritum
902 1604 170 35 dilectionis
1038 1604 80 35 nec
1083 1604 136 35 secundus
1185 1604 148 35 repetendo
1299 1604 102 35 actum
1356 1604 68 35 simi

812 1632 68 39 lem
851 1632 136 39 antecedens
958 1632 117 39 probauit
1045 1632 78 39 quia
1094 1632 58 39 si
1123 1632 68 39 sic
1162 1632 78 39 tunc
1210 1632 107 39 omnibus
1288 1632 87 39 aliis
1337 1632 87 39 paribus

809 1663 195 36 existentibus
967 1663 109 36 esset
1040 1663 109 36 magis
1113 1663 170 36 meritorium
1247 1663 146 36 diligere
1344 1663 73 36 deum

812 1689 77 36 per
856 1689 88 36 duos
911 1689 88 36 dies
967 1689 88 36 quam
1022 1689 77 36 per
1066 1689 88 36 vnum
1122 1689 66 36 et
1155 1689 77 36 per
1199 1689 88 36 tres
1254 1689 100 36 magis
1321 1689 88 36 quam
1365 1689 55 36 per

814 1721 94 35 duos
873 1721 71 35 et
909 1721 83 35 sic
956 1721 71 35 in
991 1721 153 35 infinitum
1109 1721 118 35 igitur
1192 1721 106 35 velle
1263 1721 142 35 diligere
1357 1721 71 35 deum

811 1745 81 40 per
858 1745 92 40 duos
915 1745 92 40 dies
973 1745 81 40 est
1019 1745 104 40 magis
1088 1745 161 40 meritorium
1215 1745 92 40 quam
1272 1745 104 40 velle
1330 1745 92 40 dilige

809 1775 66 36 re
842 1775 88 36 deum
897 1775 77 36 per
941 1775 88 36 vnum
996 1775 66 36 et
1029 1775 77 36 sic
1073 1775 176 36 consequenter
1216 1775 110 36 igitur
1293 1775 66 36 si
1315 1775 99 36 aliquis

811 1806 107 35 velit
883 1806 143 35 diligere
990 1806 96 35 deum
1050 1806 84 35 per
1098 1806 119 35 tempus
1181 1806 155 35 infinitum
1301 1806 96 35 suum
1348 1806 72 35 meri

807 1830 82 38 tum
854 1830 93 38 erit
912 1830 164 38 infinitum.
1041 1830 70 38 Si
1076 1830 105 38 dicis
1146 1830 105 38 sicut
1216 1830 164 38 communiter
1333 1830 82 38 solet

810 1859 94 37 dici
869 1859 94 37 quod
928 1859 82 37 cum
974 1859 94 37 quis
1033 1859 94 37 vult
1092 1859 141 37 diligere
1197 1859 94 37 deum
1256 1859 82 37 per
1303 1859 94 37 vnum
1350 1859 70 37 diem

807 1890 159 38 distinctius
935 1890 138 38 cognoscit
1041 1890 64 38 et
1073 1890 96 38 ferti
1137 1890 191 38 intellectionem
1296 1890 85 38 suam
1339 1890 74 38 super

801 1916 100 42 vnum
864 1916 88 42 die
914 1916 100 42 quam
977 1916 125 42 quando
1065 1916 100 42 vult
1128 1916 151 42 diligere
1240 1916 88 42 per
1291 1916 100 42 duos
1341 1916 75 42 quia

806 1944 84 40 tunc
859 1944 179 40 indistinctius
1007 1944 137 40 cognoscit
1112 1944 116 40 vterque
1196 1944 84 40 quam
1249 1944 95 40 prius
1312 1944 84 40 vnum
1354 1944 53 40 tam

804 1968 77 43 tum
848 1968 66 43 et
881 1968 77 43 sic
925 1968 99 43 licet
991 1968 110 43 tantum
1068 1968 121 43 crescat
1155 1968 121 43 meritum
1243 1968 88 43 suum
1298 1968 88 43 quia
1342 1968 77 43 tamen

803 2004 82 35 per
850 2004 118 35 partes
933 2004 129 35 minores
1027 2004 118 35 semper
1109 2004 94 35 quam
1168 2004 94 35 ante
1227 2004 94 35 ideo
1286 2004 82 35 non
1321 2004 94 35 tantum

808 2031 131 34 additur
904 2031 72 34 ad
939 2031 131 34 meritum
1035 2031 131 34 ratione
1130 2031 96 34 diei
1190 2031 155 34 sequentis
1310 2031 107 34 sicut
1369 2031 48 34 ra

807 2058 113 33 tione
883 2058 188 33 precedentis
1033 2058 88 33 nec
1083 2058 88 33 ita
1133 2058 175 33 deuenietur
1271 2058 75 33 ad
1296 2058 113 33 meritum

802 2086 175 38 infinitum.
939 2086 125 38 Contra
1027 2086 113 38 istud
1102 2086 150 38 Arguitur
1214 2086 88 38 sic
1264 2086 138 38 ponatur
1352 2086 63 38 igi

800 2115 76 48 tur
844 2115 87 48 quod
898 2115 120 48 aliquis
986 2115 98 48 velit
1051 2115 142 48 meritorie
1161 2115 131 48 diligere
1259 2115 87 48 deum
1314 2115 76 48 vel
1346 2115 66 48 alio
