1770 2500
190 235 200 58 suasitionibus
355 235 165 58 mancipatis
485 235 118 58 liberi
567 235 94 58 quid
626 235 106 58 estis
697 235 59 58 a
709 235 94 58 dampno

192 285 68 36 non
231 285 97 36 tantum
299 285 68 36 pro
338 285 97 36 merito
407 285 117 36 gloriosi
494 285 127 36 euasistis
592 285 88 36 penam
650 285 68 36 sed
689 285 68 36 non
718 285 88 36 acquisi

195 315 87 31 stis
249 315 120 31 coronam
336 315 76 31 que
380 315 76 31 nam
423 315 109 31 igitur
500 315 152 31 necessitas
619 315 98 31 cogit
684 315 109 31 parere
750 315 54 31 vos

192 341 65 32 in
225 341 131 32 singulis
323 341 87 32 quae
378 341 131 32 iniuncta
476 341 120 32 fuerunt
563 341 65 32 et
596 341 142 32 formidare
694 341 109 32 vltionem

194 367 73 37 de
230 367 218 37 transgressione
412 367 73 37 et
448 367 158 37 obseruare
570 367 133 37 sperare
654 367 158 37 remuneratio

190 399 82 31 nem
237 399 70 31 ea
272 399 128 31 propter
365 399 70 31 in
400 399 128 31 talibus
494 399 82 31 hec
541 399 117 31 regula
622 399 152 31 generalis
727 399 82 31 tenea

197 425 76 34 tur
241 425 65 34 vt
273 425 65 34 in
306 425 207 34 difficultalibus
480 425 109 34 quidem
557 425 120 34 agendis
644 425 152 34 obedientia
753 425 54 34 gra

189 455 86 32 tior
243 455 86 32 quam
297 455 118 32 grauior
383 455 172 32 preuaricatio
523 455 140 32 indicitur
630 455 65 32 et
662 455 65 32 in
684 455 118 32 facilibus

197 484 91 30 minus
258 484 81 30 quia
308 484 132 30 honorosis
410 484 142 30 contemptus
521 484 162 30 dampnabilior
653 484 81 30 quam
704 484 91 30 actus
754 484 51 30 lau

197 512 147 29 dabilior
307 512 159 29 estimetur
429 512 86 29 hec
478 512 110 29 ille.
552 512 61 29 â‹
576 512 86 29 Hec
625 512 171 29 auctoritas
748 512 61 29 vi-

192 540 104 31 detur
262 540 150 31 continere
377 540 104 31 plene
446 540 138 31 opinione
549 540 81 31 ma.
595 540 115 31 vltimo
664 540 150 31 praenomina-

195 568 75 34 ti.
238 568 64 34 Ad
270 568 97 34 illud
335 568 140 34 respondeo
442 568 75 34 per
485 568 86 34 idem
539 568 75 34 per
582 568 86 34 quod
635 568 64 34 ad
657 568 150 34 auctoritatem

201 597 129 32 apostoli
298 597 86 32 quod
352 597 65 32 si
385 597 108 32 inuite
460 597 75 32 vel
503 597 97 32 solum
568 597 108 32 timore
643 597 108 32 humano
719 597 75 32 vel
751 597 54 32 mun

194 623 77 32 dano
242 623 58 32 et
271 623 86 32 etiam
329 623 106 32 seruili
406 623 96 32 timore
473 623 125 32 praecepta
569 623 58 32 in
597 623 106 32 communi
674 623 77 32 data
713 623 86 32 omnibus

194 651 125 34 hominibus
291 651 87 34 seruo
348 651 67 34 vel
387 651 77 34 quae
435 651 87 34 etiam
493 651 87 34 alium
551 651 135 34 deseruarem
657 651 77 34 omni
695 651 106 34 praecepto

195 681 121 36 sublato
283 681 66 36 si
316 681 99 36 talia
381 681 99 36 seruo
447 681 77 36 non
491 681 66 36 ex
524 681 99 36 amore
590 681 88 36 quia
645 681 143 36 praecepta
743 681 66 36 sunt

194 716 80 25 ab
234 716 80 25 eo
274 716 107 25 quem
341 716 94 25 amo
394 716 94 25 sed
448 716 107 25 quia
515 716 147 25 aliunde
622 716 80 25 ex
662 716 120 25 amore
729 716 80 25 car-

194 741 90 28 nis
246 741 90 28 vel
297 741 193 28 cognationis
452 741 90 28 vel
504 741 193 28 humanitatis
658 741 116 28 facio
723 741 90 28 talia

192 767 84 32 non
240 767 84 32 per
288 767 84 32 hoc
337 767 96 32 quod
397 767 84 32 sic
445 767 109 32 facio
518 767 109 32 talia
590 767 121 32 mereor
674 767 133 32 coronam
759 767 48 32 et

195 791 120 34 tamen
275 791 80 34 si
315 791 147 34 habuero
422 791 120 34 actus
502 791 187 34 contrarios
649 791 93 34 vel
689 791 120 34 caruero

193 822 118 33 istis
271 822 144 33 tempore
376 822 157 33 oportuno
493 822 131 33 mereor
585 822 131 33 penam.
676 822 105 33 vnde
729 822 78 33 gre-

199 850 67 36 go
232 850 67 36 in
266 850 112 36 omelia
345 850 67 36 de
379 850 157 36 apostolis.
502 850 90 36 Sunt
559 850 135 36 nonnulli
660 850 79 36 qui
694 850 112 36 diligunt

198 878 135 35 proximos
299 878 79 35 sed
344 878 79 35 per
390 878 169 35 affectionem
525 878 169 35 cognationis
660 878 68 35 et
694 878 113 35 carnis
762 878 45 35 et

196 910 84 33 posi
248 910 105 33 pauca.
321 910 63 33 hi
353 910 115 33 nimirum
437 910 63 33 et
468 910 126 33 proximos
563 910 126 33 diligunt
657 910 63 33 et
689 910 94 33 tamen
741 910 63 33 illa

192 939 140 31 sublimis
297 939 175 31 dilectionis
437 939 117 31 primia
519 939 82 31 non
566 939 175 31 assequuntur
706 939 93 31 quia
753 939 58 31 amo

199 962 85 34 rem
247 962 85 34 non
296 962 206 34 spiritualiter
466 962 85 34 sed
515 962 170 34 carnaliter
648 962 158 34 impendunt
757 962 49 34 et

196 991 81 32 hoc
243 991 104 32 etiam
312 991 116 32 tangit
394 991 151 32 bernardus
510 991 70 32 in
544 991 174 32 auctoritate
672 991 139 32 preposita.

206 1019 59 35 â‹
230 1019 71 35 Si
265 1019 153 35 diligitis
383 1019 82 35 eos
430 1019 82 35 qui
477 1019 82 35 vos
524 1019 141 35 diligunt
630 1019 71 35 et
665 1019 106 35 tamen
735 1019 71 35 si
759 1019 47 35 ho

193 1047 72 34 mo
229 1047 145 34 proximos
338 1047 72 34 et
374 1047 145 34 parentes
483 1047 121 34 odiret
567 1047 85 34 vel
616 1047 72 34 de
652 1047 109 34 ipsis
724 1047 85 34 non
761 1047 48 34 cu

192 1077 116 33 raret
269 1077 90 33 seu
321 1077 90 33 eos
372 1077 142 33 iuuaret
475 1077 180 33 negligeret
617 1077 142 33 tempore
707 1077 103 33 oportu

192 1105 75 38 no
230 1105 150 38 grauiter
343 1105 150 38 peccaret
455 1105 113 38 teste
531 1105 100 38 Apo.
593 1105 113 38 prima
668 1105 100 38 thi.
731 1105 63 38 5
743 1105 63 38 vbi

190 1135 120 31 dicit
270 1135 93 31 qui
323 1135 133 31 suorum
416 1135 80 31 et
456 1135 133 31 maxime
550 1135 213 31 domesticorum
710 1135 93 31 curam

193 1162 84 37 non
241 1162 108 37 habet
313 1162 108 37 fidem
385 1162 132 37 negauit
481 1162 72 37 et
518 1162 144 37 infideli
626 1162 156 37 deterior.
734 1162 72 37 Item

189 1192 104 32 dico
254 1192 78 32 de
293 1192 91 32 his
345 1192 91 32 qui
396 1192 104 32 solo
461 1192 130 32 timore
552 1192 130 32 humano
643 1192 91 32 vel
681 1192 117 32 mundano

189 1223 90 33 pene
245 1223 147 33 dimittunt
358 1223 113 33 furari
437 1223 79 33 vel
483 1223 136 33 occidere
584 1223 68 33 et
618 1223 79 33 hoc
663 1223 79 33 est
709 1223 90 33 quod
754 1223 45 33 ex

187 1248 125 36 primit
275 1248 88 36 hic
325 1248 163 36 bernardus
450 1248 88 36 non
501 1248 100 36 feci
563 1248 125 36 furtum
651 1248 75 36 et
688 1248 113 36 tamen
751 1248 50 36 si

192 1278 96 31 quis
252 1278 144 31 habuerit
360 1278 108 31 actus
432 1278 168 31 contrarios
565 1278 132 31 constat
661 1278 96 31 quod
709 1278 96 31 punie-

191 1304 89 30 tur
242 1304 63 30 a
267 1304 101 30 deo.
331 1304 63 30 â‹
356 1304 76 30 Et
394 1304 101 30 huic
457 1304 165 30 concordat
584 1304 127 30 dictum
660 1304 139 30 augustini

186 1333 106 31 super
257 1333 129 31 psalmum
351 1333 82 31 49.
397 1333 70 31 Si
433 1333 153 31 propterea
550 1333 82 31 non
597 1333 106 31 facis
667 1333 117 31 furtum
738 1333 70 31 quia

192 1359 102 33 times
260 1359 102 33 nihil
328 1359 125 33 fecisti
419 1359 68 33 et
453 1359 102 33 addit
521 1359 80 33 ymo
566 1359 102 33 intus
635 1359 125 33 fecisti
725 1359 68 33 in
748 1359 57 33 cor

194 1388 71 35 de
230 1388 106 35 furti
301 1388 130 35 tenere.
395 1388 83 35 Sed
442 1388 71 35 si
478 1388 118 35 fecero
561 1388 106 35 talia
632 1388 71 35 de
667 1388 118 35 quibus
738 1388 59 35 di-

191 1416 102 36 ctum
255 1416 90 36 est
306 1416 77 36 ex
345 1416 167 36 charitate
473 1416 128 36 mereor
563 1416 128 36 palmam
652 1416 102 36 quia
716 1416 90 36 qui
755 1416 51 36 fa

192 1446 83 31 cit
240 1446 130 31 aliquid
334 1446 71 31 ex
370 1446 107 31 amore
441 1446 189 31 precipientis
595 1446 83 31 ita
642 1446 130 31 faceret
725 1446 71 31 ali-

194 1469 68 40 ud
228 1469 68 40 si
262 1469 182 40 preciperetur
409 1469 102 40 sicut
478 1469 102 40 illud
546 1469 68 40 et
580 1469 91 40 ideo
637 1469 102 40 talis
705 1469 80 40 non
739 1469 68 40 plus

195 1497 143 38 omitteret
305 1497 154 38 difficilia
426 1497 88 38 quam
481 1497 121 38 facilia
570 1497 77 38 nec
614 1497 143 38 preceptum
724 1497 66 38 in
746 1497 55 38 ali

197 1527 84 37 quo
245 1527 144 37 diminuit
353 1527 132 37 meritum
449 1527 84 37 sed
497 1527 120 37 auget.
581 1527 60 37 â‹
605 1527 96 37 Hinc
665 1527 84 37 est
713 1527 96 37 quod
761 1527 48 37 be

197 1558 92 35 atus
254 1558 161 35 franciscus
380 1558 69 35 vt
415 1558 149 35 scribitur
529 1558 69 35 in
564 1558 92 35 vita
621 1558 80 35 sua
667 1558 126 35 solebat
748 1558 57 35 cum

191 1584 118 32 socio
269 1584 91 32 cum
322 1584 91 32 quo
374 1584 131 32 habuit
465 1584 91 32 ire
518 1584 91 32 per
570 1584 131 32 mundum
648 1584 157 32 obedienti-

198 1614 78 33 am
237 1614 183 33 promittere
381 1614 78 33 vt
420 1614 78 33 ex
459 1614 157 33 precepto
577 1614 118 33 socii
642 1614 157 33 operaretur

189 1641 130 34 aliqua
280 1641 169 34 meritoria
410 1641 104 34 bona
475 1641 91 34 que
527 1641 78 34 ex
566 1641 182 34 obedientia
696 1641 104 34 redde-

193 1669 130 29 rentur
284 1669 169 29 gratiora.
414 1669 104 29 Item
479 1669 156 29 arguitur
597 1669 130 29 ibidem
688 1669 91 29 per
727 1669 78 29 augu

193 1698 119 32 stinum
277 1698 107 32 ench.
348 1698 143 32 capitulo
455 1698 72 32 66
491 1698 83 32 vbi
539 1698 107 32 dicit
610 1698 95 32 quod
670 1698 107 32 omnia
729 1698 72 32 pre-

191 1724 115 36 cepta
268 1724 128 36 diuina
358 1724 180 36 referuntur
499 1724 77 36 ad
538 1724 180 36 charitatem
679 1724 77 36 de
717 1724 90 36 qua
756 1724 51 36 di

193 1753 82 34 cit
240 1753 152 34 apostolus
357 1753 105 34 finis
427 1753 140 34 precepti
532 1753 82 34 est
578 1753 140 34 charitas
683 1753 105 34 quoam
742 1753 58 34 ve-

194 1783 70 33 ro
229 1783 82 33 ita
276 1783 82 33 fit
323 1783 82 33 vel
370 1783 117 33 timore
452 1783 94 33 pene
511 1783 82 33 vel
558 1783 94 33 alia
616 1783 164 33 intentione
734 1783 70 33 car-

188 1814 106 33 nali
254 1814 79 33 vt
294 1814 93 33 non
346 1814 172 33 referatur
479 1814 79 33 ad
518 1814 119 33 illam
598 1814 185 33 charitatem
730 1814 79 33 quam

195 1840 124 31 diffundit
291 1840 115 31 spiritus
377 1840 105 31 sanctus
453 1840 57 31 in
482 1840 115 31 cordibus
568 1840 105 31 nostris
645 1840 67 31 non
683 1840 67 31 fit
711 1840 96 31 quemadmo

193 1868 87 35 dum
242 1868 112 35 fieri
317 1868 137 35 oportet
417 1868 137 35 quamuis
517 1868 112 35 fieri
592 1868 150 35 videatur
692 1868 112 35 quecuu-

195 1898 86 35 que
244 1898 123 35 igitur
330 1898 123 35 mandat
416 1898 98 35 deus
477 1898 74 35 ex
514 1898 123 35 quibus
600 1898 98 35 unum
661 1898 86 35 est
710 1898 86 35 non
747 1898 49 35 me

190 1926 152 33 chaberis
304 1926 76 33 et
342 1926 165 33 quecunque
469 1926 89 33 non
519 1926 152 33 iubentur
633 1926 89 33 sed
671 1926 127 33 speciali

190 1952 160 35 consilio
310 1952 160 35 monentur
430 1952 80 35 ex
470 1952 133 35 quibus
563 1952 107 35 vnum
630 1952 93 35 est
683 1952 120 35 bonum
750 1952 53 35 ho

191 1982 104 36 mini
256 1982 155 36 mulierem
372 1982 91 36 non
424 1982 143 36 tangere
528 1982 104 36 tunc
593 1982 117 36 recte
670 1982 117 36 fiunt
735 1982 65 36 cum

185 2011 184 33 referuntur
330 2011 79 33 ad
369 2011 184 33 diligendum
514 2011 105 33 deum
579 2011 79 33 et
619 2011 158 33 proximum
724 2011 79 33 pro-

190 2037 99 36 pter
252 2037 99 36 deum
313 2037 87 36 hec
363 2037 111 36 ille.
437 2037 99 36 Item
499 2037 111 36 glosa
573 2037 111 36 super
648 2037 74 36 33
672 2037 124 36 capitulo

190 2067 169 31 declinare
320 2067 65 31 a
346 2067 104 31 malo
411 2067 117 31 vitat
489 2067 130 31 culpam
580 2067 91 31 sed
632 2067 130 31 facere
710 2067 91 31 bonum

182 2089 156 55 meretur
295 2089 142 55 palmam
394 2089 142 55 subdit
494 2089 99 55 est
550 2089 142 55 quidam
649 2089 128 55 modus
720 2089 71 55 de

837 240 157 56 clinandi
955 240 65 56 a
981 240 105 56 malo
1046 240 92 56 quo
1099 240 131 56 tantum
1190 240 105 56 pena
1256 240 144 56 vitatur
1360 240 79 56 et
1387 240 65 56 est

832 290 130 33 quidam
923 290 91 33 quo
975 290 117 33 etiam
1052 290 181 33 acquiritur
1195 290 117 33 vita.
1273 290 65 33 â‹
1299 290 78 33 Si
1337 290 104 33 enim
1389 290 78 33 quis

828 318 118 36 nulla
907 318 171 36 occasione
1038 318 184 36 prouocatus
1182 318 79 36 ad
1222 318 118 36 malum
1301 318 158 36 declinet
1406 318 39 36 a

828 346 104 34 malo
893 346 117 34 opere
971 346 117 34 vitat
1050 346 130 34 vtique
1141 346 117 34 penam
1219 346 104 34 quam
1271 346 170 34 incurrisset

830 373 72 37 si
866 373 109 37 illud
939 373 193 37 commisisset.
1096 373 60 37 â‹
1120 373 72 37 Si
1156 373 109 37 autem
1229 373 72 37 ab
1265 373 133 37 inimico
1349 373 97 37 visibi

835 403 73 36 li
871 403 85 36 vel
920 403 170 36 inuisibili
1053 403 170 36 prouocatus
1187 403 85 36 vel
1236 403 109 36 lesus
1308 403 109 36 malum
1381 403 85 36 non

830 433 127 30 reddit
919 433 89 30 vel
970 433 102 30 malo
1033 433 89 30 non
1084 433 165 30 consentit
1211 433 76 30 et
1249 433 63 30 a
1274 433 102 30 malo
1325 433 127 30 declina-

825 462 93 34 uit
878 462 80 34 et
918 462 134 34 palmam
1012 462 174 34 promeruit
1145 462 93 34 hec
1199 462 120 34 ille.
1279 462 107 34 Item
1346 462 80 34 ad
1372 462 67 34 hoc

830 485 112 38 facit
904 485 124 38 regula
991 485 99 38 quam
1053 485 75 38 in
1090 485 99 38 fine
1152 485 199 38 auctoritatis
1301 485 137 38 prenotate

829 513 108 38 facit
901 513 156 38 bernardus
1021 513 84 38 vbi
1069 513 108 38 dicit
1141 513 96 38 quod
1200 513 120 38 quando
1272 513 168 38 precipiuntur

824 542 200 38 difficiliora
987 542 100 38 tunc
1050 542 175 38 obedientia
1188 542 88 38 est
1238 542 113 38 magis
1300 542 138 38 meritoria

826 570 99 39 quam
887 570 197 39 transgressio
1048 570 185 39 demeritoria
1195 570 160 39 econuerso
1319 570 99 39 vero
1368 570 74 39 quan

822 603 70 31 do
857 603 186 31 precipiuntur
1008 603 139 31 faciliat
1113 603 81 31 hec
1159 603 105 31 falsa
1229 603 105 31 esset
1299 603 93 31 nisi
1345 603 93 31 debita

825 626 152 41 impletio
939 626 152 41 precepti
1053 626 114 41 foret
1128 626 76 41 ad
1166 626 139 41 meritum
1267 626 76 41 et
1305 626 101 41 ista
1356 626 88 41 regu-

820 651 77 43 la
859 651 154 43 probatur
974 651 90 43 per
1026 651 129 43 dictum
1116 651 193 43 Chrisostomi
1270 651 116 43 super
1334 651 116 43 matheum

828 686 167 30 dicentis.
957 686 141 30 Mandata
1059 686 116 30 moysi
1137 686 77 30 in
1175 686 103 30 actu
1239 686 141 30 facilia
1342 686 103 30 sunt
1394 686 51 30 vt

823 711 90 33 non
875 711 141 33 occides
977 711 90 33 non
1029 711 231 33 adulteraberis:
1222 711 103 33 ipsa
1286 711 103 33 enim
1337 711 103 33 crimi-

822 742 98 36 nis
878 742 183 36 magnitudo
1019 742 197 36 voluntatem
1174 742 169 36 faciendi
1286 742 169 36 repercutit

826 770 76 34 et
864 770 101 34 ideo
928 770 76 34 in
966 770 215 34 remuneratione
1143 770 127 34 modica
1231 770 101 34 sunt
1295 770 76 34 in
1320 770 114 34 peccato

824 800 102 34 vero
888 800 115 34 magna
965 800 141 34 mandata
1067 800 115 34 autem
1144 800 153 34 christi,
1259 800 90 34 non
1297 800 141 34 irasceris

829 829 83 29 non
877 829 178 29 concupiscas
1019 829 71 29 in
1054 829 95 29 actu
1114 829 166 29 difficilia
1244 829 71 29 et
1280 829 95 29 ideo
1339 829 71 29 in
1363 829 71 29 remu

826 856 171 37 neratione
958 856 119 37 magna
1037 856 79 37 in
1076 856 145 37 peccato
1182 856 119 37 autem
1261 856 132 37 minima
1353 856 92 37 hec
1392 856 53 37 il

830 880 91 38 le.
882 880 65 38 â‹
908 880 78 38 Ad
947 880 156 38 secundum
1064 880 182 38 argumentum
1206 880 143 38 positum
1310 880 78 38 in
1336 880 104 38 tertio

827 912 141 30 articulo
933 912 141 30 dicendum
1039 912 94 30 quod
1098 912 82 30 tam
1145 912 82 30 per
1192 912 106 30 opera
1251 912 188 30 superogationis

824 936 96 40 quam
884 936 180 40 preceptorum
1028 936 96 40 modo
1088 936 120 40 debito
1171 936 108 40 facta
1243 936 132 40 augetur
1327 936 108 40 meritum

823 969 70 31 et
858 969 139 31 charitas
963 969 70 31 de
997 969 116 31 primis
1079 969 151 31 concedunt
1194 969 93 31 ipsi
1252 969 70 31 de
1287 969 139 31 secundis
1380 969 58 31 ego

831 994 118 33 probaui.
920 994 49 33 â‹
939 994 59 33 Et
969 994 98 33 iterum
1038 994 89 33 probo
1097 994 79 33 quia
1146 994 98 33 aliter
1215 994 108 33 secudum
1293 994 89 33 legen
1343 994 98 33 communem

826 1025 113 30 posset
905 1025 158 30 contingere
1029 1025 90 30 quod
1086 1025 90 30 deus
1142 1025 90 30 eque
1199 1025 158 30 praemiaret
1323 1025 102 30 illum
1379 1025 57 30 qui

825 1054 93 32 plus
884 1054 152 32 meruisset
1001 1054 129 32 ceteris
1094 1054 129 32 paribus
1188 1054 93 32 quia
1246 1054 175 32 baptisantur
1375 1054 58 32 duo

820 1081 88 30 qui
871 1081 76 30 in
909 1081 152 30 baptismo
1022 1081 164 30 recipiant
1149 1081 139 30 equales
1250 1081 126 30 gradus
1325 1081 114 30 charita

817 1104 78 42 tis
862 1104 67 42 et
895 1104 101 42 alter
962 1104 112 42 statim
1041 1104 134 42 moriatur
1142 1104 101 42 alter
1209 1104 101 42 autem
1276 1104 157 42 superuiuat
1388 1104 45 42 et

825 1136 112 35 multa
899 1136 112 35 opera
974 1136 162 35 meritoria
1099 1136 125 35 faciat
1186 1136 162 35 solummodo
1299 1136 137 35 praecepta

818 1163 82 38 sibi
869 1163 72 38 ita
910 1163 82 38 quod
962 1163 103 38 nullum
1033 1163 82 38 opus
1085 1163 205 38 supererogationis
1259 1163 113 38 faciat.
1342 1163 113 38 Secundo

827 1192 104 37 posito
899 1192 83 37 quod
951 1192 83 37 isti
1003 1192 83 37 ambo
1055 1192 156 37 superuiuant
1180 1192 62 37 et
1211 1192 114 37 vterque
1294 1192 114 37 impleat
1366 1192 73 37 solum

826 1222 157 34 praecepta
947 1222 96 34 vnus
1007 1222 109 34 tamen
1079 1222 109 34 multo
1152 1222 181 34 frequentius
1296 1222 84 34 vel
1332 1222 109 34 diutius

823 1255 123 32 reliquo
913 1255 90 32 tunc
969 1255 135 32 sequitur
1070 1255 90 32 quod
1126 1255 90 32 deus
1182 1255 168 32 inequalitur
1306 1255 123 32 operantes

823 1279 151 33 equaliter
939 1279 151 33 premiaret
1056 1279 116 33 contra
1137 1279 163 33 scripturam
1264 1279 139 33 dicentem
1357 1279 70 33 quod

821 1307 101 33 reddet
892 1307 131 33 vnicuique
993 1307 121 33 secundum
1084 1307 91 33 opera
1144 1307 81 33 sua.
1195 1307 101 33 Tertio
1265 1307 81 33 quia
1316 1307 81 33 tunc
1356 1307 81 33 aliter

826 1335 101 31 quod
889 1335 101 31 opus
952 1335 251 31 supererogationis
1166 1335 75 31 in
1204 1335 163 31 infinitum
1329 1335 101 31 plus
1380 1335 50 31 va

825 1363 107 34 leret
897 1363 143 34 facienti
1004 1363 107 34 ipsum
1075 1363 72 34 in
1111 1363 155 34 charitate
1230 1363 95 34 quam
1290 1363 107 34 omnia
1350 1363 83 34 manda

815 1392 75 35 ta
853 1392 88 35 dei
903 1392 138 35 implere
1003 1392 75 35 et
1041 1392 100 35 sola
1103 1392 100 35 ista
1166 1392 100 35 quod
1229 1392 88 35 non
1279 1392 138 35 vietur.
1366 1392 63 35 Pro

823 1421 105 31 batur
893 1421 210 31 superogationis
1068 1421 117 31 posset
1150 1421 117 31 cadere
1232 1421 82 31 sub
1279 1421 152 31 praecepto
1384 1421 58 31 nec

818 1449 76 29 ex
856 1449 89 29 hoc
907 1449 177 29 redderetur
1046 1449 126 29 minus.
1135 1449 63 29 â‹
1160 1449 126 29 Quinto
1248 1449 101 29 tunc
1312 1449 114 29 votum
1375 1449 63 29 per

826 1476 144 35 fectionis
937 1476 133 35 noceret.
1036 1476 55 35 â‹
1058 1476 89 35 Item
1114 1476 144 35 professio
1225 1476 66 35 in
1258 1476 144 35 religione
1357 1476 78 35 esset

820 1504 185 32 impeditiua
965 1504 172 32 meritorum
1098 1504 159 32 nouorum.
1217 1504 66 32 â‹
1244 1504 106 32 Item
1297 1504 132 32 resiste-

825 1535 75 31 re
862 1535 211 31 tentationibus
1036 1535 75 31 ex
1073 1535 161 31 charitate
1197 1535 87 31 est
1247 1535 99 31 opus
1296 1535 137 31 remunera-

820 1558 95 37 bile
879 1558 83 37 per
927 1558 83 37 ma.
974 1558 71 37 ad
1009 1558 95 37 quod
1068 1558 106 37 tamen
1139 1558 142 37 quilibet
1246 1558 130 37 tenetur
1340 1558 71 37 ex
1364 1558 71 37 pre-

826 1589 115 32 cepto.
907 1589 69 32 Et
942 1589 69 32 si
976 1589 104 32 dicis
1046 1589 92 32 quod
1103 1589 81 32 per
1150 1589 92 32 opus
1207 1589 69 32 ex
1242 1589 138 32 precepto
1346 1589 92 32 quis
1392 1589 46 32 me

823 1617 129 31 reretur
917 1617 106 31 illud
987 1617 70 31 ad
1023 1617 94 31 quod
1081 1617 106 31 prius
1152 1617 94 31 fuit
1210 1617 176 31 acceptatus.
1339 1617 94 31 Contra

827 1645 100 34 pari
890 1645 138 34 ratione
991 1645 126 34 posset
1079 1645 100 34 quis
1141 1645 75 34 de
1179 1645 100 34 lege
1242 1645 138 34 communi
1330 1645 100 34 mereri

819 1674 130 34 primam
910 1674 143 34 gratiam
1013 1674 91 34 per
1065 1674 104 34 opus
1130 1674 143 34 sequens
1234 1674 78 34 et
1273 1674 78 34 si
1298 1674 130 34 concedat

825 1703 106 31 quero
896 1703 141 31 postquam
1002 1703 106 31 plene
1073 1703 106 31 istam
1143 1703 118 31 meruit
1226 1703 94 31 quid
1285 1703 153 31 merebitur
1391 1703 47 31 ex

818 1729 98 35 tunc
879 1729 85 35 per
928 1729 122 35 opera.
1013 1729 159 35 sequentia
1135 1729 85 35 cum
1184 1729 110 35 talia
1257 1729 98 35 sint
1318 1729 85 35 non
1355 1729 85 35 minus

824 1759 89 34 bona
880 1759 89 34 quam
935 1759 167 34 precedentia
1069 1759 67 34 et
1103 1759 89 34 nisi
1158 1759 100 34 detur
1225 1759 89 34 quod
1281 1759 145 34 augmentum
1381 1759 56 34 gra

822 1789 79 35 tie
867 1789 136 35 sequitur
969 1789 91 35 idem
1025 1789 91 35 quod
1082 1789 102 35 prius
1150 1789 68 35 in
1184 1789 147 35 infinitum
1297 1789 102 35 minus
1354 1789 79 35 vale-

824 1815 86 35 bant
878 1815 86 35 quam
932 1815 173 35 praecedentia
1073 1815 76 35 vel
1116 1815 86 35 quam
1170 1815 86 35 vnum
1224 1815 108 35 paruum
1299 1815 86 35 opus
1343 1815 86 35 super-

819 1844 154 34 erogationis
942 1844 82 34 quod
993 1844 72 34 non
1034 1844 113 34 videtur
1117 1844 62 34 et
1147 1844 92 34 omnia
1209 1844 82 34 alia
1260 1844 62 34 et
1291 1844 82 34 alia
1332 1844 103 34 inconve-

822 1877 124 29 nientia
912 1877 147 29 preillata
1025 1877 102 29 stant
1093 1877 113 29 contra
1172 1877 113 29 illud.
1251 1877 90 29 Item
1308 1877 90 29 tunc
1353 1877 79 29 rele-

822 1901 104 35 uans
887 1901 194 35 indigentiam
1042 1901 155 35 pauperis
1159 1901 78 35 in
1198 1901 143 35 extrema
1288 1901 143 35 necessita

825 1933 69 33 te
860 1933 81 33 non
906 1933 115 33 tantum
987 1933 150 33 mereretur
1102 1933 104 33 sicut
1171 1933 69 33 si
1206 1933 81 33 hoc
1252 1933 127 33 faceret
1333 1933 92 33 alicui

818 1959 74 32 qui
861 1959 74 32 non
903 1959 95 32 esset
967 1959 64 32 in
999 1959 117 32 extrema
1083 1959 159 32 necessitate
1210 1959 85 32 quia
1263 1959 106 32 primum
1338 1959 85 32 opus
1380 1959 53 32 est

823 1985 132 39 praecepti.
926 1985 104 39 secudum
1001 1985 169 39 superogationis
1143 1985 85 39 patet
1199 1985 94 39 igitur
1265 1985 75 39 quod
1312 1985 56 39 ex
1331 1985 94 39 operibus

820 2013 161 38 praeceptor
947 2013 69 38 ex
982 2013 150 38 charitate
1097 2013 115 38 factis
1177 2013 92 38 sine
1235 2013 81 38 qua
1281 2013 104 38 etiam
1350 2013 81 38 non
1384 2013 58 38 in-

824 2047 131 32 plentur
919 2047 143 32 precepta
1026 2047 71 32 vt
1062 2047 119 32 posuit
1145 2047 83 32 di.
1192 2047 71 32 17
1228 2047 107 32 primi
1299 2047 95 32 quod
1347 2047 95 32 chari-

820 2077 70 23 tas
860 2077 110 23 augetur
940 2077 60 23 et
970 2077 110 23 premium
1051 2077 60 23 et
1081 2077 120 23 vlterius
1171 2077 140 23 conceditur
1281 2077 80 23 quod
1332 2077 60 23 ex
1362 2077 80 23 omni
1402 2077 40 23 ta

817 2100 71 43 li
853 2100 106 43 opere
923 2100 71 43 et
959 2100 106 43 etiam
1029 2100 130 43 concedo
1124 2100 94 43 quod
1183 2100 83 43 hoc
1230 2100 130 43 apparet
1324 2100 83 43 per
1359 2100 83 43 signa
