1787 2500
339 234 138 59 exteriora
446 234 128 59 scilicet
542 234 75 59 per
584 234 85 59 opus
638 234 128 59 precepti
733 234 85 59 quod
787 234 106 59 signat
861 234 85 59 quod
904 234 53 59 ha-

340 282 112 41 betur
414 282 149 41 interius
526 282 149 41 charitas
637 282 161 41 inclinans
761 282 74 41 in
786 282 161 41 executionem

343 309 135 42 eorumdem
444 309 68 42 et
478 309 79 42 hic
523 309 101 42 etiam
591 309 135 42 vlterius
692 309 135 42 soluitur
793 309 158 42 argumentum
906 309 45 42 se

348 340 105 42 cundum.
424 340 48 42 ⁋
443 340 114 42 Notandum
528 340 67 42 est
566 340 86 42 tamen
623 340 57 42 vt
652 340 86 42 supra
709 340 76 42 quod
756 340 133 42 communiter
851 340 95 42 charitas

347 367 135 39 acquisita
450 367 114 39 crescit
534 367 73 39 cum
575 367 104 39 infusa
648 367 73 39 sed
689 367 93 39 forte
752 367 73 39 non
793 367 62 39 ex
824 367 83 39 equo
866 367 83 39 proper

348 400 146 33 adiutoria
460 400 191 33 sacramentalia
618 400 135 33 respectu
719 400 113 33 infuse
798 400 113 33 gratie
865 400 79 33 augma

348 428 64 36 de
380 428 64 36 et
413 428 129 36 vlterior
509 428 139 36 responsio
616 428 172 36 auctoritatis
756 428 97 36 parum
820 428 107 36 valet.
895 428 54 36 ⁋
906 428 43 36 Ad

348 451 115 39 tertium
431 451 115 39 eiusdem
514 451 104 39 tertii
587 451 125 39 articuli
681 451 115 39 concedo
764 451 83 39 quod
817 451 83 39 sola
858 451 94 39 circun-

348 479 108 38 stantia
427 479 118 38 temponis
515 479 69 38 non
554 479 88 38 auget
613 479 108 38 meritum
691 479 88 38 sicut
750 479 108 38 probaui
829 479 69 38 di.
868 479 59 38 1.
887 479 69 38 primi

343 508 72 42 liet
388 508 72 42 quod
433 508 63 42 non
468 508 63 42 est
504 508 54 42 in
531 508 90 42 libera
594 508 90 42 ptante
656 508 125 42 elicientis
755 508 81 42 actum
809 508 125 42 meritorium
898 508 54 42 quin

343 538 132 37 continuet
445 538 71 37 per
485 538 102 37 tempus
557 538 102 37 certum
628 538 92 37 illum
689 538 92 37 actum
750 538 122 37 postquam
842 538 112 37 incepit
913 538 41 37 et

345 560 93 43 idem
403 560 93 43 dico
461 560 151 43 detempore
577 560 70 43 in
612 560 81 43 quo
658 560 93 43 homo
716 560 151 43 totaliter
821 560 127 43 distrahil

339 592 81 42 nec
385 592 138 42 attendit
488 592 92 42 quid
546 592 104 42 facit
615 592 161 42 continuans
741 592 104 42 tamen
810 592 104 42 actum
868 592 81 42 bonum

344 619 83 43 sed
391 619 94 43 amor
450 619 71 43 et
486 619 118 43 libera
568 619 130 43 volitio
663 619 165 43 continuata
793 619 130 43 faciunt
887 619 71 43 ad
911 619 47 43 au

340 652 150 40 gmentum
449 652 136 40 meriti
545 652 82 40 et
586 652 109 40 ideo
654 652 164 40 quotiens
777 652 109 40 homo
831 652 123 40 innouat

343 680 105 37 actus
413 680 105 37 bonos
483 680 128 37 similes
576 680 93 37 siue
635 680 163 37 dissimiles
763 680 82 37 vel
810 680 140 37 directos
903 680 58 37 re-

346 704 99 43 spectu
415 704 69 43 dei
455 704 69 43 vel
494 704 118 43 respectu
583 704 128 43 extriseci
681 704 118 43 scilicet
770 704 108 43 agendor
849 704 108 43 propter
918 704 39 43 de

345 731 67 45 um
378 731 90 45 siue
435 731 135 45 reflexos
536 731 180 45 complacentie
682 731 135 45 respectu
783 731 135 45 eorundem
872 731 79 45 toti-

336 761 76 36 ens
380 761 119 36 augetur
466 761 87 36 eius
520 761 130 36 charitas
618 761 98 36 sicut
683 761 98 36 credo
748 761 65 36 et
781 761 130 36 quotiens
878 761 76 36 sic
911 761 43 36 se

347 788 95 41 habet
411 788 105 41 contra
484 788 126 41 obiectum
579 788 84 41 quod
632 788 158 41 dilectionem
758 788 126 41 eliceret
853 788 63 41 si
884 788 74 41 non
916 788 42 41 ha

343 818 111 40 beret.
421 818 67 40 Ad
454 818 111 40 formam
532 818 111 40 igitur
610 818 144 40 argumenti
721 818 122 40 negatur
810 818 100 40 prima
865 818 89 40 conna.

355 844 55 45 ⁋
377 844 66 45 Ad
410 844 165 45 probationem
542 844 88 45 dico
597 844 88 45 quod
652 844 66 45 in
684 844 88 45 illo
739 844 88 45 casu
794 844 110 45 cetera
871 844 77 45 que
904 844 44 45 fa

341 873 94 44 ciunt
403 873 63 44 ad
435 873 115 44 meritum
518 873 73 44 non
560 873 84 44 sunt
613 873 94 44 paria
675 873 84 44 nisi
728 873 105 44 primus
801 873 115 44 istorum
874 873 84 44 habeat

349 902 111 45 plusquam
432 902 83 45 solam
487 902 166 45 circunstantiam
626 902 111 45 temponis
709 902 65 45 seu
746 902 176 45 continuationis.
885 902 74 45 videli

347 930 72 39 cet
388 930 62 39 si
419 930 82 39 sepe
470 930 72 39 vel
511 930 103 39 saltem
583 930 103 39 quando
655 930 92 39 alius
716 930 113 39 resumit
798 930 92 39 talem
860 930 92 39 actum
911 930 41 39 ip

345 964 75 33 se
382 964 125 33 habeat
470 964 113 33 nouum
545 964 113 33 actum
620 964 138 33 volendi
720 964 100 33 suum
782 964 113 33 actum
845 964 113 33 priorem

337 986 122 39 tenere
422 986 86 39 vel
471 986 147 39 mediante
581 986 98 39 noua
642 986 208 39 deliberatione
813 986 98 39 tunc
874 986 86 39 sic
911 986 49 39 di

335 1013 146 42 sponatur
444 1013 97 42 quod
505 1013 73 42 si
541 1013 109 42 actum
614 1013 85 42 non
663 1013 134 42 haberet
760 1013 158 42 resumeret
869 1013 85 42 illum

344 1048 103 34 sicut
412 1048 103 34 alius
481 1048 80 34 vel
526 1048 126 34 nouitur
618 1048 137 34 ferretur
720 1048 68 34 in
755 1048 103 34 illud
823 1048 137 34 obiectum
914 1048 46 34 et

344 1078 76 32 si
382 1078 89 32 non
433 1078 139 32 haberet
534 1078 114 32 prius
610 1078 114 32 actum
686 1078 152 32 respectu
800 1078 139 32 eiusdem
888 1078 76 32 tunc

344 1098 107 46 posset
419 1098 107 46 primus
494 1098 85 46 bene
547 1098 85 46 esse
600 1098 117 46 equalis
685 1098 64 46 in
717 1098 107 46 merito
792 1098 117 46 secundo
877 1098 75 46 vel
909 1098 43 46 ma

338 1129 67 46 ior
377 1129 57 46 et
405 1129 76 46 tunc
453 1129 86 46 habet
510 1129 86 46 aliam
568 1129 172 46 circunstantiam
711 1129 48 46 a
730 1129 162 46 circunstantia
854 1129 96 46 temponis

345 1157 142 39 adiuuantem
456 1157 71 39 nec
497 1157 71 39 est
537 1157 81 39 bene
588 1157 132 39 possibile
689 1157 81 39 quod
740 1157 111 39 aliquis
820 1157 121 39 retineat
901 1157 51 39 diu

343 1189 101 36 actum
410 1189 89 36 suum
466 1189 101 36 bonum
533 1189 78 36 qui
578 1189 134 36 aduertat
678 1189 89 36 bene
734 1189 101 36 etiam
801 1189 89 36 volo
857 1189 89 36 quod
902 1189 56 36 cir

343 1212 153 40 cunstantia
463 1212 131 40 temponis
562 1212 66 40 vt
595 1212 120 40 obiecti
682 1212 66 40 si
715 1212 109 40 cetera
792 1212 88 40 sint
847 1212 99 40 paria
901 1212 55 40 ar-

348 1243 94 39 guit
407 1243 106 39 actum
478 1243 94 39 esse
536 1243 141 39 melionem
642 1243 71 39 ac
678 1243 71 39 si
713 1243 94 39 vnus
772 1243 118 39 vellet
854 1243 94 39 deum
901 1243 47 39 di

341 1270 106 43 ligere
416 1270 74 43 per
458 1270 117 43 instans
543 1270 117 43 precise
628 1270 64 43 et
660 1270 96 43 alter
724 1270 74 43 per
767 1270 117 43 instans
852 1270 64 43 et
884 1270 64 43 ad
905 1270 53 43 tem

342 1300 109 41 pus.
411 1300 68 41 ⁋
438 1300 164 41 Secundus
561 1300 151 41 haberet
671 1300 123 41 actum
753 1300 123 41 magis
821 1300 137 41 meritori

344 1331 71 31 um
380 1331 83 31 tum
427 1331 95 31 quia
487 1331 107 31 magis
558 1331 107 31 bonum
630 1331 95 31 vult
689 1331 143 31 scienter
796 1331 131 31 ceteris
880 1331 71 31 pari

346 1354 91 39 bus
398 1354 130 39 igitur
489 1354 104 39 plus
555 1354 196 39 mereturrtum
711 1354 104 39 quia
776 1354 130 39 vellet
855 1354 104 39 malefa

351 1386 84 36 cere
403 1386 73 36 per
445 1386 94 36 totam
508 1386 94 36 vitam
571 1386 84 36 suam
623 1386 63 36 et
655 1386 63 36 ex
686 1386 73 36 hoc
728 1386 94 36 esset
791 1386 94 36 peior
854 1386 84 36 alio
896 1386 52 36 quo

345 1410 81 43 per
392 1410 92 43 vnum
449 1410 92 43 diem
507 1410 115 43 vellet
588 1410 81 43 nec
634 1410 138 43 sufficit
737 1410 115 43 dicere
818 1410 69 43 et
853 1410 81 43 eam
887 1410 58 43 dis

349 1441 88 34 vult
404 1441 197 34 interpretatiue
568 1441 99 34 sicut
634 1441 99 34 alter
699 1441 88 34 quia
754 1441 99 34 prius
820 1441 77 34 est
853 1441 99 34 expres-

341 1471 66 32 se
374 1471 99 32 velle
440 1471 88 32 male
494 1471 88 32 quam
549 1471 208 32 interpretatiue.
724 1471 66 32 Et
757 1471 77 32 cum
801 1471 131 32 arguitur
888 1471 66 32 quia

343 1495 101 43 tunc
406 1495 113 43 velle
482 1495 151 43 diligere
595 1495 101 43 deum
658 1495 88 43 per
709 1495 101 43 duos
772 1495 101 43 dies
835 1495 113 43 esset
898 1495 50 43 ma

343 1527 76 38 gis
387 1527 152 38 meritorium
506 1527 87 38 quam
561 1527 76 38 per
604 1527 87 38 vnum
658 1527 65 38 et
691 1527 76 38 sic
735 1527 174 38 consequenter
865 1527 87 38 igitur

345 1558 77 32 tur
389 1558 99 32 velle
455 1558 77 32 sic
499 1558 132 32 diligere
598 1558 77 32 per
642 1558 143 32 infinitos
751 1558 99 32 esset
817 1558 132 32 infinite
905 1558 44 32 me

340 1582 130 34 ritorium
438 1582 119 34 negatur
525 1582 174 34 consequentia
666 1582 98 34 sicut
731 1582 163 34 respondetur
861 1582 65 34 in
883 1582 65 34 argu

341 1614 119 33 mento.
424 1614 71 33 Et
460 1614 83 33 cum
507 1614 143 33 arguitur
614 1614 95 33 quod
674 1614 95 33 tunc
733 1614 119 33 volens
816 1614 143 33 diligere
911 1614 48 33 de

339 1636 64 43 um
371 1636 75 43 per
414 1636 139 43 infinitos
521 1636 85 43 dies
574 1636 118 43 haberet
660 1636 118 43 meritum
745 1636 139 43 infinitum
852 1636 85 43 quia
895 1636 64 43 tunc

341 1671 99 29 velle
407 1671 77 29 pro
451 1671 110 29 quanto
527 1671 99 29 esset
593 1671 132 29 respectu
692 1671 99 29 vnius
758 1671 121 29 illorum
834 1671 121 29 infinitor

341 1694 110 35 dierum
418 1694 99 35 esset
484 1694 132 35 alicuius
582 1694 99 35 certe
648 1694 164 35 quantitatis
780 1694 66 35 in
812 1694 110 35 merito
878 1694 77 35 istuo

346 1723 160 35 assumptum
469 1723 135 35 negatur
567 1723 99 35 quia
629 1723 148 35 respectu
740 1723 135 35 nullius
838 1723 99 35 diei
887 1723 62 35 est

343 1749 151 40 distincte
460 1749 70 40 et
495 1749 93 40 ideo
553 1749 70 40 ex
588 1749 105 40 nullo
658 1749 81 40 die
704 1749 81 40 est
751 1749 163 40 meritorius
867 1749 93 40 secun-

345 1777 93 36 dum
398 1777 146 36 aliquam
504 1777 160 36 precisam
624 1777 200 36 quantitatem
784 1777 133 36 meriti
864 1777 93 36 secus

348 1804 112 38 autem
422 1804 112 38 esset
497 1804 75 38 si
535 1804 87 38 per
585 1804 187 38 impossibile
734 1804 150 38 ferretur
834 1804 125 38 voluntas

342 1838 139 35 mediante
447 1838 116 35 aliquo
528 1838 105 35 velle
598 1838 128 35 actuali
691 1838 139 35 disticte
795 1838 105 35 super
853 1838 105 35 quemli-

348 1866 73 36 bet
389 1866 83 36 diem
441 1866 135 36 infinitor
545 1866 93 36 sicut
607 1866 93 36 solui
670 1866 135 36 huiusmodi
773 1866 62 36 in
805 1866 135 36 tractando
898 1866 52 36 se-

346 1894 81 36 ptem
396 1894 91 36 dubia
457 1894 91 36 prime
517 1894 141 36 lectionis.
628 1894 50 36 ⁋
648 1894 61 36 Ad
679 1894 91 36 illud
739 1894 61 36 de
769 1894 91 36 anima
830 1894 111 36 Christi
901 1894 50 36 re-

340 1920 130 36 pondendum
440 1920 70 36 est
480 1920 90 36 sicut
541 1920 60 36 de
571 1920 100 36 merito
641 1920 110 36 Christi
721 1920 60 36 et
751 1920 90 36 etiam
812 1920 80 36 quod
862 1920 70 36 ibi
892 1920 60 36 assu

342 1951 103 33 mitur
410 1951 103 33 primo
479 1951 114 33 contra
559 1951 103 33 illud
628 1951 92 33 quia
685 1951 80 33 non
731 1951 92 33 pono
788 1951 92 33 quod
845 1951 92 33 sola
891 1951 57 33 cir

343 1974 180 42 cunstantia
485 1974 154 42 temporis
601 1974 129 42 augeat
691 1974 154 42 meritum.
806 1974 64 42 ⁋
832 1974 90 42 Per
871 1974 77 42 idem

338 2004 76 36 ad
376 2004 140 36 tertiam
478 2004 191 36 probationem
630 2004 102 36 bene
694 2004 114 36 tamen
770 2004 102 36 volo
834 2004 114 36 sicut
897 2004 51 36 co

342 2032 103 36 cedit
410 2032 149 36 responsio
525 2032 80 36 ibi
571 2032 115 36 posita
651 2032 69 36 in
686 2032 149 36 argumento
800 2032 92 36 quod
846 2032 115 36 continu-

335 2062 101 39 atio
399 2062 114 39 actus
475 2062 76 39 ex
513 2062 101 39 noua
576 2062 215 39 deliberatione
753 2062 89 39 per
804 2062 114 39 talem
867 2062 89 39 modum

340 2092 81 48 quod
391 2092 71 48 sic
431 2092 142 48 disponatur
543 2092 122 48 voluntas
634 2092 81 48 tunc
685 2092 81 48 quod
736 2092 61 48 ex
766 2092 81 48 tali
807 2092 152 48 deliberatione

972 233 100 56 exiret
1042 233 110 56 nouiter
1122 233 60 56 in
1151 233 90 56 actum
1211 233 130 56 huiusmodi
1311 233 150 56 deliberatum
1431 233 80 56 dato
1480 233 80 56 quod
1520 233 70 56 illum

966 287 95 29 non
1021 287 149 29 haberet
1129 287 136 29 facere
1224 287 136 29 posset
1319 287 81 29 ad
1360 287 176 29 augmentum
1482 287 108 29 meriit

972 307 84 38 nec
1020 307 155 38 oppositum
1139 307 120 38 probat
1223 307 144 38 reductio
1331 307 120 38 illius
1415 307 155 38 argumenti
1522 307 72 38 quia

973 341 169 34 continuatio
1108 341 124 34 eiusdem
1199 341 203 34 deliberationis
1368 341 79 34 non
1413 341 158 34 sufficeret
1526 341 68 34 tali

983 368 141 36 voluntati
1092 368 65 36 ad
1124 368 119 36 nouiter
1211 368 185 36 principiandum
1363 368 98 36 talem
1428 368 98 36 actum
1493 368 65 36 in
1526 368 87 36 quo¬

976 393 86 35 libet
1034 393 115 35 instanti
1120 393 95 35 illius
1186 393 115 35 temponis
1272 393 76 35 dato
1320 393 76 35 quod
1368 393 67 35 non
1406 393 124 35 haberetur
1502 393 67 35 nec
1530 393 67 35 conti

974 424 101 34 nuata
1041 424 168 34 deliberatio
1175 424 123 34 faceret
1265 424 134 34 cogitare
1366 424 67 34 de
1400 424 134 34 qualibet
1489 424 101 34 instan-

980 452 62 29 ti
1011 452 103 29 illius
1083 452 124 29 temponis
1176 452 134 29 distincte
1279 452 62 29 de
1310 452 83 29 illo
1362 452 103 29 puncto
1434 452 103 29 habebo
1506 452 62 29 in
1527 452 62 29 alia

977 479 133 33 quastione
1079 479 133 33 articulum
1181 479 143 33 specialem.
1294 479 51 33 ⁋
1314 479 61 33 Ad
1345 479 112 33 quartum
1426 479 92 33 patet
1488 479 92 33 satis
1539 479 51 33 per

975 510 112 33 predicta
1059 510 65 33 qui
1096 510 75 33 sola
1142 510 158 33 circunstantia
1273 510 112 33 temponis
1357 510 65 33 non
1394 510 112 33 sufficit
1478 510 75 33 etc.
1515 510 75 33 igitur

976 536 100 35 negatur
1049 536 145 35 consequentia
1166 536 127 35 auctoritas
1266 536 127 35 philosophy
1366 536 109 35 loquitur
1448 536 64 35 ibi
1484 536 54 35 in
1511 536 73 35 casu
1548 536 45 35 vbi

980 564 135 33 oportet
1078 564 135 33 honores
1176 564 86 33 aut
1225 564 147 33 diuitias
1335 564 147 33 proucere
1446 564 123 33 gratia
1519 564 74 33 ami-

976 593 105 30 corum
1047 593 70 30 et
1082 593 117 30 patrie
1164 593 70 30 et
1199 593 82 30 pro
1246 593 129 30 virtute
1339 593 141 30 seruanda
1445 593 70 30 et
1480 593 94 30 tunc
1527 593 70 30 eli-

975 621 149 34 gibilius
1086 621 87 34 est
1136 621 99 34 mori
1198 621 74 34 et
1235 621 112 34 breui
1310 621 136 34 tempore
1409 621 99 34 bene
1471 621 124 34 viuere
1545 621 50 34 et

986 653 137 31 virtuose
1088 653 102 31 agere
1156 653 91 31 quam
1213 653 102 31 velle
1282 653 114 31 facere
1361 653 114 31 turpe.
1441 653 91 31 Item
1498 653 80 31 ita
1532 653 57 31 in-

983 678 110 33 tense
1056 678 122 33 posset
1142 678 98 33 quis
1203 678 147 33 virtuose
1313 678 122 33 viuere
1399 678 122 33 multis
1485 678 110 33 annis
1546 678 49 33 et

981 704 101 33 alius
1048 704 79 33 ita
1093 704 123 33 intense
1183 704 79 33 vno
1228 704 90 33 anno
1284 704 90 33 quod
1340 704 135 33 secundus
1441 704 101 33 esset
1497 704 90 33 virtuo

980 733 111 33 sior.
1054 733 135 33 Diceres
1152 733 74 33 in
1189 733 111 33 dicto
1263 733 98 33 casu
1324 733 123 33 mortis
1410 733 123 33 posset
1484 733 111 33 aliquis

979 762 151 31 eligere
1089 762 205 31 superuiuere
1253 762 205 31 commitiendo
1417 762 137 31 paruum
1499 762 96 31 turpe

979 791 77 27 vt
1018 791 129 27 postea
1108 791 155 27 longiori
1224 791 142 27 tempore
1327 791 142 27 faceret
1417 791 168 27 operationes

980 818 117 33 bonas
1058 818 91 33 que
1110 818 78 33 in
1149 818 130 33 merito
1240 818 182 33 excederent
1382 818 195 33 voluntariam
1525 818 65 33 suf

979 846 157 32 ferentiam
1100 846 133 32 mortis.
1196 846 145 32 Dicendum
1305 846 97 32 quod
1365 846 85 32 qui
1414 846 85 32 pro
1462 846 109 32 amore
1523 846 72 32 vite

975 873 187 33 temporalis
1122 873 201 33 committeret
1282 873 134 33 crimen
1376 873 214 33 indisponeret
1536 873 54 33 se

986 899 126 37 quantum
1077 899 69 37 in
1111 899 91 37 ipso
1168 899 80 37 est
1214 899 69 37 ad
1248 899 126 37 nunquam
1340 899 194 37 benefaciendum
1500 899 69 37 et
1522 899 69 37 ideo

978 933 86 30 non
1027 933 98 30 sunt
1088 933 147 30 facienda
1198 933 98 30 mala
1259 933 73 30 vt
1296 933 147 30 euentant
1406 933 159 30 quecumque
1517 933 73 30 bona

986 960 101 33 etiam
1053 960 157 33 verisimile
1177 960 79 33 est
1222 960 90 33 quod
1278 960 79 33 qui
1323 960 79 33 pro
1368 960 101 33 amore
1436 960 79 33 dei
1469 960 124 33 contempne

973 986 87 32 ret
1022 986 74 32 in
1059 986 99 32 tali
1121 986 99 32 casu
1183 986 87 32 non
1232 986 111 32 solum
1307 986 111 32 vitam
1381 986 173 32 corporalem
1504 986 87 32 verum

970 1018 127 32 etiam
1055 1018 184 32 profectum
1196 1018 155 32 futurum
1309 1018 85 32 in
1351 1018 169 32 remissum
1464 1018 127 32 meritum

980 1037 161 35 acciperet
1103 1037 111 35 totum
1177 1037 86 35 cum
1227 1037 124 35 vsuris
1313 1037 74 35 de
1350 1037 86 35 dei
1400 1037 124 35 gratia
1474 1037 111 35 specia-

977 1071 66 34 li
1010 1071 100 34 cuius
1076 1071 122 34 honorem
1165 1071 66 34 et
1198 1071 100 34 bonum
1264 1071 199 34 rationabilitur
1430 1071 144 34 praetulit
1530 1071 55 34 pro

981 1099 85 36 prio
1034 1099 117 36 commodo
1119 1099 64 36 in
1151 1099 117 36 futuris
1236 1099 85 36 vnde
1289 1099 159 36 turpissimum
1417 1099 74 36 est
1459 1099 85 36 quod
1512 1099 64 36 de
1534 1099 42 36 ne

973 1127 141 34 cessitate
1082 1127 119 34 salutis
1169 1127 119 34 tenetur
1255 1127 130 34 commodum
1353 1127 98 34 talem
1418 1127 141 34 possibile
1516 1127 65 34 post

977 1158 117 33 ponere
1059 1158 70 33 in
1095 1158 94 33 tali
1153 1158 106 33 casu.
1224 1158 59 33 ⁋
1247 1158 70 33 Ad
1282 1158 129 33 quintum
1376 1158 94 33 dico
1435 1158 94 33 quod
1493 1158 82 33 non
1528 1158 59 33 ha-

980 1183 92 39 beo
1033 1183 211 39 conclusionem
1204 1183 79 39 ad
1244 1183 106 39 quam
1310 1183 172 39 deducitur
1442 1183 92 39 pro
1481 1183 106 39 impos-

975 1210 114 37 sibili
1054 1210 68 37 et
1088 1210 125 37 concedo
1179 1210 102 37 etiam
1248 1210 91 37 quod
1305 1210 91 37 ista
1361 1210 102 37 anima
1430 1210 80 37 non
1475 1210 102 37 habet
1532 1210 57 37 nec

972 1242 130 34 habere
1063 1242 130 34 posset
1153 1242 143 34 optimam
1257 1242 130 34 formam
1348 1242 78 34 in
1387 1242 78 34 ea
1426 1242 65 34 a
1451 1242 91 34 deo
1490 1242 91 34 crea-

971 1267 108 35 bilem
1043 1267 72 35 de
1079 1267 84 35 sua
1127 1267 144 35 potentia
1235 1267 144 35 absoluta
1344 1267 84 35 ymo
1392 1267 84 35 nec
1440 1267 120 35 omnino
1512 1267 72 35 alia

970 1298 135 39 creatura.
1073 1298 52 39 ⁋
1094 1298 62 39 Ad
1125 1298 124 39 magister
1218 1298 83 39 dico
1270 1298 83 39 quod
1322 1298 124 39 loquitur
1415 1298 62 39 oe
1446 1298 124 39 potentia
1529 1298 52 39 dei

975 1327 146 34 ordinata.
1087 1327 56 34 ⁋
1109 1327 67 34 Ad
1143 1327 112 34 sextum
1221 1327 134 34 dicendum
1322 1327 90 34 quod
1378 1327 78 34 non
1423 1327 78 34 est
1468 1327 112 34 contra
1535 1327 45 34 me

974 1355 69 35 nec
1013 1355 88 35 etiam
1072 1355 117 35 septimum
1160 1355 78 35 quia
1209 1355 69 35 non
1248 1355 78 35 pono
1297 1355 78 35 quod
1346 1355 78 35 sola
1395 1355 166 35 circunstantia
1522 1355 59 35 ten-

975 1386 102 33 poris
1043 1386 147 33 promoueat
1156 1386 91 33 siue
1213 1386 102 33 pluri
1281 1386 113 33 restat
1360 1386 159 33 respondere
1484 1386 68 33 ad
1507 1386 68 33 argu

969 1413 99 34 menta
1035 1413 164 34 principalia
1166 1413 99 34 trium
1232 1413 131 34 sociorum
1330 1413 109 34 contra
1407 1413 77 34 me.
1451 1413 55 34 ⁋
1473 1413 66 34 Ad
1494 1413 88 34 primum

971 1442 121 27 concedo
1059 1442 88 27 quod
1114 1442 88 27 deus
1169 1442 66 27 de
1202 1442 77 27 sua
1246 1442 132 27 potentia
1345 1442 132 27 absoluta
1444 1442 110 27 posset
1510 1442 66 27 face

976 1465 61 36 re
1006 1465 112 36 aliquod
1088 1465 102 36 corpus
1160 1465 82 36 quod
1211 1465 61 36 in
1242 1465 82 36 illa
1293 1465 153 36 proportione
1415 1465 133 36 excederet
1507 1465 72 36 totum

974 1495 128 33 vniuersum
1073 1495 128 33 corporeum
1171 1495 79 33 quod
1221 1495 79 33 nunc
1270 1495 69 33 est
1310 1495 118 33 secundum
1398 1495 109 33 valorem
1467 1495 109 33 entitatis

971 1528 92 30 super
1032 1528 132 30 entitatem
1134 1528 122 30 vniuersi
1225 1528 102 30 istius
1297 1528 102 30 corpei
1368 1528 92 30 sicut
1429 1528 71 30 sol
1470 1528 81 30 iste
1511 1528 71 30 exce-

971 1550 75 35 dit
1014 1550 97 35 aerem
1079 1550 86 35 quem
1133 1550 108 35 subito
1208 1550 140 35 illuminat
1316 1550 75 35 vel
1359 1550 108 35 subito
1423 1550 162 35 illuminaretst

970 1579 103 41 subito
1042 1579 82 41 sibi
1093 1579 185 41 approximaretur
1248 1579 72 41 nec
1289 1579 124 41 sequitur
1381 1579 82 41 quod
1433 1579 82 41 tale
1484 1579 72 41 sic
1515 1579 62 41 exce

978 1610 87 31 dens
1033 1610 109 31 posset
1109 1610 109 31 subito
1185 1610 98 31 illud
1251 1610 142 31 vniuersum
1360 1610 175 31 transimutare
1491 1610 87 31 locali

975 1636 70 37 ter
1015 1636 60 37 et
1045 1636 89 37 aliis
1104 1636 209 37 transmutationibus
1283 1636 129 37 praecipue
1382 1636 70 37 cum
1422 1636 99 37 corpus
1492 1636 70 37 non
1521 1636 60 37 pos-

978 1663 78 34 sit
1022 1663 111 34 subito
1100 1663 155 34 transferri
1222 1663 67 34 de
1255 1663 89 34 situ
1311 1663 67 34 ad
1344 1663 100 34 situm
1411 1663 89 34 nisi
1466 1663 55 34 a
1488 1663 89 34 sola
1533 1663 55 34 dei

986 1695 141 32 potentia
1092 1695 141 32 infinita
1197 1695 70 32 et
1232 1695 94 32 tunc
1291 1695 141 32 vlterior
1396 1695 141 32 deductio
1502 1695 82 32 non
1537 1695 47 32 ha

976 1718 79 35 bet
1021 1718 102 35 locum
1089 1718 79 35 sol
1134 1718 91 35 enim
1191 1718 102 35 solum
1259 1718 113 35 finite
1339 1718 125 35 excedit
1429 1718 102 35 aerem
1497 1718 68 35 in
1520 1718 68 35 per-

976 1747 130 38 fectione
1074 1747 65 38 et
1107 1747 87 38 sibi
1161 1747 120 38 concedo
1248 1747 76 38 sit
1291 1747 109 38 igitur
1368 1747 87 38 quod
1422 1747 65 38 in
1455 1747 130 38 centuplo
1542 1747 43 38 et

971 1778 141 32 capiatur
1077 1778 82 32 .c.
1124 1778 129 32 calidum
1218 1778 94 32 quod
1277 1778 70 32 in
1312 1778 106 32 eadem
1382 1778 176 32 proportione
1512 1778 70 32 exce

976 1806 90 36 dat.
1032 1806 68 36 d.
1066 1806 135 36 frigidum
1168 1806 90 36 tunc
1224 1806 79 36 non
1269 1806 124 36 oportet
1359 1806 90 36 quod
1416 1806 68 36 c.
1450 1806 113 36 subito
1517 1806 68 36 cor-

977 1839 126 30 rumpat.
1068 1839 69 30 d.
1102 1839 114 30 igitur
1182 1839 91 30 ista
1239 1839 183 30 consequentia
1388 1839 80 30 non
1434 1839 103 30 valet
1502 1839 80 30 .c.
1536 1839 46 30 ex

973 1862 113 33 cedit.
1052 1862 56 33 d
1074 1862 68 33 in
1108 1862 90 33 illa
1165 1862 169 33 proportione
1300 1862 68 33 in
1334 1862 79 33 qua
1379 1862 79 33 sol
1424 1862 124 33 excedit
1503 1862 79 33 aerem

974 1889 117 37 igitur
1056 1889 106 37 sicut
1127 1889 82 37 sol
1174 1889 117 37 subito
1256 1889 152 37 illuminat
1373 1889 106 37 aerem
1443 1889 82 37 ita
1490 1889 70 37 c.
1514 1889 70 37 pote

971 1918 85 37 rat
1019 1918 121 37 subito
1104 1918 182 37 corrumpere.
1249 1918 73 37 d.
1286 1918 109 37 cuius
1358 1918 109 37 causa
1431 1918 85 37 est
1479 1918 97 37 quia
1540 1918 73 37 in

969 1950 108 32 medio
1041 1950 108 32 nulla
1113 1950 84 32 est
1162 1950 181 32 resistentia
1306 1950 144 32 formalis
1414 1950 84 32 vel
1451 1950 132 32 virtualis

973 1975 139 37 respectu
1078 1975 127 37 luminis
1170 1975 69 37 in
1205 1975 93 37 ipso
1263 1975 162 37 producendi
1390 1975 104 37 sicut
1460 1975 81 37 est
1494 1975 93 37 forma-

966 2001 76 36 lis
1010 2001 174 36 contrarietas
1151 2001 131 36 frigoris
1249 2001 65 36 ad
1282 2001 131 36 calorem.
1380 2001 54 36 ⁋
1402 2001 65 36 Ad
1434 2001 131 36 secundum
1522 2001 54 36 con

974 2030 97 36 ceditur
1044 2030 140 36 consequentia
1159 2030 70 36 quia
1202 2030 61 36 non
1238 2030 61 36 est
1273 2030 88 36 dubium
1334 2030 61 36 qui
1369 2030 70 36 deus
1413 2030 88 36 posset
1475 2030 88 36 facere
1527 2030 53 36 ali-

972 2059 86 31 quod
1026 2059 128 31 accidens
1122 2059 96 31 duplo
1186 2059 139 31 extensius
1293 2059 64 31 et
1325 2059 96 31 tamen
1389 2059 86 31 eque
1443 2059 128 31 intensum
1529 2059 53 31 cum

974 2088 69 44 hac
1014 2088 109 44 albedie
1093 2088 99 44 pedali
1162 2088 59 44 et
1192 2088 129 44 quadruplo
1290 2088 129 44 extensius
1389 2088 59 44 et
1419 2088 69 44 sic
1458 2088 59 44 in
1478 2088 109 44 infinitum
