1779 2500
189 221 119 55 igitur
272 221 83 55 vel
320 221 166 55 substantia
450 221 154 55 informata
569 221 83 55 hac
616 221 142 55 albedine
711 221 95 55 pedali

186 272 149 29 extendit
298 272 149 29 secundum
409 272 199 29 perfectionem
571 272 100 29 suam
633 272 162 29 albedinem
745 272 50 29 in

191 298 120 31 finite
275 298 84 31 vel
323 298 120 31 tandem
406 298 144 31 duplando
514 298 84 31 vel
562 298 191 31 quadruplando
717 298 72 31 et
741 298 60 31 sic

190 328 124 33 deiceps
280 328 146 33 albedinem
392 328 101 33 talem
460 328 146 33 extensiue
573 328 135 33 venietur
674 328 68 33 ad
697 328 101 33 aliquam

193 355 136 32 albedinem
297 355 126 32 extensam
392 355 168 32 perfectionem
528 355 73 32 hac
570 355 147 32 substantia
686 355 94 32 prius
738 355 63 32 data

189 387 100 32 duplo
256 387 89 32 enim
311 387 145 32 extensior
423 387 111 32 albedo
501 387 78 32 est
545 387 100 32 duplo
612 387 156 32 perfectior
723 387 78 32 ceta-

190 413 73 33 ris
231 413 115 33 paribus
315 413 63 33 et
347 413 73 33 sic
389 413 115 33 deiceps
473 413 84 33 vnde
525 413 147 33 augustinus
641 413 52 33 7
662 413 63 33 de
683 413 115 33 trinitate

186 439 78 32 ca.
230 439 67 32 2.
264 439 67 32 de
297 439 111 32 magnis
375 439 78 32 et.
420 439 89 32 409.
475 439 67 32 oe
509 439 111 32 paruis
587 439 67 32 et
620 439 122 32 recitat
709 439 78 32 hic
742 439 56 32 ma.

187 467 70 30 li.
227 467 91 30 primo
288 467 70 30 di.
328 467 70 30 10.
368 467 70 30 ca.
408 467 70 30 10.
449 467 70 30 et.
489 467 81 30 2xi.
539 467 70 30 vbi
580 467 91 30 dicit
640 467 60 30 in
670 467 111 30 statuis
741 467 60 30 equa

193 498 100 30 libus
259 498 88 30 plus
315 498 88 30 auri
370 498 77 30 est
414 498 88 30 tres
469 498 100 30 simul
536 498 88 30 quam
591 498 133 30 singule.
690 498 66 30 Et
713 498 88 30 iterum

184 524 75 34 in
222 524 88 34 his
272 524 113 34 rebus
348 524 201 34 corporalibus
511 524 88 34 non
561 524 125 34 tantum
649 524 88 34 est
699 524 100 34 vnus
749 524 50 34 ho

183 556 72 35 mo
219 556 97 35 quam
280 556 97 35 tres
340 556 133 35 homines
437 556 109 35 simul
509 556 72 35 et
545 556 97 35 plus
606 556 133 35 aliquid
702 556 97 35 sunt
751 556 48 35 ho

190 581 99 30 mines
256 581 77 30 duo
300 581 88 30 quam
354 581 88 30 vnus
409 581 88 30 homo
464 581 109 30 opetet
540 581 109 30 igitur
617 581 77 30 eum
661 581 109 30 dicere
737 581 88 30 quod

188 612 135 31 substantia
294 612 58 31 et
323 612 115 31 accidens
409 612 67 31 non
448 612 77 31 sunt
496 612 115 31 secundum
583 612 96 31 certam
640 612 154 31 proportionalem

191 640 172 34 perfectionem
331 640 129 34 adiuicem
428 640 172 34 comparabiles
568 640 65 34 et
600 640 75 34 ita
633 640 161 34 respondebitur

194 668 76 31 sibi
242 668 67 31 vel
280 668 86 31 dabit
337 668 76 31 quod
385 668 133 31 procedendo
489 668 76 31 modo
537 668 124 31 praedicto
632 668 105 31 secudum
698 668 105 31 extensio-

195 699 72 31 nem
236 699 135 31 puenietur
340 699 62 31 ad
371 699 124 31 accidens
464 699 145 31 perfectius
578 699 93 31 prima
640 699 135 31 substatia
733 699 62 31 data

187 724 60 34 et
217 724 80 34 pari
267 724 110 34 ratione
347 724 70 34 non
387 724 90 34 debet
447 724 70 34 hoc
487 724 100 34 habere
557 724 70 34 pro
597 724 170 34 inconuenienti
727 724 70 34 proce

189 750 98 31 dendo
255 750 218 31 proportionaliter
440 750 98 31 intem
505 750 87 31 siue
560 750 153 31 vlteriores
680 750 76 31 sue
713 750 76 31 conse

196 782 116 30 quentie
281 782 63 30 in
313 782 85 30 isto
366 782 137 30 argumento
471 782 74 30 non
514 782 106 30 habent
588 782 159 30 existentiam
714 782 74 30 nec
746 782 53 30 co-

190 807 94 33 lorem.
255 807 113 33 Sciendum
340 807 85 33 tamen
397 807 75 33 quod
444 807 103 33 solutio
519 807 75 33 ista
566 807 94 33 melior
632 807 66 33 est
669 807 75 33 quam
716 807 75 33 illa
754 807 47 33 qua

193 836 105 34 dicitur
270 836 76 34 quod
318 836 134 34 substantia
423 836 124 34 Faccidens
518 836 67 34 non
556 836 76 34 sunt
604 836 105 34 proprie
671 836 124 34 imperfectio

188 864 60 31 ne
218 864 169 31 comparabiles.
357 864 50 31 â‹
377 864 60 31 Ad
407 864 109 31 tertium
487 864 60 31 de
516 864 100 31 gratia
586 864 90 31 anime
646 864 109 31 Christi
715 864 80 31 creata

193 894 76 30 dico
241 894 76 30 quod
289 894 76 30 illa
337 894 76 30 fuit
384 894 95 30 finita
451 894 67 30 nec
489 894 86 30 tamen
547 894 95 30 potuit
614 894 115 30 secundum
690 894 105 30 ordinatam

188 921 68 30 dei
227 921 126 30 potentiam
324 921 126 30 proficere
421 921 58 30 ad
450 921 107 30 maionem
528 921 87 30 sicut
586 921 87 30 dicit
644 921 116 30 magiste.
732 921 68 30 di.
761 921 29 30 1

191 949 68 34 3e.
230 949 87 34 libri
288 949 58 34 et
317 949 68 34 di.
356 949 58 34 10
385 949 68 34 Sed
423 949 77 34 quae
472 949 97 34 fuerit
540 949 87 34 causa
598 949 97 34 illius
665 949 145 34 respondendo

191 978 74 33 ad
228 978 161 33 argumenta
352 978 136 33 secundi
451 978 198 33 impugnatoris
611 978 87 33 mei
649 978 149 33 explicabo.

212 1005 69 36 Ad
246 1005 92 36 eius
304 1005 115 36 primum
384 1005 149 36 respondeo
499 1005 103 36 sicut
568 1005 103 36 supra
637 1005 69 36 et
672 1005 69 36 ad
706 1005 92 36 eius
752 1005 46 36 re

192 1037 147 29 ductionem
305 1037 91 29 dico
362 1037 91 29 quod
418 1037 147 29 capacitas
531 1037 102 29 vasis
599 1037 159 29 attenditur
713 1037 79 29 penes

189 1063 153 36 quantitatem
311 1063 122 36 corporis
402 1063 102 36 ipsius
474 1063 153 36 naturaliter
596 1063 132 36 repletiui
697 1063 71 36 sic
728 1063 61 36 quod

186 1090 72 37 per
227 1090 113 37 naturam
309 1090 103 37 neutro
381 1090 154 37 difformiter
505 1090 62 37 se
536 1090 113 37 habente
618 1090 124 37 secundum
700 1090 93 37 rarefa-

180 1120 118 36 ctionem
266 1120 75 36 vel
309 1120 203 36 condempsationem
480 1120 75 36 vel
523 1120 171 36 figurationem
662 1120 64 36 et
683 1120 118 36 huiusmodi

187 1150 86 30 non
236 1150 135 30 poterit
334 1150 86 30 per
384 1150 135 30 agentia
482 1150 123 30 creata
568 1150 148 30 secundum
667 1150 123 30 communem

187 1178 98 34 modum
252 1178 109 34 nature
328 1178 65 34 et
361 1178 163 34 infiuentiam
492 1178 141 34 generalem
600 1178 65 34 et
633 1178 98 34 simul
698 1178 87 34 plus
742 1178 54 34 vel

186 1205 103 38 plura
254 1205 137 38 recipere
357 1205 114 38 stante
437 1205 91 38 tali
494 1205 171 38 repletione.
631 1205 80 38 Sed
677 1205 103 38 certe
734 1205 57 38 per

193 1236 103 33 eandem
265 1236 155 33 capacitatem
389 1236 103 33 omnino
461 1236 72 33 non
503 1236 155 33 augmentatam
627 1236 83 33 quae
678 1236 103 33 posset
740 1236 52 33 per

182 1263 139 32 agentia
284 1263 165 32 naturalia
411 1263 139 32 repleri
512 1263 139 32 corpore
613 1263 127 32 pedali
690 1263 101 32 posset

186 1292 56 37 a
208 1292 135 37 potentia
310 1292 135 37 increata
411 1292 102 37 mille
479 1292 102 37 milia
547 1292 113 37 priori
626 1292 124 37 equalia
705 1292 90 37 simter

182 1323 113 33 capere
261 1323 68 33 et
294 1323 90 33 idem
351 1323 225 33 proportionaliter
542 1323 90 33 dico
599 1323 68 33 de
632 1323 101 33 forma
689 1323 101 33 spiritu

185 1351 71 32 ali
225 1351 61 32 et
256 1351 122 32 subiecto
347 1351 172 32 perfectionali
489 1351 71 32 per
529 1351 101 32 eandem
600 1351 81 32 quia
651 1351 71 32 per
692 1351 101 32 eandem
752 1351 41 32 ca

187 1377 147 39 pacitatem
299 1377 113 39 posset
378 1377 101 39 anima
446 1377 135 39 recipere
547 1377 158 39 charitatem
671 1377 101 39 mille
728 1377 56 39 gra

186 1408 93 30 duum
244 1408 70 30 et
279 1408 81 30 non
326 1408 104 30 vltra
395 1408 174 30 naturaliter
535 1408 116 30 posset
616 1408 58 30 a
639 1408 81 30 deo
674 1408 116 30 recipere

184 1432 100 35 mille
250 1432 122 35 millies
339 1432 66 35 et
372 1432 78 35 non
416 1432 78 35 tot
461 1432 89 35 quin
516 1432 111 35 plures
594 1432 66 35 de
627 1432 89 35 isto
682 1432 100 35 etiam
738 1432 55 35 vi-

182 1461 64 40 de
214 1461 64 40 in
246 1461 64 40 id
278 1461 75 40 est
321 1461 64 40 q.
353 1461 96 40 primi
417 1461 64 40 in
449 1461 96 40 primo
513 1461 117 40 latere.
599 1461 53 40 4
620 1461 107 40 folum.
695 1461 64 40 Ad
716 1461 75 40 aliam

190 1486 88 36 formam
252 1486 70 36 suam
296 1486 97 36 dicitur
366 1486 70 36 quod
410 1486 53 36 in
436 1486 88 36 homine
498 1486 61 36 non
533 1486 97 36 oportet
603 1486 70 36 quod
647 1486 61 36 per
682 1486 61 36 hoc
717 1486 70 36 quod
752 1486 44 36 or-

183 1517 104 35 ganum
253 1517 104 35 oculi
322 1517 138 35 infirmum
426 1517 127 35 sanatur
518 1517 92 35 quod
576 1517 150 35 capacitas
680 1517 115 35 augeatur

190 1545 94 43 saltem
256 1545 142 43 principalis
369 1545 123 43 receptiui
463 1545 113 43 visionis
548 1545 76 43 quia
596 1545 85 43 anima
652 1545 76 43 quae
700 1545 66 43 est
728 1545 66 43 proxi

183 1572 82 37 mum
230 1572 70 37 et
265 1572 164 37 immediatum
394 1572 164 37 receptiuum
523 1572 106 37 huius
594 1572 129 37 visiois
687 1572 106 37 manet
746 1572 47 37 an

184 1602 65 34 te
217 1602 65 34 et
249 1602 86 34 post
303 1602 86 34 eque
357 1602 97 34 capax
421 1602 97 34 huius
486 1602 129 34 visionis
583 1602 97 34 licet
648 1602 119 34 propter
723 1602 65 34 impo

181 1633 128 34 dimenta
275 1633 82 34 non
321 1633 117 34 semper
403 1633 152 34 equalitur
520 1633 128 34 capiat.
613 1633 128 34 Siganum
706 1633 93 34 aute
753 1633 35 34 a

181 1655 190 37 instrumentum
335 1655 130 37 videndi
430 1655 119 37 actiue
513 1655 202 37 coprincipians
667 1655 119 37 visionem

188 1683 64 39 et
220 1683 86 39 ideo
274 1683 64 39 si
306 1683 150 39 infirmitas
425 1683 64 39 in
457 1683 107 39 organo
532 1683 129 39 abstulit
629 1683 118 39 aliquam
704 1683 86 39 partem

186 1715 95 33 oculi
250 1715 158 33 necessariam
376 1715 63 33 ad
408 1715 127 33 visionem
503 1715 84 33 tunc
556 1715 116 33 concedo
640 1715 84 33 quod
682 1715 106 33 respectu

181 1742 82 40 sui
228 1742 130 40 tanquam
323 1742 153 40 receptiui
440 1742 212 40 instrumentalis
617 1742 130 40 oportet
700 1742 94 40 augeri

189 1772 83 36 eius
241 1772 156 36 capacitatem
365 1772 94 36 sicut
428 1772 62 36 et
459 1772 83 36 eius
511 1772 135 36 entitatem
615 1772 62 36 si
646 1772 94 36 debet
709 1772 83 36 esse
750 1772 42 36 ca

189 1802 71 35 pax
229 1802 122 35 perfecte
321 1802 112 35 speciei
402 1802 101 35 qualis
473 1802 61 35 et
503 1802 101 35 quante
574 1802 71 35 est
615 1802 91 35 capax
675 1802 91 35 sanum
726 1802 61 35 orga

194 1830 76 33 tum
237 1830 65 33 et
270 1830 140 33 integrum.
378 1830 65 33 Si
410 1830 97 33 autem
475 1830 86 33 ista
529 1830 151 33 infirmitas
648 1830 97 33 nihil
702 1830 86 33 abstu-

187 1855 80 40 lit
232 1855 68 40 de
266 1855 171 40 integritate
403 1855 102 40 huius
471 1855 114 40 organi
551 1855 80 40 sed
596 1855 80 40 est
631 1855 159 40 incorporatio

188 1888 136 32 alicuius
290 1888 125 32 humoris
381 1888 136 32 indebiti
483 1888 79 32 vel
528 1888 79 32 est
573 1888 79 32 per
619 1888 159 32 qualitatem
732 1888 57 32 ali

183 1917 93 30 quam
241 1917 162 30 superflaam
369 1917 81 30 qua
415 1917 116 30 actiua
496 1917 151 30 naturalia
612 1917 174 30 impediuntur
751 1917 69 30 in

183 1945 96 37 tali
243 1945 120 37 organo
327 1945 132 37 causare
423 1945 96 37 suos
483 1945 144 37 effectus
592 1945 168 37 requisitos
724 1945 72 37 ad
748 1945 36 37 v

186 1970 101 41 sionem
257 1970 61 41 in
287 1970 91 41 anima
348 1970 152 41 naturaliter
470 1970 132 41 causandam
571 1970 81 41 tunc
622 1970 81 41 dico
672 1970 81 41 quod
723 1970 91 41 illud

184 1998 124 35 organum
274 1998 101 35 tante
341 1998 124 35 speciei
432 1998 79 35 vel
477 1998 124 35 luminis
567 1998 79 35 est
612 1998 101 35 capax
679 1998 101 35 sicut
736 1998 56 35 or-

182 2030 101 37 ganum
249 2030 101 37 sanum
316 2030 78 37 nec
361 2030 112 37 sanare
439 2030 101 37 ipsum
506 2030 89 37 erit
562 2030 112 37 augere
640 2030 89 37 eius
684 2030 101 37 capaci-

181 2058 104 33 tatem
251 2058 81 33 sed
297 2058 81 33 est
344 2058 185 33 impedimentum
494 2058 127 33 amouere
587 2058 139 33 loquendo
691 2058 104 33 autem
749 2058 46 33 de

185 2083 115 52 visione
268 2083 94 52 biuti
331 2083 157 52 responderem
456 2083 73 52 tam
498 2083 63 52 de
529 2083 94 52 anima
592 2083 84 52 quam
644 2083 63 52 de
675 2083 104 52 organo
738 2083 52 52 vi

829 229 102 50 dendi
897 229 228 50 proportionaliter
1090 229 102 50 sicut
1159 229 80 50 iam
1204 229 91 50 dixi
1261 229 68 50 de
1295 229 91 50 solo
1341 229 91 50 organo

822 278 84 36 quia
875 278 95 36 talis
938 278 95 36 anima
1002 278 74 36 est
1044 278 95 36 forma
1107 278 116 36 extensa
1191 278 63 36 et
1223 278 84 36 nata
1276 278 84 36 ledi
1329 278 63 36 et
1350 278 84 36 corrum

821 304 62 32 pi
852 304 62 32 in
883 304 73 32 vna
925 304 94 32 parte
987 304 198 32 substantialiter
1154 304 94 32 etiam
1216 304 83 32 eius
1268 304 83 32 alia
1320 304 94 32 parte
1373 304 62 32 rema

822 335 97 29 nente
887 335 205 29 substantialiter
1059 335 119 29 integra
1146 335 65 29 et
1178 335 75 29 ita
1221 335 97 29 etiam
1286 335 65 29 de
1318 335 108 29 organo
1383 335 43 29 si

826 362 78 30 cut
871 362 112 30 dictum
949 362 78 30 est
994 362 67 30 in
1027 362 123 30 homine.
1117 362 78 30 Sed
1161 362 112 30 contra
1240 362 90 30 ista
1296 362 112 30 arguit
1363 362 67 30 iste

825 391 67 31 ma.
864 391 67 31 sic
902 391 57 31 si
930 391 67 31 hoc
968 391 86 31 esset
1025 391 95 31 verum.
1092 391 114 31 scilicet
1178 391 76 31 quod
1225 391 105 31 viatore
1302 391 133 31 conseruato
1397 391 38 31 vl

820 418 77 36 tra
864 418 144 36 quodlibet
975 418 111 36 tempus
1052 418 122 36 finitum
1141 418 111 36 dandum
1218 418 88 36 ipse
1273 418 122 36 posset,
1351 418 77 36 auge-

819 445 67 39 re
852 445 123 39 meritum
941 445 89 39 suum
997 445 100 39 vltra
1064 445 156 39 quemcunque
1187 445 111 39 gradum
1265 445 123 39 finitum
1343 445 89 39 dandum

822 476 70 32 et
857 476 233 32 proportionaliter
1055 476 140 32 recipere
1160 476 128 32 primium
1253 476 81 32 sua
1287 476 140 32 capacitate

820 504 74 32 non
863 504 95 32 aucta
926 504 127 32 sequitur
1021 504 84 32 quod
1074 504 137 32 quaelibet
1179 504 127 32 creatura
1274 504 148 32 rationalis
1379 504 53 32 sit

820 530 101 35 tante
887 530 168 35 capacitatis
1022 530 90 35 quod
1078 530 90 35 deus
1134 530 79 35 non
1179 530 112 35 posset
1258 530 112 35 creare
1325 530 101 35 creatum

814 556 83 40 ram
862 556 131 40 maioris
957 556 178 40 capacitatis
1099 556 143 40 respectu
1206 556 119 40 gratie
1289 556 71 40 in
1313 556 119 40 presenti

822 588 64 36 et
854 588 97 36 primu
919 588 64 36 in
951 588 107 36 futuro
1026 588 86 36 quia
1080 588 64 36 si
1112 588 129 36 qualibet
1208 588 129 36 creatura
1294 588 129 36 rationalis

820 615 79 39 est
865 615 102 39 capax
933 615 125 39 maioris
1023 615 113 39 gratie
1103 615 91 39 sine
1159 615 102 39 statu
1227 615 79 39 hic
1273 615 68 39 in
1306 615 79 39 via
1352 615 68 39 et
1374 615 57 39 ma-

823 642 93 39 ioris
885 642 103 39 meriti
957 642 124 39 sequitur
1050 642 83 39 quod
1102 642 62 39 in
1133 642 103 39 patria
1205 642 83 39 erit
1256 642 93 39 capax
1318 642 93 39 vltra
1370 642 62 39 quem

817 673 117 34 cunque
899 673 117 34 gradum
981 673 175 34 dilectionis
1121 673 187 34 consequentis
1273 673 140 34 visionem
1367 673 58 34 bea

816 700 124 33 tificam
906 700 90 33 sine
963 700 102 33 statu
1030 700 90 33 quia
1087 700 68 33 de
1121 700 136 33 potentia
1223 700 79 33 sua
1268 700 136 33 absoluta
1369 700 79 33 non

820 731 110 34 posset
897 731 88 34 deus
952 731 88 34 alio
1008 731 110 34 genere
1085 731 121 34 priemum
1173 731 143 34 equaliter
1272 731 155 34 primiarequam

819 759 129 32 visione
913 759 153 32 beatifica
1031 759 82 32 sui
1078 759 70 32 et
1113 759 164 32 dilectione
1242 759 129 32 conseqi
1336 759 94 32 ente
1383 759 47 32 et

824 782 80 38 ita
869 782 136 38 sequitur
971 782 91 38 quod
1028 782 68 38 in
1062 782 114 38 patria
1142 782 102 38 omnes
1210 782 159 38 substantie
1324 782 102 38 rationa

814 810 89 36 les
865 810 101 36 sunt
928 810 139 36 equalis
1030 810 203 36 capacitatis.
1195 810 190 36 Respondetur
1334 810 89 36 conce

810 841 109 33 dendo
882 841 205 33 consequentiam
1051 841 72 33 de
1087 841 169 33 capacitate
1220 841 84 33 vel
1268 841 145 33 potentia
1365 841 60 33 vel

826 870 197 36 posssibilitate
990 870 131 36 capiendi
1089 870 186 36 obedientiali.
1242 870 77 36 Sed
1286 870 77 36 non
1319 870 98 36 sequitu

817 902 143 30 ioquendo
925 902 72 30 de
960 902 167 30 capacitate
1092 902 143 30 naturali
1199 902 131 30 actuali
1295 902 96 30 quae
1354 902 72 30 ad
1378 902 48 30 ea

815 928 84 35 que
863 928 120 35 potest
947 928 120 35 capere
1031 928 144 35 secundum
1140 928 120 35 cursum
1224 928 156 35 naturalem
1344 928 72 35 et
1368 928 60 35 dei

812 957 159 33 potentiam
934 957 159 33 ordinatam
1056 957 196 33 singulariter
1215 957 110 33 tamen
1289 957 73 33 de
1313 957 110 33 praemio

812 988 152 33 essentiali
932 988 141 33 beatifico
1040 988 119 33 concedo
1127 988 87 33 quod
1181 988 76 33 est
1225 988 98 33 visio
1290 988 76 33 dei
1333 988 76 33 vel
1366 988 54 33 di-

813 1010 114 40 lectio
892 1010 80 40 vel
938 1010 159 40 delectatio
1063 1010 80 40 sed
1108 1010 80 40 non
1153 1010 80 40 tot
1199 1010 91 40 quin
1256 1010 114 40 plures
1324 1010 102 40 secundm

815 1040 134 32 speciem
913 1040 98 32 sunt
974 1040 171 32 possibiles
1108 1040 86 32 dei
1157 1040 147 32 visiones
1267 1040 73 32 et
1292 1040 134 32 beatifice

812 1067 176 36 fruitiones
951 1067 76 36 et
989 1067 214 36 delectationes
1165 1067 76 36 et
1203 1067 88 36 hoc
1253 1067 88 36 non
1291 1067 138 36 concludit

814 1099 111 36 contra
892 1099 100 36 illud
958 1099 89 36 quod
1014 1099 78 36 ego
1058 1099 89 36 dixi
1114 1099 89 36 quod
1169 1099 78 36 non
1214 1099 111 36 semper
1292 1099 133 36 creatura
1381 1099 44 36 ra

816 1126 130 38 tsbnalis
914 1126 87 38 data
968 1126 108 38 potest
1043 1126 130 38 recipere
1141 1126 87 38 plus
1195 1126 65 38 et
1227 1126 87 38 plus
1281 1126 108 38 primum
1357 1126 65 38 in
1379 1126 43 38 ec

808 1156 86 33 dem
857 1156 123 33 genere
943 1156 74 33 et
979 1156 86 33 hoc
1029 1156 98 33 fine
1090 1156 147 33 speciali
1200 1156 147 33 miraculo
1311 1156 86 33 sed
1347 1156 74 33 ben-

817 1183 70 32 in
852 1183 93 32 alio
911 1183 70 32 et
946 1183 93 32 alio
1004 1183 128 32 genere.
1097 1183 58 32 â‹
1121 1183 93 32 Item
1179 1183 70 32 si
1214 1183 152 32 capacitas
1331 1183 82 32 est
1366 1183 58 32 re-

812 1214 150 34 plebilis
924 1214 88 34 sic
974 1214 150 34 secundum
1087 1214 138 34 naturam
1187 1214 75 34 vt
1224 1214 125 34 dictum
1312 1214 88 34 est
1349 1214 75 34 tunc

817 1243 85 32 est
866 1243 146 32 deuenire
975 1243 73 32 ad
1012 1243 134 32 gratiam
1110 1243 85 32 sic
1159 1243 159 32 replentem
1281 1243 122 32 animam
1354 1243 73 32 quod

812 1273 85 33 non
860 1273 85 33 est
909 1273 109 33 capax
982 1273 121 33 pluris
1067 1273 97 33 nisi
1128 1273 170 33 miraculose
1261 1273 146 33 sequitur
1358 1273 73 33 quia

809 1295 126 31 quando
898 1295 164 31 veniretur
1024 1295 76 31 ad
1062 1295 114 31 illam
1138 1295 139 31 gratiam
1239 1295 89 31 per
1290 1295 114 31 ipsam
1353 1295 76 31 cre-

812 1324 124 36 sceret
898 1324 111 36 actus
973 1324 186 36 dilectionis
1121 1324 136 36 ceteris
1220 1324 136 36 paribus
1320 1324 136 36 alioqui

814 1356 149 33 charitas
925 1356 99 33 illa
987 1356 87 33 sic
1037 1356 149 33 maiorata
1148 1356 87 33 non
1198 1356 136 33 iuuaret
1297 1356 74 33 in
1334 1356 124 33 aliquo

814 1385 71 32 ad
850 1385 142 32 merendum
956 1385 95 32 quod
1015 1385 106 32 patet
1086 1385 118 32 falsum
1169 1385 118 32 igitur
1252 1385 83 32 cum
1299 1385 83 32 tam
1346 1385 106 32 diuin

812 1412 81 34 via
859 1412 116 34 possit
940 1412 140 34 crescere
1045 1412 128 34 habitus
1138 1412 105 34 sicut
1208 1412 93 34 suus
1266 1412 105 34 actus
1336 1412 70 34 et
1359 1412 70 34 econ

810 1439 83 34 tra
858 1439 142 34 sequitur
964 1439 95 34 quod
1024 1439 119 34 possit
1107 1439 119 34 capere
1190 1439 130 34 gratiam
1285 1439 130 34 maiorem
1368 1439 59 34 si-

811 1470 80 29 ne
851 1470 133 29 statu.
944 1470 67 29 â‹
970 1470 200 29 Respondetur
1130 1470 186 29 concedendo
1263 1470 160 29 consequen-

812 1498 102 30 tiam
876 1498 128 30 primam
966 1498 90 30 sed
1017 1498 115 30 tamen
1094 1498 167 30 quacunque
1222 1498 128 30 gratia
1312 1498 102 30 data
1376 1498 77 30 in

808 1527 160 30 infinitum
931 1527 98 30 deus
992 1527 123 30 posset
1078 1527 135 30 maiorem
1177 1527 123 30 facere
1263 1527 74 30 et
1300 1527 111 30 etiam
1361 1527 62 30 si-

808 1554 70 30 ne
843 1554 141 30 miraculo
949 1554 117 30 posset
1031 1554 117 30 gratia
1113 1554 141 30 crescere
1218 1554 94 30 fine
1277 1554 105 30 statu
1347 1554 70 30 si
1370 1554 59 30 ta-

810 1580 87 38 men
859 1580 125 38 partes
947 1580 100 38 ille
1009 1580 187 38 aduenientes
1159 1580 162 38 posterius
1284 1580 87 38 non
1321 1580 100 38 vnirem

816 1610 86 32 tur
865 1610 148 32 subiecto
976 1610 136 32 prioris
1075 1610 173 32 charitatis
1211 1610 124 32 maxime
1297 1610 99 32 date
1359 1610 86 32 sed

811 1635 113 36 solum
887 1635 101 36 illi
950 1635 163 36 charitati
1075 1635 126 36 prori.
1163 1635 63 36 â‹
1188 1635 75 36 Ad
1226 1635 188 36 probationem
1364 1635 63 36 ne-

813 1666 74 34 go
850 1666 98 34 quod
911 1666 111 34 talis
985 1666 148 34 charitas
1096 1666 86 34 non
1145 1666 135 34 iuuaret
1243 1666 74 34 ad
1280 1666 148 34 merendum
1379 1666 49 34 et

809 1697 131 30 concedo
904 1697 95 30 quod
964 1697 83 30 tam
1012 1697 83 30 diu
1059 1697 143 30 crescere
1167 1697 131 30 poterit
1262 1697 131 30 habitus
1346 1697 83 30 sicut

810 1725 119 36 actus
889 1725 119 36 donec
968 1725 145 36 alterum
1073 1725 119 36 eorum
1152 1725 119 36 prius
1231 1725 132 36 altero
1310 1725 119 36 priori-

808 1751 93 37 tate
866 1751 139 37 originis
970 1751 81 37 vel
1017 1751 116 37 nature
1098 1751 81 37 ant
1144 1751 162 37 durationis
1272 1751 139 37 habuerit
1364 1751 58 37 con

812 1780 162 33 plementum
936 1780 100 33 esse
998 1780 75 33 et
1035 1780 87 33 sic
1085 1780 87 33 est
1135 1780 75 33 in
1172 1780 174 33 proposito.
1297 1780 124 33 exemplum

819 1808 74 37 de
856 1808 124 37 habitu
942 1808 173 37 charitatis
1078 1808 161 37 acquisite
1202 1808 74 37 et
1239 1808 111 37 etiam
1313 1808 74 37 de
1338 1808 86 37 aliis

811 1836 171 37 habitibus
942 1836 197 37 naturaliter
1100 1836 210 37 possibilibus
1270 1836 144 37 acquiri
1362 1836 66 37 me-

816 1865 168 38 diantibus
945 1865 142 38 actibus
1048 1865 116 38 vnius
1126 1865 142 38 speciei
1229 1865 116 38 donec
1293 1865 129 38 veniatur

812 1894 82 31 ad
853 1894 136 31 summum
949 1894 136 31 gradum
1044 1894 109 31 mere
1112 1894 204 31 naturaliter
1275 1894 95 31 sic
1316 1894 109 31 causa-

811 1921 122 30 bilem
893 1921 108 30 illo
960 1921 122 30 summo
1042 1921 122 30 gradu
1123 1921 135 30 habito
1218 1921 149 30 poterit
1313 1921 108 30 volun-

811 1950 83 37 tas
858 1950 71 37 in
894 1950 142 37 meliorem
1000 1950 106 37 actum
1071 1950 71 37 id
1106 1950 83 37 est
1154 1950 177 37 intensiorem
1295 1950 118 37 illius
1366 1950 59 37 spe

806 1980 83 29 clei
858 1980 83 29 quam
910 1980 104 29 vnquam
982 1980 114 29 ceteris
1066 1980 114 29 paribus
1149 1980 62 29 et
1180 1980 94 29 tamen
1242 1980 73 29 per
1284 1980 94 29 illum
1336 1980 83 29 inten-

813 2005 113 39 siorem
892 2005 102 39 actum
960 2005 79 39 non
1005 2005 181 39 intenderetur
1152 2005 90 39 ille
1208 2005 124 39 habitus
1299 2005 102 39 prior
1355 2005 68 39 quia

812 2039 73 34 nec
853 2039 115 34 poterit
937 2039 73 34 ibi
979 2039 94 34 nouus
1041 2039 104 34 gradus
1114 2039 63 34 ab
1146 2039 84 34 illo
1198 2039 84 34 actu
1250 2039 63 34 et
1281 2039 125 34 potentia
1365 2039 52 34 pro

812 2069 85 28 duci
866 2069 96 28 extra
930 2069 139 28 subiectum
1036 2069 85 28 quia
1090 2069 85 28 tunc
1143 2069 139 28 crearetur
1249 2069 75 28 nec
1292 2069 64 28 in
1313 2069 107 28 subiecto

807 2088 72 51 illo
852 2088 72 51 quia
897 2088 108 51 repletum
978 2088 63 51 est
1014 2088 54 51 re
1041 2088 90 51 illius
1104 2088 99 51 speciei
1176 2088 63 51 non
1212 2088 144 51 condensabili
1329 2088 90 51 igitur
1383 2088 45 51 non
