1789 2500
206 224 173 53 circunstantie
348 224 81 53 more
399 224 71 53 vel
440 224 122 53 temponis
531 224 61 53 in
562 224 112 53 Christi
643 224 102 53 merito
714 224 71 53 vel
745 224 81 53 meruit

209 273 56 35 ⁋
231 273 89 35 Item
287 273 78 35 pro
331 273 89 35 alia
387 273 100 35 parte
454 273 67 35 si
487 273 78 35 non
532 273 111 35 posset
610 273 78 35 hoc
654 273 100 35 omnia
710 273 111 35 venialia

208 302 75 33 vit
251 302 75 33 are
294 302 86 33 tunc
348 302 75 33 non
391 302 108 33 peccat
466 302 97 33 omnia
531 302 118 33 vitanda
617 302 86 33 quia
671 302 108 33 nullus
735 302 86 33 peccat

205 326 58 32 in
234 326 58 32 eo
263 326 77 32 quod
311 326 96 32 vitare
379 326 67 32 non
417 326 96 32 posset
484 326 106 32 secudum
561 326 135 32 augustinus
667 326 58 32 in
696 326 58 32 de
725 326 96 32 libero
783 326 38 32 ar

207 354 109 35 bitrio
283 354 65 35 et
316 354 65 35 de
349 354 109 35 duabus
425 354 131 35 animabus
523 354 76 35 hec
567 354 87 35 sunt
622 354 76 35 duo
665 354 120 35 videnda
742 354 76 35 primo

205 385 69 35 an
240 385 151 35 possibile
356 385 81 35 sit
402 385 127 35 viatori
495 385 116 35 mereri
576 385 127 35 subito.
669 385 58 35 ⁋
692 385 127 35 Secundo
773 385 46 35 an

202 414 116 37 possit
284 414 116 37 mereri
365 414 128 37 volendo
458 414 104 37 omnia
527 414 139 37 venialia
631 414 116 37 vitare
713 414 70 37 de
736 414 81 37 primo

208 440 97 35 teneo
273 440 172 35 conclusionem
412 440 97 35 alias
477 440 97 35 dicam
542 440 140 35 positioni
649 440 97 35 prime
703 440 118 35 seriosius

202 469 134 37 prosecutam
308 469 77 37 quia
356 469 105 37 exenens
432 469 57 37 in
461 469 96 37 gratia
528 469 96 37 posset
595 469 96 37 mereri
662 469 67 37 per
700 469 105 37 subitas
767 469 48 37 cau

206 498 133 34 sationes
305 498 122 34 bonarum
394 498 155 34 volitionum
516 498 100 34 sicut
582 498 100 34 satis
648 498 122 34 probant
726 498 88 34 merita

209 529 124 34 pretactas
305 529 57 34 et
333 529 114 34 rationes
419 529 95 34 multas
486 529 57 34 in
514 529 114 34 contrium
600 529 76 34 sibi
648 529 86 34 solui
705 529 57 34 et
733 529 48 34 7
743 529 76 34 disti.

200 555 61 34 3e
230 555 122 34 quaesti.
322 555 51 34 ⁋
342 555 61 34 In
372 555 71 34 hac
413 555 152 34 conclusione
535 555 132 34 concordat
636 555 91 34 mecum
697 555 71 34 ma.
728 555 91 34 srelcon

211 586 48 30 2
231 586 106 30 conclu.
308 586 87 30 etiam
365 586 96 30 ibidem
432 586 125 30 declarata
529 586 77 30 quod
577 586 67 30 non
615 586 87 30 omnis
673 586 144 30 continuatio
779 586 38 30 vo

208 608 128 42 litionis
304 608 85 42 bone
357 608 106 42 subito
432 608 96 42 tante
496 608 96 42 auget
560 608 117 42 meritum
645 608 85 42 quia
698 608 75 42 non
730 608 85 42 conti-

205 638 63 36 nue
241 638 63 36 per
277 638 90 36 tempus
340 638 63 36 ita
375 638 90 36 paruum
438 638 72 36 quod
483 638 81 36 citra
537 638 90 36 illius
600 638 81 36 finem
654 638 63 36 non
689 638 63 36 est
725 638 54 36 in
743 638 72 36 ptante

214 668 132 39 voluntatis
317 668 85 39 actum
374 668 122 39 dimittere
468 668 141 39 inchoatum:t
581 668 56 39 et
609 668 75 39 quod
656 668 66 39 non
694 668 85 39 omnis
741 668 75 39 conti-

204 699 121 36 nuatio
289 699 109 36 talis
361 699 97 36 boni
422 699 109 36 actus
495 699 145 36 promouet
604 699 133 36 meritum
701 699 85 36 vel
737 699 85 36 auget

204 725 121 40 gratiam.
295 725 61 40 In
325 725 71 40 hoc
366 725 132 40 concordat
467 725 91 40 mecum
528 725 142 40 strelconi.
639 725 71 40 per
679 725 111 40 merita.
750 725 71 40 tamen

206 758 75 32 alia
253 758 75 32 quia
300 758 56 32 si
328 758 66 32 sic
366 758 85 32 talis
422 758 85 32 actus
478 758 85 32 esset
535 758 75 32 cito
582 758 113 32 infinite
667 758 132 32 meritorius
761 758 56 32 pro-

206 785 77 36 pter
255 785 126 36 infinitas
351 785 97 36 partes
419 785 126 36 temponis.
516 785 77 36 Item
564 785 116 36 intendit
651 785 106 36 aliquis
719 785 97 36 continue

200 813 157 30 volitionem
323 813 89 30 suam
379 813 101 30 malam
446 813 89 30 tunc
502 813 67 30 in
535 813 134 30 quolibet
636 813 134 30 instanti
726 813 89 30 poste-

214 839 81 36 riori
268 839 90 36 peccat
331 839 99 36 grauius
402 839 72 36 quam
447 839 81 36 fecit
501 839 54 36 in
528 839 108 36 instanti
609 839 135 36 praecedente
716 839 63 36 vel
743 839 72 36 igitur

207 868 76 34 deus
255 868 76 34 scit
303 868 105 34 quantum
379 868 95 34 dentur
446 868 76 34 sibi
493 868 67 34 per
531 868 86 34 magis
588 868 57 34 de
617 868 76 34 pena
665 868 57 34 in
693 868 67 34 hoc
722 868 95 34 instanti

206 896 71 36 quam
250 896 71 36 sibi
295 896 115 36 debebatur
383 896 53 36 in
410 896 106 36 instanti
489 896 115 36 pecedente
578 896 53 36 et
605 896 53 36 si
631 896 62 36 sic
667 896 89 36 igitur
728 896 80 36 certa
773 896 44 36 pe-

210 925 48 34 na
234 925 80 34 dentur
290 925 56 34 pro
321 925 64 34 isto
361 925 119 34 praecedenti
457 925 48 34 et
481 925 56 34 per
513 925 111 34 consequens
600 925 72 34 actus
648 925 64 34 suus
688 925 64 34 fuit
727 925 56 34 per
751 925 64 34 certum

205 959 95 32 gradum
271 959 152 32 demeritorius
394 959 57 32 in
423 959 76 32 isto
470 959 57 32 et
499 959 66 32 pro
536 959 76 32 isto
584 959 114 32 instanti
669 959 57 32 et
698 959 76 32 pari
736 959 85 32 ratione

214 984 58 35 pro
247 984 99 35 quolibet
321 984 99 35 instanti
395 984 66 35 alio
436 984 99 35 temponis
510 984 82 35 istius
568 984 124 35 praecedente
667 984 49 35 et
691 984 58 35 per
716 984 99 35 consequens

212 1013 62 34 cum
248 1013 80 34 illud
301 1013 98 34 tempons
372 1013 107 34 habuerit
452 1013 116 34 instantia
541 1013 107 34 infinita
621 1013 107 34 sequitur
701 1013 71 34 idem
746 1013 71 34 quod
781 1013 36 34 su

203 1037 84 39 pra.
256 1037 63 39 Si
288 1037 84 39 vero
341 1037 84 39 deus
393 1037 116 39 nesciat
478 1037 116 39 quantum
562 1037 84 39 plus
615 1037 63 39 de
646 1037 84 39 pena
699 1037 84 39 sibi
741 1037 74 39 debe-

210 1073 63 31 tur
246 1073 63 31 pro
282 1073 72 31 tunc
326 1073 107 31 nesciret
407 1073 63 31 eum
443 1073 90 31 punire
506 1073 63 31 pro
541 1073 72 31 toto
586 1073 99 31 tempone
658 1073 107 31 secundum
729 1073 90 31 praesti-

208 1095 107 38 tutionem
288 1095 62 38 sui
324 1095 107 38 demeriti
404 1095 125 38 consequens
502 1095 62 38 est
538 1095 143 38 inconueniens
654 1095 98 38 igitur.
725 1095 71 38 Item
761 1095 53 38 tunc

201 1124 62 34 sic
237 1124 124 34 continuans
334 1124 97 34 meritum
405 1124 62 34 per
440 1124 89 34 tempus
502 1124 97 34 meretur
573 1124 124 34 generaliam
670 1124 124 34 infinitam.
759 1124 53 34 Item

197 1155 153 34 praecipiat
317 1155 87 34 deus
371 1155 109 34 alicui
448 1155 76 34 sub
491 1155 98 34 certo
557 1155 98 34 gradu
622 1155 87 34 pene
676 1155 109 34 eterne
753 1155 87 34 quod

209 1181 58 34 non
242 1181 108 34 continuet
325 1181 58 34 per
358 1181 91 34 aliquod
424 1181 91 34 tempous
490 1181 83 34 actum.
548 1181 50 34 b.
573 1181 50 34 et
598 1181 50 34 in
622 1181 99 34 contrium
697 1181 108 34 continuet
771 1181 50 34 tunc

201 1209 70 32 iste
245 1209 88 32 meruit
306 1209 79 32 penam
359 1209 114 32 infinitam
446 1209 70 32 quia
490 1209 53 32 in
516 1209 105 32 qualibet
595 1209 79 32 parte
648 1209 88 32 illius
709 1209 105 32 temponis
779 1209 35 32 me

204 1241 79 33 ruit
253 1241 98 33 tantum
322 1241 98 33 gradum
391 1241 79 33 pene
440 1241 79 33 quam
489 1241 69 33 est
528 1241 98 33 gradus
597 1241 88 33 primo
656 1241 88 33 datus
715 1241 69 33 hec
744 1241 69 33 omnia

205 1269 97 31 vadunt
273 1269 58 31 ad
302 1269 68 31 hoc
341 1269 77 31 quod
389 1269 77 31 tunc
437 1269 58 31 in
466 1269 77 31 fine
515 1269 116 31 temponis
601 1269 87 31 dandi
659 1269 106 31 habetur
727 1269 87 31 meritum

200 1295 113 33 infinitum
287 1295 69 33 quam
330 1295 147 33 consequentiam
451 1295 78 33 notum
503 1295 61 33 est
538 1295 61 33 non
573 1295 87 33 tenere
633 1295 52 33 in
659 1295 87 33 simili
711 1295 104 33 productio-

194 1325 70 36 ne
229 1325 164 36 successiua
358 1325 152 36 albedinis
475 1325 82 36 vel
522 1325 140 36 caloris.
627 1325 94 36 Irem
685 1325 82 36 per
720 1325 94 36 eundem

201 1355 95 32 modum
265 1355 127 32 arguetur
360 1355 106 32 contra
434 1355 95 32 ipsum
498 1355 85 32 quia
551 1355 190 32 quotienscumque
709 1355 85 32 quis
752 1355 63 32 exi-

207 1380 91 34 stens
268 1380 61 34 in
298 1380 101 34 gratia
369 1380 122 34 scienter
460 1380 61 34 et
491 1380 101 34 libere
562 1380 152 34 perseuerat.
683 1380 61 34 In
714 1380 81 34 actu
754 1380 61 34 bono

201 1410 96 37 prius
265 1410 117 37 elicito
351 1410 64 37 et
383 1410 107 37 libere
457 1410 107 37 posset
532 1410 96 37 actum
596 1410 96 37 illum
660 1410 139 37 dimittere
756 1410 64 37 toti

202 1442 81 31 ens
249 1442 69 31 ex
283 1442 196 31 continuatione
445 1442 127 31 nouitur
538 1442 150 31 mereretur
653 1442 81 31 vel
699 1442 104 31 auget
757 1442 58 31 me-

201 1467 87 35 ritum
259 1467 68 35 sed
298 1467 116 35 secundum
385 1467 87 35 illum
443 1467 106 35 causans
520 1467 58 35 in
549 1467 125 35 principio
645 1467 116 35 alicuius
722 1467 97 35 temponis

198 1498 118 33 actum
277 1498 144 33 aliquem
382 1498 184 33 meritorium
526 1498 184 33 infinities
671 1498 105 33 ante
723 1498 92 33 finem

203 1525 116 30 illius
284 1525 139 30 temporis
388 1525 69 30 ab
423 1525 92 30 actu
481 1525 92 30 illo
539 1525 116 30 posset
620 1525 150 30 desistere
724 1525 92 30 igitur

203 1551 74 35 Sed
246 1551 85 35 ipse
299 1551 138 35 respondet
405 1551 148 35 concedendo
521 1551 85 35 quod
574 1551 64 35 ex
606 1551 159 35 multitudine
723 1551 95 35 instan-

203 1581 105 28 tium
268 1581 144 28 augetur
373 1581 144 28 meritum
478 1581 79 28 eo
518 1581 105 28 modo
583 1581 92 28 quo
635 1581 131 28 dictum
727 1581 92 28 est
767 1581 52 28 de

205 1609 78 29 tem
249 1609 89 29 pore
305 1609 67 29 si
338 1609 67 29 in
372 1609 189 29 posterioribus
527 1609 167 29 instantibus
660 1609 111 29 aliqua
727 1609 89 29 circum

208 1635 114 32 stantia
290 1635 124 32 augeatur
384 1635 83 32 quod
435 1635 72 32 non
477 1635 72 32 est
518 1635 134 32 possibile
621 1635 62 32 in
652 1635 124 32 quolibet
735 1635 83 32 instam

208 1665 63 30 ti
239 1665 104 30 fieri.
312 1665 104 30 Contra
385 1665 94 30 notum
447 1665 73 30 est
489 1665 83 30 quod
541 1665 104 30 aliqua
614 1665 156 30 difficultas
729 1665 83 30 posset

207 1692 141 34 continue
313 1692 82 34 per
360 1692 130 34 aliquam
455 1692 106 34 moram
525 1692 141 34 crescere
631 1692 82 34 vel
667 1692 141 34 alleuiarei

205 1721 155 34 contrarium
327 1721 100 34 sicut
393 1721 122 34 aliquis
481 1721 111 34 posset
559 1721 133 34 virtuose
658 1721 144 34 sustinere
758 1721 55 34 pe-

212 1752 79 33 nam
257 1752 90 33 quam
313 1752 101 33 videt
380 1752 135 33 continue
482 1752 101 33 fieri
549 1752 146 33 durionem.
662 1752 90 33 Item
718 1752 90 33 ipse
763 1752 56 33 di-

209 1778 76 36 cit
253 1778 87 36 quod
307 1778 163 36 continuatio
438 1778 196 36 deliberationis
601 1778 76 36 per
645 1778 98 36 omnia
699 1778 120 36 instantia

206 1810 86 33 aut
255 1810 86 33 per
304 1810 136 33 tempora
403 1810 123 33 aliqua
489 1810 86 33 non
538 1810 111 33 addit
612 1810 136 33 meritum
711 1810 86 33 vbi
760 1810 86 33 non

203 1834 130 34 crescit
298 1834 118 34 aliqud
380 1834 106 34 aliud
451 1834 83 34 sed
498 1834 94 34 tunc
557 1834 142 34 pluribus
664 1834 94 34 viis
711 1834 106 34 meretur

203 1865 92 29 aliud
264 1865 92 29 idem.
326 1865 103 29 Contra
398 1865 72 29 vel
439 1865 103 29 igitur
511 1865 123 29 pluribus
603 1865 82 29 viis
654 1865 113 29 finitis
726 1865 82 29 precii

203 1891 63 40 se
234 1891 73 40 vel
276 1891 136 40 infinitis
381 1891 73 40 non
422 1891 105 40 primum
496 1891 84 40 quia
548 1891 126 40 infinite
642 1891 84 40 sunt
695 1891 105 40 partes
758 1891 52 40 tem

198 1920 104 40 poris
268 1920 92 40 dati
326 1920 69 40 et
360 1920 150 40 instantia
476 1920 69 40 et
511 1920 81 40 non
557 1920 81 40 est
603 1920 104 40 maior
672 1920 104 40 ratio
730 1920 81 40 quare

206 1950 158 36 continuatio
333 1950 74 36 per
375 1950 84 36 vnam
428 1950 95 36 horam
491 1950 74 36 sit
533 1950 84 36 noua
585 1950 74 36 via
628 1950 116 36 merendi
712 1950 84 36 quam
764 1950 74 36 per

204 1979 107 33 aliam
276 1979 71 33 ex
311 1979 83 33 quo
359 1979 83 33 ibi
406 1979 107 33 nihil
478 1979 167 33 maioratur.
609 1979 71 33 si
644 1979 143 33 secundum
740 1979 71 33 tunc

205 2003 80 38 ibi
250 2003 149 38 mereretur
365 2003 138 38 infinite
468 2003 103 38 illud
537 2003 92 38 quod
594 2003 103 38 prius
663 2003 80 38 vel
697 2003 115 38 infinite

200 2035 148 31 firmius.
311 2035 148 31 Falsitas
422 2035 111 31 patet
496 2035 86 31 cum
545 2035 86 31 per
595 2035 99 31 vnum
656 2035 148 31 peccatum
755 2035 62 31 mor

201 2063 93 34 tale
259 2063 128 34 tollere
352 2063 116 34 possit
434 2063 163 34 posteriora
561 2063 105 34 sicut
631 2063 105 34 ante.
701 2063 105 34 Teneo
759 2063 58 34 igi

204 2092 71 41 tur
244 2092 162 41 conclusionem
376 2092 81 41 quam
426 2092 91 41 prius
487 2092 81 41 quod
538 2092 71 41 non
578 2092 91 41 omnis
639 2092 152 41 continuatio
750 2092 71 41 auget

842 231 135 45 meritum
940 231 86 45 sed
989 231 98 45 addo
1051 231 111 45 aliam
1124 231 197 45 conclusionem
1284 231 98 45 quod
1345 231 86 45 hoc
1395 231 86 45 non

840 272 79 32 est
885 272 136 32 ponendum
987 272 90 32 quod
1043 272 124 32 vitetur
1134 272 147 32 infinitas
1247 272 113 32 meriti
1314 272 136 32 continuari

848 301 83 37 quia
900 301 93 37 talis
962 301 135 37 infinitas
1066 301 62 37 ex
1097 301 73 37 hoc
1138 301 114 37 inferri
1221 301 73 37 non
1263 301 104 37 posset
1335 301 83 37 nisi
1377 301 83 37 simter

837 331 85 35 cum
886 331 85 35 hoc
934 331 171 35 ponerentur
1068 331 97 35 noua
1129 331 122 35 merita
1214 331 183 35 instantaneo
1348 331 110 35 infini-

838 359 78 35 ta
877 359 105 35 quod
942 359 91 35 ego
995 359 91 35 non
1047 359 105 35 pono
1112 359 118 35 vtrum
1191 359 118 35 autem
1269 359 78 35 in
1308 359 131 35 aliquo
1387 359 65 35 ca-

837 385 80 36 su
877 385 146 36 meritum
983 385 133 36 possit
1075 385 159 36 crescere
1195 385 93 36 per
1248 385 133 36 tempus
1327 385 133 36 continue

836 413 110 32 dubium
913 413 77 32 est
957 413 66 32 et
990 413 121 32 dicerem
1079 413 99 32 forte
1145 413 88 32 quod
1200 413 77 32 sic
1244 413 66 32 si
1277 413 66 32 in
1311 413 88 32 casu
1366 413 110 32 aliquo

843 444 117 35 possit
925 444 94 35 ipsa
984 444 117 35 libera
1066 444 129 35 volitio
1160 444 153 35 meritoria
1278 444 129 35 sequens
1360 444 94 35 rectum

836 475 157 33 iudicium
954 475 157 33 rationis
1071 475 131 33 habere
1163 475 170 33 continuum
1281 475 170 33 incrementum

840 502 87 29 quod
895 502 65 29 si
927 502 76 29 hoc
971 502 76 29 non
1015 502 76 29 sit
1058 502 142 29 possibile
1167 502 164 29 naturaliter
1298 502 87 29 tunc
1353 502 76 29 nec
1385 502 55 29 ope

843 531 71 35 de
879 531 118 35 merito
961 531 95 35 bene
1020 531 95 35 enim
1080 531 154 35 difficile
1198 531 106 35 esset
1269 531 118 35 videre
1340 531 106 35 qualitr

842 556 145 29 cresceret
954 556 101 29 talis
1021 556 157 29 deliberate
1144 556 123 29 volitio
1233 556 90 29 siue
1289 556 78 29 hoc
1334 556 90 29 quod
1379 556 67 29 cre-

839 583 123 39 sceret
925 583 159 39 sententia
1047 583 172 39 iudiciaria
1182 583 221 39 deliberationis
1354 583 98 39 forsan

834 615 116 34 tamen
911 615 129 34 alique
1001 615 219 34 circunstantie
1182 615 193 34 promouentes
1323 615 129 34 intensio

839 644 84 30 nem
887 644 107 30 talis
958 644 107 30 actus
1030 644 119 30 posset
1114 644 143 30 continue
1221 644 143 30 crescere
1329 644 107 30 sicut
1388 644 60 30 sen

839 669 108 39 satio
911 669 84 39 vel
959 669 156 39 appetitus
1079 669 168 39 sensitiuus
1212 669 84 39 vel
1260 669 108 39 aliud
1320 669 132 39 huiusmodi

843 700 97 32 quia
903 700 182 32 impedimenti
1049 700 145 32 alicuius
1158 700 121 32 amotio
1243 700 121 32 posset
1328 700 97 32 esse
1376 700 73 32 con-

837 727 112 39 tinua
911 727 75 39 et
949 727 100 39 tunc
1011 727 100 39 bene
1073 727 137 39 quidem.
1172 727 124 39 Contra
1259 727 124 39 nullus
1334 727 112 39 meretur

839 755 129 32 nouiter
933 755 82 32 per
980 755 129 32 aliquid
1074 755 94 32 quod
1133 755 82 32 non
1180 755 82 32 est
1227 755 129 32 nouiter
1321 755 70 32 in
1356 755 82 32 sua
1391 755 59 32 po-

838 783 122 31 testate
927 783 78 31 sed
971 783 89 31 quod
1027 783 100 31 infra
1093 783 122 31 limites
1182 783 100 31 parui
1249 783 133 31 temporis
1349 783 89 31 sepe
1393 783 56 31 da-

836 812 63 34 ti
868 812 116 34 crescat
953 812 116 34 volitio
1037 812 106 34 libere
1111 812 116 34 elicita
1196 812 74 34 non
1238 812 74 34 est
1281 812 116 34 nouitur
1365 812 63 34 in
1387 812 63 34 libe

838 845 58 33 ra
867 845 96 33 ptante
934 845 106 33 homins.
1011 845 58 33 Et
1040 845 67 33 est
1078 845 125 33 finaliter
1174 845 115 33 dicendum
1261 845 77 33 quod
1309 845 106 33 solutio
1376 845 67 33 huius

838 870 109 38 dubii
911 870 121 38 pendet
995 870 73 38 ex
1032 870 157 38 solutione
1153 870 145 38 cuiusdam
1261 870 145 38 alterius
1358 870 85 38 scili

834 899 82 31 cet
881 899 105 31 vtrum
951 899 93 31 deus
1009 899 70 31 in
1044 899 186 31 acceptatione
1195 899 140 31 alicuius
1300 899 105 31 actus
1370 899 70 31 si
1393 899 47 31 ce

838 929 89 35 tera
894 929 89 35 sint
949 929 100 35 paria
1016 929 145 35 respiciat
1128 929 67 35 ad
1161 929 167 35 intensionem
1295 929 100 35 actus
1362 929 78 35 vel
1406 929 67 35 ad

835 954 129 38 conatum
929 954 82 38 ita
976 954 94 38 quam
1035 954 71 38 si
1071 954 82 38 duo
1118 954 141 38 conentur
1223 954 153 38 equaliter
1329 954 118 38 diligere

837 986 72 30 et
873 986 96 30 vnus
933 986 72 30 ex
970 986 145 30 bonitate
1078 986 169 30 naturalium
1211 986 84 30 vel
1259 986 181 30 cognitionis
1392 986 48 30 ha

832 1010 93 40 beat
890 1010 104 40 actum
960 1010 174 40 dilectionis
1099 1010 174 40 intensionem
1238 1010 93 40 actu
1296 1010 139 40 alterius
1389 1010 58 40 ni-

835 1042 163 36 hilominus
961 1042 113 36 tamen
1036 1042 163 36 tribuatur
1162 1042 126 36 alteri
1250 1042 126 36 tantum
1338 1042 88 36 pro
1376 1042 75 36 actu

833 1071 80 31 suo
878 1071 114 31 minori
958 1071 102 31 sicut
1026 1071 125 31 reliquo
1117 1071 80 31 pro
1163 1071 114 31 maiori
1242 1071 91 31 quia
1299 1071 91 31 tunc
1345 1071 102 31 diceren

840 1098 83 35 quod
891 1098 62 35 in
922 1098 134 35 proposito
1026 1098 72 35 non
1067 1098 134 35 cresceret
1170 1098 114 35 meritum
1253 1098 93 35 infra
1315 1098 114 35 limites
1387 1098 62 35 illi

837 1130 69 34 us
871 1130 104 34 parui
940 1130 138 34 temponis
1044 1130 81 34 per
1090 1130 150 34 crementum
1205 1130 104 34 actus
1274 1130 69 34 ad
1297 1130 150 34 augmentatio

839 1156 77 34 nem
883 1156 132 34 alicuius
982 1156 132 34 concause
1081 1156 77 34 non
1125 1156 121 34 nouiter
1213 1156 88 34 sibi
1268 1156 176 34 imputabilem.
1400 1156 44 34 se

832 1184 109 34 autem
905 1184 97 34 ille
965 1184 85 34 qui
1013 1184 109 34 habet
1086 1184 182 34 dilectionem
1231 1184 182 34 intensiorem
1364 1184 85 34 licet

838 1215 83 34 non
885 1215 95 34 plus
945 1215 130 34 conetur
1039 1215 71 34 ad
1075 1215 83 34 hoc
1122 1215 95 34 quod
1181 1215 106 34 alter
1240 1215 213 34 proportionaliter

841 1244 135 32 plusquam
942 1244 101 32 alter
1010 1244 169 32 premiabitur
1145 1244 90 32 tunc
1201 1244 169 32 diceremquod
1325 1244 124 32 cresceret

836 1274 130 29 meritum
930 1274 71 29 in
966 1274 94 29 casu
1025 1274 165 29 argumenti.
1154 1274 59 29 ⁋
1178 1274 71 29 Et
1213 1274 82 29 pro
1260 1274 82 29 hac
1308 1274 106 29 parte
1367 1274 82 29 facit

832 1297 88 38 quod
887 1297 131 38 secundum
985 1297 88 38 mai.
1040 1297 77 38 li.
1084 1297 55 38 2
1106 1297 77 38 di.
1149 1297 55 38 3
1171 1297 99 38 capi.
1237 1297 55 38 2
1259 1297 109 38 angeli
1336 1297 77 38 qui
1368 1297 77 38 natu-

829 1325 130 37 raliter
924 1325 107 37 magis
995 1325 142 37 subtiles
1102 1325 71 37 et
1137 1325 154 37 sapientia
1256 1325 130 37 amplius
1338 1325 107 37 perspi-

832 1353 113 34 caces
908 1353 125 34 creati
996 1353 113 34 sunt.
1071 1353 88 34 Hii
1121 1353 113 34 etiam
1196 1353 163 34 maioribus
1322 1353 125 34 gratie
1397 1353 50 34 mu

830 1382 131 39 neribus
926 1382 131 39 prediti
1021 1382 96 39 sunt
1081 1382 72 39 et
1117 1382 119 39 tantum
1200 1382 107 39 forte
1272 1382 119 39 conati
1355 1382 96 39 sunt
1403 1382 48 39 in

833 1411 164 30 feriores
956 1411 82 30 ad
997 1411 123 30 bonum
1079 1411 137 30 sensum
1175 1411 219 30 proportiones
1339 1411 109 30 suorum

831 1440 180 33 naturalium
973 1440 116 33 sicut
1050 1440 180 33 superiores
1191 1440 231 33 secundumlsuas.
1384 1440 90 33 Sed

832 1471 137 32 quantum
931 1471 75 32 ad
969 1471 87 32 hoc
1019 1471 87 32 non
1069 1471 87 32 sum
1119 1471 200 32 consiliarius
1281 1471 87 32 dei
1318 1471 125 32 verumta-

839 1501 86 31 men
888 1501 73 31 ex
924 1501 110 31 prima
998 1501 86 31 via
1047 1501 171 31 sequeretur
1181 1501 98 31 quod
1242 1501 73 31 in
1279 1501 159 31 equalibus
1389 1501 61 31 tem

827 1525 149 37 poribus
936 1525 136 37 tantum
1031 1525 136 37 posset
1126 1525 136 37 mereri
1221 1525 108 37 apud
1288 1525 108 37 deum
1343 1525 108 37 secun-

829 1551 96 39 dum
884 1551 110 39 eius
953 1551 179 39 iusticiam
1091 1551 179 39 ordinatam
1229 1551 138 39 minima
1311 1551 138 39 creatura

838 1582 219 32 intellectualis
1020 1582 109 32 sicut
1093 1582 122 32 maxima
1178 1582 134 32 vtraque
1276 1582 122 32 agente
1349 1582 97 32 secun-

839 1607 94 38 dum
892 1607 147 38 vltimum
999 1607 107 38 suum
1066 1607 120 38 posse
1146 1607 107 38 quod
1213 1607 94 38 non
1267 1607 147 38 videtur
1360 1607 94 38 verum

836 1636 96 36 Sed
891 1636 123 36 iuxta
973 1636 110 36 viam
1042 1636 164 36 secundam
1165 1636 151 36 oportet
1275 1636 137 36 negare
1357 1636 96 36 illam

834 1667 132 36 maiorem
930 1667 120 36 nullus
1013 1667 132 36 meretur
1109 1667 132 36 nouiter
1205 1667 96 36 nisi
1265 1667 84 36 per
1312 1667 108 36 illud
1372 1667 72 36 quod

831 1695 78 34 est
875 1695 123 34 nouiter
965 1695 67 34 in
998 1695 78 34 sua
1043 1695 145 34 potestate
1154 1695 78 34 dum
1199 1695 67 34 ex
1232 1695 78 34 hoc
1277 1695 89 34 quod
1332 1695 111 34 libere
1399 1695 56 34 cau

839 1725 112 31 sauit
913 1725 112 31 primo
988 1725 112 31 actum
1062 1725 137 31 propter
1161 1725 99 31 alia
1224 1725 137 31 crescat
1323 1725 112 31 actus
1385 1725 62 31 ta-

837 1754 91 31 lis
889 1754 116 31 bonus
966 1754 91 31 non
1018 1754 129 31 contra
1109 1754 103 31 suam
1173 1754 194 31 voluntatem.
1329 1754 65 31 ⁋
1354 1754 78 31 Et
1380 1754 65 31 per

836 1782 111 33 istum
910 1782 111 33 modum
983 1782 111 33 satis
1057 1782 98 33 leue
1119 1782 111 33 esset
1193 1782 160 33 sustinere
1316 1782 98 33 quod
1365 1782 86 33 omnis

830 1808 203 36 continuatio
993 1808 122 36 actus
1074 1808 176 36 meritorii
1209 1808 122 36 auget
1291 1808 149 36 meritum
1385 1808 68 36 nec

837 1840 109 32 tamen
910 1840 73 32 ex
946 1840 85 32 hoc
995 1840 146 32 sequitur
1104 1840 158 32 infinitas
1226 1840 122 32 meriti
1311 1840 73 32 et
1348 1840 85 32 cum
1384 1840 61 32 hoc

838 1867 108 34 etiam
910 1867 144 34 tenendum
1018 1867 84 34 est
1066 1867 96 34 quod
1126 1867 132 34 omnibus
1222 1867 180 34 vniformiter
1366 1867 72 34 se
1390 1867 60 34 ha-

832 1894 165 34 bentibus
956 1894 83 34 ex
997 1894 234 34 continuatione
1190 1894 96 34 per
1245 1894 138 34 tempus
1328 1894 124 34 minimum

833 1921 161 32 descriptum
959 1921 81 32 non
1005 1921 127 32 crescit
1097 1921 127 32 meritum
1189 1921 92 32 quia
1247 1921 104 32 citra
1316 1921 81 32 non
1350 1921 92 32 posse-

839 1950 104 35 actus
909 1950 127 35 dimitti
1001 1950 127 35 libere.
1093 1950 58 35 ⁋
1116 1950 69 35 Ad
1151 1950 161 35 argumentum
1278 1950 115 35 primum
1347 1950 92 35 strel-

834 1980 86 33 coni.
892 1980 105 33 negatur
968 1980 153 33 consequentia
1092 1980 57 33 vt
1121 1980 86 33 patet
1178 1980 57 33 ex
1207 1980 105 33 dictis.
1283 1980 48 33 ⁋
1302 1980 57 33 Ad
1331 1980 114 33 secundum
1407 1980 38 33 d-

835 2008 58 35 co
864 2008 77 35 quod
913 2008 77 35 deus
961 2008 68 35 non
1000 2008 77 35 scit
1048 2008 106 35 quantum
1125 2008 77 35 plus
1173 2008 106 35 debetur
1251 2008 77 35 sibi
1299 2008 58 35 in
1328 2008 68 35 hoc
1357 2008 87 35 instas-

838 2041 61 30 oe
868 2041 81 30 pena
919 2041 81 30 quam
970 2041 61 30 in
1000 2041 122 30 instanti
1091 2041 152 30 praecedenti
1213 2041 81 30 quia
1264 2041 61 30 ly
1294 2041 122 30 instanti
1375 2041 71 30 precr

837 2063 105 32 denti
907 2063 93 32 stat
966 2063 82 32 ibi
1013 2063 129 32 confuse
1106 2063 70 32 et
1141 2063 187 32 distributiue
1293 2063 70 32 et
1328 2063 105 32 lideo
1387 2063 58 32 nul

833 2091 88 51 lus
884 2091 88 51 est
934 2091 125 51 certus
1021 2091 125 51 gradus
1109 2091 100 51 pene
1172 2091 88 51 quo
1222 2091 100 51 plus
1284 2091 88 51 sit
1322 2091 125 51 puniende
