1750 2500
297 217 65 51 in
330 217 76 51 hoc
373 217 130 51 instanti
471 217 87 51 quam
525 217 65 51 in
557 217 130 51 instanti
655 217 152 51 precedenti
774 217 65 51 et
806 217 87 51 ideo
850 217 54 51 hoc

295 267 85 30 non
344 267 85 30 est
392 267 122 30 scitum
478 267 98 30 bene
539 267 110 30 tamen
612 267 110 30 nouit
685 267 98 30 deus
746 267 134 30 quantum
832 267 73 30 plus

300 287 60 36 de
330 287 80 36 pena
380 287 80 36 sibi
430 287 110 36 debetur
510 287 70 36 pro
550 287 70 36 hoc
590 287 120 36 instanti
681 287 80 36 quam
731 287 60 36 in
761 287 80 36 illo
801 287 100 36 instanti

293 314 182 37 demonstrato
439 314 97 37 etc.
500 314 97 37 vnde
560 314 109 37 licet
633 314 97 37 sibi
694 314 85 37 iam
743 314 134 37 debetur
828 314 73 37 plus

294 347 69 34 de
328 347 91 34 pena
385 347 91 34 quam
442 347 69 34 in
476 347 114 34 aliquo
556 347 137 34 instanti
659 347 114 34 priori
739 347 91 34 quia
796 347 91 34 sibi
842 347 57 34 iam

293 378 133 34 debetur
390 378 121 34 aliqua
475 378 97 34 pena
535 378 85 34 que
584 378 85 34 est
632 378 109 34 maior
705 378 97 34 quam
766 378 121 34 aliqua
838 378 73 34 cor-

295 407 172 31 respondens
430 407 74 31 in
466 407 147 31 instanti
577 407 123 31 priori
663 407 74 31 in
699 407 110 31 nullo
773 407 110 31 tamen
834 407 74 31 gra-

300 431 70 35 du
335 431 82 35 vel
382 431 163 35 quantitate
510 431 82 35 vel
557 431 175 35 proportione
696 431 128 35 debetur
790 431 93 35 sibi
836 431 70 35 nunc

297 462 131 37 plusquam
396 462 66 37 in
428 462 109 37 aliquo
505 462 131 37 instanti
604 462 120 37 priori.
691 462 109 37 Simile
768 462 77 37 est
811 462 66 37 de
833 462 66 37 toto

293 488 171 35 quantitatiuo
432 488 86 35 quod
486 488 75 35 est
529 488 96 35 maius
593 488 86 35 quam
646 488 107 35 aliqua
721 488 75 35 sua
764 488 86 35 pars
817 488 64 35 et
839 488 64 35 tame

298 514 80 41 per
343 514 103 41 nihil
412 514 114 41 certum
492 514 80 41 est
537 514 103 41 magis
606 514 91 41 quam
663 514 114 41 aliqua
743 514 80 41 sua
789 514 91 41 pars
834 514 69 41 ideo

295 550 82 28 non
342 550 129 28 oportet
436 550 94 28 quod
495 550 94 28 deus
553 550 106 28 sciat
624 550 70 28 in
659 550 117 28 quanto
741 550 106 28 ipsum
811 550 82 28 est
846 550 59 28 ma-

295 571 80 36 ius
340 571 91 36 quam
397 571 114 36 aliqua
476 571 91 36 eius
533 571 91 36 pars
590 571 68 36 et
624 571 80 36 cum
669 571 102 36 vltra
738 571 136 36 infertur
840 571 68 36 in
863 571 45 36 di

300 602 84 35 cto
348 602 155 35 argumento
467 602 96 35 quod
527 602 96 35 tunc
587 602 96 35 deus
647 602 144 35 nesciret
755 602 84 35 eum
802 602 108 35 iuste
862 602 48 35 pu

290 629 99 36 nire
352 629 87 36 pro
401 629 99 36 toto
463 629 136 36 tempore
563 629 136 36 negatur
662 629 211 36 consequentia.
836 629 62 36 ⁋
860 629 74 36 Ad

299 663 136 31 tertium
398 663 136 31 negatur
497 663 198 31 consequentia
658 663 136 31 propter
757 663 111 31 prius
818 663 87 31 dicta

302 686 58 38 ⁋
326 686 70 38 Ad
361 686 128 38 quartum
454 686 151 38 respondet
570 686 140 38 syrantu.
674 686 93 38 quod
733 686 93 38 tale
779 686 128 38 preceptum

294 715 78 33 non
339 715 112 33 posset
417 715 89 33 dari
473 715 78 33 qui
518 715 134 33 implicat
618 715 213 33 contradictionem
797 715 89 33 quod
842 715 67 33 isti

293 744 97 37 detur
358 744 86 37 pena
412 744 130 37 infinita
509 744 108 37 igitur
585 744 86 37 deus
639 744 173 37 comminaretur
779 744 86 37 quod
823 744 86 37 solue-

297 769 69 37 re
332 769 81 37 non
378 769 116 37 posset
460 769 93 37 quod
517 769 81 37 non
564 769 81 37 est
610 769 162 37 rationale.
737 769 116 37 Aliter
807 769 104 37 respon-

295 803 95 32 deo
350 803 95 32 per
404 803 136 32 tempus
499 803 149 32 minimum
608 803 204 32 sepetactum.
770 803 122 32 prima
838 803 68 32 ta-

294 828 88 34 men
344 828 138 34 solutio
444 828 138 34 videtur
544 828 100 34 plus
606 828 125 34 valere
694 828 100 34 nisi
756 828 138 34 aliquis
844 828 63 34 con

300 855 125 37 cederet
390 855 91 37 quod
447 855 91 37 deus
504 855 113 37 posset
583 855 113 37 alicui
663 855 148 37 infligere
776 855 102 37 penam
833 855 68 37 infi

295 885 123 32 nitam
377 885 109 32 ille
445 885 109 32 enim
513 885 191 32 concederet
663 885 123 32 totum
731 885 177 32 argumentum.

310 912 67 35 ⁋
336 912 161 35 Secundus
457 912 174 35 articulus
591 912 120 35 habet
671 912 94 35 duo
725 912 134 35 dubia.
805 912 107 35 Primum

299 947 83 26 est
347 947 71 26 an
382 947 118 26 viator
465 947 142 26 existens
572 947 71 26 in
607 947 118 26 gratia
690 947 118 26 posset
761 947 154 26 pertransire

299 973 115 30 totam
376 973 115 30 vitam
452 973 102 30 suam
516 973 127 30 absque
605 973 178 30 priuilegio
745 973 153 30 speciali
846 973 64 30 si-

293 997 64 36 ne
325 997 74 36 hoc
368 997 85 36 quod
421 997 106 36 peccet
495 997 149 36 venialiter
612 997 64 36 et
644 997 117 36 videtur
729 997 85 36 quod
782 997 74 36 sic
824 997 74 36 per
856 997 53 36 ar-

297 1023 143 41 gumenta
401 1023 130 41 quibus
491 1023 130 41 probat
582 1023 91 41 hoc
634 1023 78 41 et
673 1023 117 41 tenet
751 1023 130 41 socius
828 1023 78 41 qui-

295 1060 90 28 dam
347 1060 129 28 contra
437 1060 77 28 me
475 1060 167 28 replicans
604 1060 90 28 sic
656 1060 116 28 primo
733 1060 103 28 quia
797 1060 90 28 hoc
836 1060 77 28 exi-

298 1080 105 39 stens
368 1080 70 39 in
403 1080 116 39 gratia
484 1080 116 39 posset
566 1080 93 39 omni
624 1080 163 39 tentationi
751 1080 151 39 resistere
856 1080 58 39 igi

294 1115 94 30 tur
347 1115 134 30 posset
441 1115 107 30 omne
508 1115 161 30 peccatum
628 1115 147 30 vitare.
722 1115 187 30 Consequentia

298 1140 148 38 probatur
409 1140 99 38 quia
471 1140 86 38 hoc
520 1140 161 38 resistere
643 1140 86 38 est
693 1140 86 38 non
742 1140 148 38 peccare.
841 1140 74 38 Ante

291 1169 128 35 cedens
381 1169 153 35 probatur
495 1169 102 35 quia
559 1169 77 35 si
597 1169 89 35 non
648 1169 153 35 signetur
763 1169 153 35 charitas
865 1169 51 35 et

291 1199 104 34 illa
356 1199 156 34 tentatio
473 1199 104 34 tunc
538 1199 91 34 sic
590 1199 104 34 homo
655 1199 130 34 habens
746 1199 117 34 istam
811 1199 104 34 grati-

296 1230 73 30 am
332 1230 85 30 non
381 1230 122 30 posset
466 1230 97 30 isti
527 1230 170 30 tentationi
661 1230 158 30 resistere
782 1230 122 30 igitur
855 1230 61 30 ha-

291 1253 101 32 bens
354 1253 139 32 minorem
455 1253 76 32 in
493 1253 113 32 duplo
569 1253 88 32 non
619 1253 126 32 posset
707 1253 164 32 resistere
821 1253 88 32 mino-

297 1282 76 31 ri
335 1282 176 31 tentationi
474 1282 76 31 in
511 1282 113 31 duplo
587 1282 76 31 et
625 1282 126 31 iterum
713 1282 113 31 adhuc
788 1282 76 31 in
813 1282 101 31 quadru

302 1309 86 35 plo
351 1309 123 35 habens
437 1309 135 35 minorem
535 1309 98 35 etc.
597 1309 111 35 adhuc
670 1309 86 35 non
720 1309 123 35 posset
793 1309 111 35 resiste

300 1340 75 36 re
337 1340 75 36 in
375 1340 163 36 quadruplo
500 1340 125 36 minori
587 1340 125 36 igitur
675 1340 175 36 deuenietur
812 1340 100 36 isto
862 1340 50 36 mo

298 1365 79 33 do
337 1365 131 33 tandem
429 1365 79 33 ad
469 1365 118 33 aliam
547 1365 144 33 gratiam
652 1365 92 33 vel
705 1365 184 33 charitatem
849 1365 92 33 que

302 1392 84 38 non
350 1392 157 38 sufficiet
471 1392 72 38 ad
507 1392 181 38 resistendum
651 1392 120 38 minime
735 1392 169 38 tentationi
856 1392 60 38 vel

307 1420 120 34 minime
391 1420 155 34 punctioni
510 1420 108 34 vnius
582 1420 191 34 tentationis.
738 1420 84 34 Sed
785 1420 96 34 quod
833 1420 72 34 homo

303 1452 101 33 esset
370 1452 67 33 in
404 1452 112 33 gratia
482 1452 78 33 qui
527 1452 101 33 nulli
594 1452 157 33 tentationi
717 1452 112 33 posset
784 1452 123 33 resistere

304 1481 110 31 esset
377 1481 196 31 inconueniens
537 1481 123 31 igitur
623 1481 98 31 etc.
684 1481 61 31 ⁋
708 1481 98 31 Item
770 1481 98 31 nisi
819 1481 98 31 habens

304 1506 170 32 charitatem
438 1506 122 32 posset
523 1506 158 32 resistere
644 1506 97 32 omni
705 1506 170 32 tentationi
827 1506 85 32 sequi

300 1536 82 30 tur
347 1536 94 30 quod
406 1536 129 30 adultus
500 1536 176 30 exercitatus
640 1536 70 30 in
675 1536 141 30 peccatis
781 1536 70 30 et
804 1536 106 30 baptisa

302 1564 81 37 tus
349 1564 127 37 nunquam
441 1564 162 37 proficeret
568 1564 69 37 in
603 1564 81 37 via
649 1564 127 37 salutis
742 1564 162 37 consequens
857 1564 58 37 est

298 1593 231 28 inconueniens.
489 1593 163 28 Probatur
611 1593 217 28 consequentia
788 1593 109 28 quia
842 1593 68 28 ta-

297 1620 91 32 lis
349 1620 118 32 babet
428 1620 131 32 fortes
519 1620 196 32 tentationes
676 1620 91 32 cum
728 1620 144 32 habitus
820 1620 91 32 mali-

302 1649 92 34 tie
354 1649 157 34 remaneat
472 1649 79 34 in
512 1649 79 34 eo
551 1649 79 34 et
590 1649 144 34 minimam
695 1649 184 34 charitatem
826 1649 79 34 quia

301 1677 111 34 solum
374 1677 172 34 charitatem
510 1677 221 34 sacramentalem.
694 1677 61 34 ⁋
719 1677 98 34 Item
780 1677 98 34 nisi
829 1677 74 34 etc.

302 1706 139 30 sequitur
406 1706 92 30 quod
464 1706 115 30 nullus
545 1706 104 30 extra
614 1706 127 30 gratiam
707 1706 115 30 posset
788 1706 69 30 se
811 1706 92 30 prepa-

298 1736 100 33 rare
360 1736 75 33 ad
397 1736 150 33 gratiam.
509 1736 150 33 Falsitas
621 1736 112 33 patet
696 1736 125 33 prouer
783 1736 87 33 13.
821 1736 87 33 homi-

302 1765 90 27 nis
354 1765 90 27 est
405 1765 128 27 animum
495 1765 167 27 preparare
623 1765 103 27 etc.
688 1765 206 27 Consequentia
842 1765 64 27 pa-

304 1791 90 32 tet
355 1791 102 32 quia
419 1791 77 32 si
458 1791 128 32 habens
547 1791 179 32 charitatem
688 1791 90 32 non
740 1791 128 32 posset
816 1791 90 32 maxi-

305 1820 74 34 me
342 1820 173 34 tentationi
478 1820 161 34 resistere
601 1820 124 34 igitur
688 1820 124 34 nullam
774 1820 124 34 habens
848 1820 62 34 cha

308 1846 129 29 ritatem
402 1846 82 29 non
449 1846 117 29 posset
531 1846 117 29 alicui
613 1846 164 29 resistere.
741 1846 140 29 Probatur
835 1846 70 29 con-

302 1876 158 32 sequentia
423 1876 97 32 quia
484 1876 109 32 maior
557 1876 85 32 est
605 1876 158 32 proportio
727 1876 146 32 virtutis
824 1876 85 32 resi-

305 1902 122 31 stiue
387 1902 189 31 charitatis
535 1902 135 31 minime
630 1902 81 31 ad
670 1902 149 31 maximam
765 1902 149 31 tentatio-

303 1933 98 33 nem.
364 1933 86 33 Sed
413 1933 111 33 dicis
487 1933 98 33 quod
549 1933 172 33 argumentum
684 1933 184 33 concluderet
831 1933 74 33 si
856 1933 49 33 to

301 1959 72 35 ta
337 1959 85 35 vis
385 1959 169 35 resistendi
518 1959 121 35 staret
603 1959 109 35 penes
675 1959 169 35 charitatem
808 1959 85 35 sed
845 1959 60 35 non

300 1990 91 28 est
352 1990 104 28 quia
417 1990 143 28 liberum
521 1990 182 28 arbitrium.
663 1990 117 28 iuuat
741 1990 91 28 hoc
780 1990 130 28 improba-

305 2018 81 31 tur
352 2018 104 31 post.
421 2018 58 31 ⁋
444 2018 92 31 Item
502 2018 127 31 aliquis
594 2018 104 31 finem
663 2018 150 31 charitate
779 2018 115 31 posset
848 2018 58 31 re-

301 2046 137 37 sistere
400 2046 124 37 maxime
487 2046 174 37 tentationi
624 2046 124 37 igitur
711 2046 174 37 antecedens
835 2046 75 37 pro-

302 2072 106 51 batur
373 2072 95 51 quia
432 2072 71 51 ex
468 2072 95 51 sola
527 2072 118 51 vrtute
610 2072 154 51 pollicita
728 2072 106 51 sicut
787 2072 118 51 socrates

927 218 129 50 elegit
1017 218 116 50 magis
1094 218 129 50 bibere
1184 218 141 50 venenum
1287 218 77 50 et
1326 218 103 50 mori
1390 218 103 50 quam
1441 218 103 50 negare

929 266 103 33 deum
993 266 103 33 suum
1058 266 77 33 et
1096 266 116 33 multi
1173 266 103 33 alii
1238 266 129 33 mortem
1328 266 154 33 vicerunt
1430 266 116 33 virtuti

929 293 93 35 bus
982 293 172 35 policitis
1114 293 79 35 et
1154 293 119 35 multi
1233 293 199 35 reliquerunt
1392 293 119 35 omnia
1458 293 93 35 tempo

928 324 105 34 ralia
998 324 81 34 cum
1045 324 116 34 igitur
1126 324 93 34 isti
1184 324 93 34 sine
1243 324 151 34 charitate
1359 324 175 34 resisterint
1487 324 58 34 ma-

933 350 111 37 ximis
1007 350 111 37 tenta
1081 350 149 37 tionibus
1193 350 136 37 videtur
1292 350 99 37 quod
1354 350 124 37 habens
1428 350 124 37 charita-

930 377 85 35 tem
979 377 122 35 possit
1064 377 97 35 omni
1125 377 171 35 tentationi
1259 377 158 35 resistere
1381 377 73 35 et
1417 377 85 35 per
1454 377 85 35 conse

925 408 127 30 quens
1009 408 113 30 omne
1080 408 169 30 peccatum
1206 408 155 30 vitare.
1319 408 211 30 Confirmatur
1474 408 70 30 per

924 435 166 35 augustinum
1054 435 142 35 dicentem
1161 435 95 35 quod
1220 435 106 35 nihil
1291 435 83 35 est
1338 435 130 35 fortius
1433 435 106 35 animo
1492 435 47 35 ha

928 461 111 36 bente
1002 461 173 36 charitatem
1138 461 99 36 nisi
1200 461 99 36 iste
1262 461 87 36 qui
1311 461 111 36 dedit
1385 461 74 36 Et
1410 461 136 36 gregorius

928 493 170 34 perfacile
1058 493 91 34 est
1111 493 157 34 superare
1228 493 157 34 dyabolum
1345 493 91 34 qui
1398 493 91 34 non
1437 493 104 34 posset

927 520 156 34 superare
1044 520 104 34 nisi
1109 520 169 34 volentem.
1239 520 104 34 Item
1303 520 143 34 boetius
1407 520 78 34 ve
1433 520 117 34 consola

932 549 113 36 tione
1008 549 76 36 in
1046 549 139 36 persona
1147 549 189 36 philosophie
1298 549 88 36 cui
1348 549 113 36 talia
1411 549 139 36 contulera

933 577 87 26 mus
982 577 100 26 arma
1045 577 87 26 qui
1095 577 100 26 nisi
1157 577 112 26 prior
1232 577 175 26 abiecisses
1369 577 137 26 inuicta
1469 577 75 26 te
1494 577 62 26 in-

923 604 174 28 firmitate
1057 604 201 28 tenerentur.
1217 604 107 28 Item
1284 604 121 28 omnis
1365 604 121 28 actus
1431 604 121 28 imputa-

926 631 113 36 bilis
1002 631 163 36 voluntati
1128 631 75 36 ad
1165 631 126 36 culpam
1253 631 88 36 est
1304 631 63 36 a
1329 631 163 36 voluntate
1454 631 88 36 vel
1492 631 63 36 eli

929 662 133 30 ciente
1022 662 93 30 vel
1075 662 173 30 imperante
1208 662 106 30 quia
1275 662 106 30 omne
1341 662 160 30 peccatum
1461 662 93 30 est
1501 662 53 30 vo

934 687 174 35 luntarium
1068 687 134 35 igitur
1161 687 121 35 omnis
1242 687 121 35 actus
1322 687 201 35 imputabilis
1470 687 80 35 pos-

934 715 87 41 set
983 715 125 41 vitari
1071 715 150 41 probatur
1183 715 137 41 adultus
1283 715 175 41 baptisatus
1420 715 125 41 posset
1495 715 62 41 per

927 748 153 32 aliquam
1039 748 125 32 horam
1122 748 139 32 vitare
1220 748 111 32 omne
1289 748 167 32 peccatum
1415 748 111 32 quia
1470 748 84 32 pos-

930 774 86 39 set
979 774 148 39 continue
1090 774 123 39 mereri
1176 774 74 39 in
1213 774 98 39 isto
1274 774 135 39 tempore
1373 774 123 39 igitur
1459 774 74 39 in
1483 774 74 39 fine

927 802 125 40 illius
1014 802 100 40 hore
1076 802 137 40 habebit
1176 802 137 40 maiorem
1276 802 137 40 gratiam
1375 802 100 40 quam
1438 802 75 40 in
1463 802 87 40 prin-

937 832 111 29 cipio
1011 832 74 29 et
1048 832 86 29 per
1097 832 173 29 consequens
1233 832 99 29 erit
1295 832 111 29 magis
1369 832 173 29 dispositus
1505 832 74 29 ad

933 861 167 39 vitandum
1059 861 112 39 omne
1128 861 167 39 peccatum
1254 861 98 39 pro
1310 861 153 39 tempore
1407 861 140 39 sequenti

935 886 97 39 quam
996 886 85 39 pro
1044 886 134 39 tempore
1142 886 170 39 precedenti
1275 886 73 39 et
1312 886 85 39 sic
1360 886 73 39 de
1397 886 134 39 omnibus
1482 886 73 39 par-

934 919 115 32 tibus
1011 919 102 32 vite
1075 919 102 32 sue.
1138 919 64 32 ⁋
1164 919 77 32 Ad
1202 919 102 32 ista
1266 919 166 32 argumenta
1381 919 166 32 respondetur

931 946 176 31 communiter
1070 946 101 31 quod
1133 946 126 31 habens
1221 946 138 31 gratiam
1322 946 151 31 cuilibet
1422 946 126 31 tentatio

928 976 78 37 ni
967 976 130 37 posset
1058 976 169 37 resistere
1188 976 78 37 et
1227 976 91 37 per
1280 976 182 37 consequens
1410 976 143 37 quodlibet

923 1002 157 32 peccatum
1041 1002 131 32 vitare
1132 1002 91 32 sed
1184 1002 91 32 non
1236 1002 131 32 posset
1328 1002 131 32 vitare
1419 1002 105 32 omna
1472 1002 78 32 quia

924 1030 86 31 dum
973 1030 111 31 vitat
1047 1030 99 31 vnum
1109 1030 136 31 incidit
1207 1030 74 31 in
1244 1030 123 31 aliud.
1330 1030 123 31 Contra
1417 1030 74 31 si
1441 1030 99 31 posset

932 1058 120 37 vitare
1016 1058 84 37 hoc
1064 1058 72 37 et
1099 1058 84 37 hoc
1147 1058 72 37 et
1183 1058 84 37 sic
1231 1058 72 37 de
1267 1058 144 37 singulis
1375 1058 84 37 cum
1422 1058 84 37 non
1458 1058 96 37 possit

933 1086 171 35 coniunctim
1067 1086 134 35 inferri
1165 1086 98 35 quod
1226 1086 122 35 peccet
1311 1086 85 35 per
1360 1086 110 35 omnia
1421 1086 122 35 sequitur

928 1111 103 38 quod
992 1111 128 38 possit
1082 1111 103 38 omne
1146 1111 154 38 peccatum
1262 1111 90 38 vel
1313 1111 116 38 omnia
1390 1111 141 38 vitare.
1480 1111 77 38 Item

927 1142 93 35 dum
980 1142 119 35 vitat
1059 1142 106 35 vnum
1125 1142 79 35 et
1165 1142 159 35 incurrit
1284 1142 119 35 aliud
1363 1142 93 35 per
1416 1142 93 35 te.
1455 1142 93 35 Quero

926 1170 108 33 vtrum
998 1170 144 33 vtrunque
1106 1170 120 33 possit
1190 1170 120 33 viator
1275 1170 120 33 vitare
1359 1170 84 33 vel
1407 1170 96 33 non.
1467 1170 72 33 si
1491 1170 60 33 sic

932 1199 131 38 igitur
1024 1199 118 38 omnia
1102 1199 92 38 pro
1155 1199 105 38 tunc
1220 1199 79 38 si
1260 1199 144 38 alterum
1364 1199 131 38 tantum
1443 1199 105 38 igitur

928 1228 134 34 necesse
1025 1228 97 34 fuit
1086 1228 97 34 sibi
1146 1228 134 34 alterum
1244 1228 146 34 amittere
1353 1228 73 34 et
1389 1228 85 34 ita
1438 1228 85 34 non
1474 1228 73 34 fuit

927 1259 216 30 voluntarium
1099 1259 86 30 et
1142 1259 101 30 per
1200 1259 201 30 consequens
1358 1259 101 30 non
1401 1259 144 30 peccatum

929 1283 136 37 actuale.
1031 1283 68 37 Si
1064 1283 102 37 dicas
1132 1283 91 37 quod
1189 1283 113 37 potuit
1268 1283 136 37 vtrunque
1370 1283 79 37 per
1415 1283 68 37 se
1449 1283 79 37 sed
1494 1283 79 37 non

929 1314 129 32 quando
1019 1314 154 32 venerunt
1135 1314 116 32 simul
1212 1314 116 32 adhuc
1290 1314 154 32 sequitur
1405 1314 103 32 quod
1457 1314 90 32 prius

937 1342 85 34 per
985 1342 109 34 illud
1058 1342 97 34 quod
1119 1342 109 34 fecit
1191 1342 85 34 non
1240 1342 121 34 potuit
1325 1342 133 34 euitare
1410 1342 133 34 auctorita

931 1369 91 30 tes
983 1369 104 30 meas
1048 1369 78 30 in
1087 1369 182 30 contrarium
1230 1369 78 30 de
1268 1369 117 30 beato
1346 1369 169 30 augustino
1463 1369 78 30 glo-

933 1399 85 32 sat
981 1399 97 32 quia
1042 1399 73 32 in
1078 1399 121 32 multis
1163 1399 109 32 locis
1235 1399 85 32 vbi
1284 1399 133 32 dicitur
1381 1399 121 32 negare
1453 1399 85 32 homi-

932 1431 81 31 nem
979 1431 104 31 posse
1048 1431 116 31 viuere
1130 1431 93 31 fine
1188 1431 128 31 peccato
1281 1431 128 31 actuali
1373 1431 116 31 absque
1443 1431 93 31 gratia

930 1455 82 33 et
971 1455 95 33 vbi
1026 1455 177 33 confitmat
1161 1455 150 33 hominem
1270 1455 136 33 habere
1365 1455 163 33 peccatum
1474 1455 68 33 lo-

932 1486 125 35 quitur
1019 1486 75 35 de
1056 1486 137 35 peccato
1156 1486 125 35 sumpto
1243 1486 150 35 vocabulo
1355 1486 87 35 pro
1405 1486 112 35 causa
1467 1486 75 35 pec-

929 1513 98 33 cati
990 1513 86 33 que
1039 1513 86 33 est
1089 1513 111 33 fomes
1163 1513 98 33 nisi
1224 1513 86 33 per
1273 1513 135 33 gratiam
1372 1513 111 33 valde
1433 1513 111 33 specia-

931 1536 90 34 lem
983 1536 193 34 extinguatur
1137 1536 90 34 vel
1189 1536 116 34 negat
1266 1536 142 34 hominem
1369 1536 103 34 esse
1433 1536 103 34 fine
1485 1536 64 34 pec

934 1569 99 34 cato
995 1569 74 34 oe
1032 1569 111 34 posse
1106 1569 111 34 autem
1180 1569 74 34 et
1217 1569 86 34 non
1266 1569 111 34 posse
1340 1569 86 34 nos
1377 1569 160 34 contendimus

929 1597 80 35 non
974 1597 68 35 de
1008 1597 102 35 esse.
1077 1597 68 35 Et
1111 1597 80 35 cum
1156 1597 91 35 dixi
1213 1597 80 35 ego
1259 1597 91 35 quod
1315 1597 159 35 augustinus
1441 1597 102 35 dicit
1497 1597 46 35 de

932 1623 100 35 bono
994 1623 200 35 virginitatis
1157 1623 88 35 cum
1207 1623 113 35 illis
1282 1623 88 35 qui
1332 1623 150 35 asserunt
1432 1623 113 35 hominem

934 1651 115 38 viuere
1015 1651 92 38 fine
1073 1651 127 38 peccato
1165 1651 81 38 non
1211 1651 127 38 concedo
1303 1651 81 38 nec
1349 1651 161 38 contradico
1464 1651 81 38 licet

931 1678 79 37 sic
976 1678 102 37 dicat
1044 1678 158 37 augustinus
1168 1678 90 37 quod
1224 1678 79 37 non
1269 1678 90 37 vult
1326 1678 158 37 contendere
1450 1678 90 37 etc.
1495 1678 45 37 ta

932 1712 88 35 men
982 1712 100 35 mens
1044 1712 88 35 sua
1094 1712 88 35 est
1144 1712 75 35 ad
1182 1712 175 35 contrarium
1319 1712 100 35 quia
1382 1712 113 35 dicit
1444 1712 100 35 ibidem

935 1740 93 40 quod
993 1740 185 40 satagentibus
1144 1740 104 40 atque
1214 1740 185 40 vigilantibus
1364 1740 70 40 ne
1399 1740 127 40 peccent
1480 1740 58 40 sub

925 1767 130 31 repunt
1016 1767 143 31 peccata
1120 1767 143 31 quamuis
1224 1767 117 31 pauca
1301 1767 91 31 non
1353 1767 117 31 tamen
1418 1767 104 31 nulla.

928 1791 123 41 Contra
1014 1791 111 41 dicit
1088 1791 99 41 ipse
1150 1791 123 41 tantus
1236 1791 123 41 doctor
1322 1791 86 41 non
1371 1791 123 41 debuit
1445 1791 99 41 dissi-

927 1825 129 30 mulare
1017 1825 77 30 ex
1056 1825 90 30 quo
1107 1825 141 30 fuisset
1210 1825 129 30 tempus
1300 1825 154 30 loquendi
1415 1825 77 30 et
1454 1825 77 30 de
1480 1825 64 30 ma-

930 1853 111 38 teria
1004 1853 98 38 illa
1065 1853 185 38 specialiter
1213 1853 123 38 mentio
1299 1853 160 38 habebatur
1422 1853 123 38 igitur
1496 1853 49 38 si

931 1879 97 40 sint
992 1879 158 40 contrarie
1113 1879 158 40 opinionis
1235 1879 85 40 cur
1284 1879 97 40 tunc
1344 1879 85 40 non
1381 1879 158 40 contradicit

931 1908 98 41 etiam
997 1908 76 41 cum
1040 1908 98 41 dicit
1106 1908 175 41 satagentibus
1248 1908 87 41 etc.
1303 1908 87 41 illa
1357 1908 76 41 est
1401 1908 131 41 infinita
1488 1908 55 41 nec

932 1935 137 40 sequitur
1034 1935 91 40 quod
1092 1935 137 40 quilibet
1194 1935 137 40 satagens
1297 1935 69 40 in
1331 1935 160 40 contrarium
1446 1935 91 40 peccet

930 1966 65 33 et
963 1966 76 33 cum
1006 1966 131 33 arguitur
1105 1966 76 33 per
1148 1966 175 33 auctoritatem
1290 1966 76 33 3o.
1334 1966 65 33 Si
1366 1966 142 33 dixerimus
1465 1966 65 33 etc.

926 1994 113 34 glosat
1005 1994 91 34 quod
1062 1994 113 34 nullus
1141 1994 79 34 est
1186 1994 91 34 fine
1243 1994 125 34 peccato
1333 1994 68 34 id
1367 1994 79 34 est
1412 1994 91 34 sine
1458 1994 79 34 causa

934 2024 112 36 pecati
1012 2024 78 36 nec
1057 2024 101 36 etiam
1124 2024 90 36 fine
1180 2024 112 36 debito
1258 2024 90 36 quia
1314 2024 134 36 quilibet
1415 2024 101 36 manet
1471 2024 67 36 obli

929 2053 108 32 gatus
1001 2053 84 32 pro
1049 2053 132 32 peccato
1145 2053 120 32 aliquo
1229 2053 72 32 et
1266 2053 72 32 si
1302 2053 84 32 non
1350 2053 132 32 actuali
1434 2053 96 32 saltem

927 2084 143 41 originali
1037 2084 121 41 secundo
1126 2084 188 41 principaliter
1280 2084 132 41 allegaui
1379 2084 110 41 contra
1457 2084 99 41 illud
