1795 2500
326 237 108 61 quare
398 237 84 61 non
446 237 96 61 eque
506 237 72 61 in
542 237 156 61 proposito
663 237 132 61 diceret
759 237 108 61 etiam
831 237 96 61 quod
879 237 60 61 ar-

337 285 93 45 ticuli
402 285 65 45 non
439 285 93 45 cogunt
504 285 74 45 quia
550 285 74 45 bene
596 285 148 45 concedicitur
717 285 74 45 quod
763 285 83 45 anima
819 285 65 45 non
856 285 65 45 est
884 285 46 45 ab-

334 318 88 41 solute
396 318 62 41 non
431 318 123 41 scilnintia
528 318 62 41 sed
563 318 106 41 relatiue
642 318 106 41 scilicet
722 318 62 41 dum
757 318 123 41 actualiter
854 318 62 41 vel
880 318 53 41 habi

333 343 130 46 tualiter
431 343 141 46 cognoscit
540 343 65 46 et
572 343 87 46 ideo
627 343 98 46 anima
692 343 76 46 vel
735 343 185 46 intelligentia
877 343 54 46 non

339 375 72 40 est
380 375 72 40 nec
421 375 113 40 essario
504 375 134 40 scilintia
607 375 93 40 sicut
668 375 103 40 semper
741 375 72 40 est
782 375 144 40 substantia
885 375 41 40 Ad

328 408 167 35 secundum
439 408 167 35 articulum.

336 415 51 55 ⁋
356 415 61 55 Ad
387 415 123 55 secundum
479 415 133 55 articulum
582 415 113 55 diceret
664 415 82 55 quod
715 415 154 55 intellectus
838 415 92 55 esset
889 415 41 55 mo

333 458 105 42 bilis
404 458 152 42 localiter
521 458 70 42 et
556 458 199 42 trasmutabilis
720 458 70 42 ad
755 458 117 42 aliqua
826 458 105 42 acciden

330 485 72 48 tia
371 485 154 48 linherentia
494 485 82 48 puta
545 485 92 48 lumen
607 485 103 48 glorie
679 485 113 48 gratiam
761 485 62 48 et
791 485 133 48 huiusmodi
884 485 51 48 sed

336 511 75 47 ad
373 511 112 47 actum
448 511 137 47 cogendi
547 511 87 47 vel
597 511 125 47 amandi
685 511 100 47 non.
747 511 75 47 Ad
784 511 137 47 tertium
872 511 62 47 di-

335 548 89 39 ceret
394 548 79 39 quod
444 548 89 39 anima
503 548 69 39 non
542 548 69 39 est
582 548 128 39 beatitudo
680 548 118 39 absolute
769 548 59 39 ad
799 548 59 39 se
828 548 59 39 et
858 548 69 39 ita
888 548 49 39 po-

332 570 93 45 neret
394 570 145 45 perfectius
508 570 93 45 lumen
570 570 62 45 in
601 570 72 45 vno
642 570 83 45 quam
694 570 62 45 in
725 570 83 45 alio
777 570 72 45 vel
818 570 72 45 per
849 570 83 45 alitet

334 605 153 38 requisita
452 605 71 38 in
487 605 118 38 quibus
569 605 106 38 esset
640 605 165 38 deformitas
769 605 141 38 euaderet
863 605 71 38 quod

336 635 73 36 ex
372 635 147 36 articulo
482 635 98 36 mecd
543 635 147 36 sequetur
653 635 122 36 contra
739 635 98 36 eum.
800 635 61 36 ⁋
824 635 73 36 Ad
849 635 85 36 illuo

337 656 61 42 de
367 656 111 42 vmagine
448 656 111 42 diceret
529 656 81 42 quod
579 656 91 42 anima
639 656 81 42 ipsa
690 656 91 42 prius
750 656 71 42 est
791 656 121 42 cognitio
871 656 61 42 quam

342 691 109 33 volitio
421 691 59 33 et
451 691 69 33 non
490 691 99 33 potest
559 691 79 33 esse
608 691 109 33 volitio
687 691 79 33 nisi
737 691 69 33 sit
776 691 118 33 cognitio
865 691 59 33 et
885 691 49 33 per

339 712 106 43 istum
410 712 106 43 modum
480 712 129 43 poneret
574 712 118 43 partes
657 712 153 43 ymaginis.
774 712 59 43 ⁋
798 712 71 43 Ad
833 712 94 43 alia
880 712 59 43 sae

339 741 90 43 tis
391 741 116 43 patet
468 741 142 43 quomodo
571 741 155 43 diceret.
687 741 64 43 ⁋
713 741 129 43 Contra
790 741 155 43 conclusio-

339 771 82 38 nem
386 771 70 38 in
421 771 152 38 principio
538 771 128 38 positam
631 771 140 38 Arguitur
736 771 93 38 tunc
794 771 105 38 anima
853 771 93 38 posset

338 799 131 41 diligere
436 799 76 41 deu
480 799 66 41 et
513 799 131 41 lapidemn
611 799 76 41 aut
655 799 109 41 igitur
731 799 98 41 eodem
797 799 87 41 actu
852 799 66 41 et
873 799 66 41 tunc

343 833 115 34 tantum
423 833 137 34 diligent
526 833 92 34 deum
583 833 103 34 sicut
652 833 126 34 lapidem
743 833 80 34 vel
789 833 92 34 alio
846 833 92 34 modo
892 833 46 34 et

337 856 84 41 alio
390 856 63 41 et
422 856 84 41 tunc
474 856 105 41 posset
548 856 116 41 intendi
632 856 126 41 dilectio
727 856 116 41 lapidis
812 856 84 41 quod
854 856 84 41 tantum

340 886 158 35 diligeret
461 886 134 35 lapidem
558 886 109 35 sicut
631 886 109 35 deum.
704 886 61 35 ⁋
729 886 134 35 Secundo
826 886 85 35 sic
862 886 73 35 tun-

335 911 84 39 tatl
387 911 126 39 dilectio
481 911 105 39 libere
555 911 147 39 causaretur
670 911 105 39 igitur
744 911 126 39 oportuit
838 911 84 39 quod
880 911 63 39 prae

340 939 191 46 cognosceretur
497 939 67 46 et
531 939 79 46 cum
576 939 90 46 illa
632 939 168 46 precognitio
766 939 112 46 libere
834 939 112 46 causatur

341 966 118 43 oportet
427 966 97 43 illam
492 966 161 43 precognosci
621 966 64 43 et
653 966 75 43 sic
696 966 64 43 in
728 966 150 43 infinitum.
846 966 54 43 ⁋
857 966 86 43 Tertio

345 997 184 44 praesententur
496 997 140 44 voluntati
604 997 76 44 duo
648 997 86 44 eque
701 997 162 44 diligibilia
831 997 97 44 quaro
885 997 54 44 quo

340 1024 140 46 preeliget
448 1024 86 46 vnum
502 1024 108 46 alteri
577 1024 75 46 non
621 1024 65 46 ex
653 1024 75 46 hoc
696 1024 86 46 quod
750 1024 86 46 vnum
804 1024 129 46 obiectum
890 1024 54 46 cau

335 1054 75 41 sat
378 1054 160 41 cognitionem
506 1054 75 41 sui
549 1054 64 41 et
581 1054 75 41 non
624 1054 96 41 aliud
688 1054 86 41 quia
742 1054 86 41 tunc
795 1054 75 41 non
838 1054 107 41 essent
902 1054 43 41 pa

340 1079 84 45 ria
388 1079 144 45 respectu
496 1079 168 45 voluntatis
628 1079 120 45 quodem
712 1079 120 45 contra
796 1079 132 45 positum
880 1079 60 45 op-

345 1109 104 42 igitur
417 1109 83 42 quod
469 1109 124 42 voluntas
562 1109 114 42 imparet
645 1109 156 42 intellectui
770 1109 83 42 quod
822 1109 83 42 plus
873 1109 93 42 cogno

340 1140 79 39 scat
389 1140 79 39 vnum
439 1140 79 39 quam
488 1140 89 39 aliud
547 1140 59 39 et
577 1140 79 39 tunc
626 1140 118 39 sequitur
715 1140 79 39 quod
764 1140 89 39 illam
814 1140 128 39 cognitionem

339 1164 184 52 precognoscat
489 1164 69 52 et
524 1164 104 52 velit
593 1164 69 52 et
627 1164 92 52 idem
685 1164 69 52 de
719 1164 92 52 illa
765 1164 173 52 precognitioni

343 1194 58 43 et
372 1194 68 43 sic
411 1194 58 43 in
440 1194 126 43 infinitum
537 1194 48 43 ⁋
556 1194 97 43 Quarto
624 1194 58 43 ad
653 1194 68 43 hoc
692 1194 78 43 quod
741 1194 145 43 intellectus
847 1194 97 43 educatur

341 1220 67 42 de
374 1220 134 42 potentia
475 1220 156 42 essentiali
598 1220 67 42 ad
631 1220 145 42 potentiam
743 1220 179 42 accidentalem
877 1220 67 42 opor

341 1253 80 35 tet
386 1253 103 35 donem
455 1253 126 35 aliquid
547 1253 103 35 aliud
615 1253 69 35 ab
650 1253 126 35 actibus
741 1253 69 35 et
775 1253 149 35 habitibus
878 1253 69 35 puta

344 1278 85 46 spem
397 1278 85 46 ergo
450 1278 64 46 si
482 1278 85 46 amor
535 1278 170 46 distinguitur
673 1278 64 46 ab
705 1278 95 46 anima
768 1278 117 46 oportet
853 1278 85 46 pari
896 1278 42 46 re

342 1304 103 41 tione
410 1304 114 41 ponere
490 1304 69 41 in
525 1304 149 41 voluntate
639 1304 126 41 aliquam
731 1304 114 41 formam
811 1304 103 41 aliam
879 1304 69 41 ab
902 1304 46 41 ha

352 1334 109 42 bitibus
431 1334 59 42 et
461 1334 109 42 actibus
540 1334 79 42 quod
589 1334 69 42 est
628 1334 109 42 falsum.
707 1334 49 42 ⁋
727 1334 99 42 Quinto
796 1334 59 42 si
826 1334 69 42 sic
855 1334 89 42 diligit

350 1367 104 40 libere
423 1367 84 40 tunc
475 1367 136 40 quodlibet
579 1367 146 40 diligibile
694 1367 104 40 potest
767 1367 136 40 intensius
872 1367 63 40 et
893 1367 52 40 ma-

351 1386 75 51 gis
394 1386 129 51 diligere
491 1386 86 51 quam
545 1386 119 51 diligit
632 1386 65 51 et
664 1386 75 51 ita
707 1386 75 51 non
750 1386 108 51 posset
826 1386 119 51 implere
901 1386 54 51 pri

349 1421 97 40 mumn
409 1421 169 40 preceptum.
543 1421 61 40 ⁋
567 1421 109 40 Sexto
639 1421 109 40 omnia
712 1421 157 40 argumenta
833 1421 97 40 eque
881 1421 61 40 pr-

349 1451 112 37 barent
427 1451 191 37 distinctionem
585 1451 101 37 inter
652 1451 112 37 amonem
731 1451 79 37 dim
776 1451 67 37 et
798 1451 146 37 substantiam

351 1476 91 45 dei.
407 1476 57 45 ⁋
430 1476 125 45 Septimo
521 1476 80 45 sic
567 1476 91 45 dato
623 1476 91 45 quod
680 1476 102 45 sicut
748 1476 102 45 dicit
805 1476 148 45 commentator

349 1503 76 48 quod
397 1503 143 48 intellectus
512 1503 67 48 sit
550 1503 86 48 forma
607 1503 115 48 separata
693 1503 57 48 in
722 1503 105 48 essendo
798 1503 86 48 licet
846 1503 105 48 communium

352 1536 109 42 gatur
425 1536 109 42 nobis
497 1536 73 42 in
533 1536 145 42 operando
642 1536 97 42 tunc
703 1536 85 42 non
751 1536 133 42 patitur
848 1536 61 42 a
872 1536 73 42 re
896 1536 61 42 ma-

352 1557 130 47 teriali
446 1557 94 47 quia
505 1557 82 47 est
553 1557 200 47 immaterialis.
718 1557 59 47 ⁋
741 1557 94 47 Ideo
800 1557 130 47 aristo.
883 1557 82 47 dicit

354 1586 97 48 tertio
422 1586 58 48 de
451 1586 87 48 anima
509 1586 78 48 quod
558 1586 136 48 intelligen
664 1586 68 48 non
703 1586 68 48 sit
742 1586 78 48 pati
790 1586 78 48 quia
829 1586 126 48 immateriale

353 1618 74 45 non
396 1618 95 45 pater
459 1618 137 45 materiale
565 1618 63 45 et
596 1618 95 45 primo
660 1618 63 45 de
691 1618 158 45 generatione
818 1618 116 45 dicitur
892 1618 63 45 quod

352 1648 103 42 nulla
420 1648 92 42 nata
478 1648 92 42 sunt
535 1648 103 42 agere
604 1648 69 42 et
638 1648 92 42 pati
695 1648 149 42 adinuicem
810 1648 92 42 nisi
867 1648 80 42 que
902 1648 57 42 con

354 1676 123 38 muincant
446 1676 61 38 in
476 1676 112 38 materia
558 1676 133 38 diceretur
661 1676 82 38 quod
712 1676 72 38 hoc
753 1676 164 38 intelligitur
885 1676 61 38 oe
906 1676 51 38 pas

353 1703 91 41 sione
414 1703 132 41 corporali
515 1703 71 41 non
555 1703 142 41 spirituali
667 1703 101 41 maxime
737 1703 71 41 que
778 1703 71 41 non
818 1703 71 41 est
849 1703 101 41 abiectio

349 1731 87 42 sed
398 1731 112 42 salus
473 1731 74 42 et
510 1731 174 42 protectio.
646 1731 62 42 ⁋
671 1731 124 42 Contra
758 1731 124 42 octauo
832 1731 124 42 phisicor

353 1759 103 44 vieltr
425 1759 124 44 probatur
518 1759 83 44 quod
570 1759 103 44 primus
642 1759 93 44 motor
704 1759 72 44 non
745 1759 72 44 est
787 1759 145 44 passibilis
890 1759 62 44 quod

353 1792 76 38 non
397 1792 76 38 est
440 1792 98 38 forma
505 1792 65 38 in
538 1792 120 38 materia
625 1792 120 38 igitur.
712 1792 54 38 ⁋
734 1792 87 38 Item
788 1792 109 38 tertio
864 1792 65 38 de
886 1792 76 38 anima

356 1817 78 38 textu
409 1817 113 38 commenti.
496 1817 52 38 14
522 1817 87 38 soluit
583 1817 131 38 philosophus
688 1817 131 38 quaestionem
792 1817 52 38 oe
818 1817 105 38 passione
888 1817 70 38 intel-

354 1844 101 41 lectus
425 1844 81 41 quod
475 1844 71 41 non
516 1844 111 41 patitur
596 1844 61 41 ab
627 1844 172 41 intelligibili
768 1844 91 41 sicut
829 1844 81 41 alia
869 1844 91 41 patiun-

359 1878 75 40 tur
402 1878 75 40 sed
445 1878 96 40 habet
509 1878 129 40 secundum
606 1878 182 40 commentatonem
756 1878 96 40 bidem
820 1878 64 40 de
841 1878 118 40 intensio-

354 1901 71 42 ne
390 1901 154 42 passionis
509 1901 178 42 receptionem
651 1901 119 42 tantum
734 1901 95 42 sine
782 1901 178 42 transmutatio-

356 1930 70 42 ne
391 1930 70 42 et
427 1930 82 42 hoc
473 1930 82 42 non
520 1930 82 42 est
567 1930 70 42 vt
602 1930 129 42 videtur
696 1930 94 42 nisi
754 1930 94 42 pati
813 1930 82 42 vel
848 1930 117 42 recipere

362 1957 139 43 obiectiue.
472 1957 50 43 ⁋
491 1957 80 43 Item
541 1957 119 43 secundum
631 1957 149 43 philosophum
750 1957 70 43 vna
790 1957 169 43 intelligentia
919 1957 50 43 non

365 1985 115 48 patitur
448 1985 62 48 ab
479 1985 83 48 alia
531 1985 146 48 subiectiue
646 1985 73 48 cum
687 1985 156 48 intelligere
812 1985 94 48 aliam
875 1985 73 48 sed
906 1985 52 48 pe-

358 2015 142 42 essentiam
467 2015 153 42 intelligit
587 2015 76 42 eam
631 2015 65 42 id
664 2015 76 42 est
707 2015 76 42 non
751 2015 76 42 per
794 2015 109 42 formam
860 2015 109 42 inheren-

363 2042 73 45 tem
404 2042 115 45 additam
488 2042 147 45 substantie
603 2042 73 45 sue
645 2042 105 45 igitur
719 2042 136 45 similiter
823 2042 63 45 de
844 2042 126 45 intellectu

360 2073 173 42 possibili.
496 2073 62 42 ⁋
520 2073 99 42 Item
582 2073 136 42 quomodo
681 2073 198 42 indiuisibile
841 2073 136 42 patitur
928 2073 37 42 a

363 2101 160 49 diuisibili
489 2101 80 49 cum
534 2101 103 49 omnis
603 2101 103 49 actio
672 2101 80 49 sit
718 2101 80 49 per
764 2101 149 49 contactum
878 2101 80 49 per
913 2101 57 49 com

948 227 139 65 mentatortem
1059 227 102 65 secundo
1133 227 56 65 de
1161 227 93 65 anima.
1226 227 46 65 ⁋
1244 227 74 65 Item
1291 227 74 65 idem
1337 227 65 65 est
1374 227 93 65 formam
1439 227 65 65 non
1467 227 83 65 extenm-

955 275 67 41 di
988 275 67 41 in
1022 275 123 41 materia
1111 275 67 41 et
1145 275 78 41 non
1189 275 89 41 esse
1245 275 67 41 in
1279 275 123 41 materia
1368 275 78 41 per
1413 275 78 41 hoc
1457 275 89 41 enim
1502 275 56 41 pro

956 311 72 34 bat
997 311 133 34 pohsophus
1099 311 102 34 primum
1171 311 113 34 motonem
1253 311 72 34 non
1294 311 82 34 esse
1345 311 61 34 in
1375 311 113 34 materia
1447 311 82 34 igitur

959 326 51 50 ⁋
979 326 82 50 Item
1031 326 82 50 tunc
1082 326 154 50 intellectus
1205 326 72 50 pus
1247 326 93 50 forte
1308 326 175 50 intelligibile
1452 326 93 50 minus
1504 326 51 50 in-

956 359 152 44 telligeret
1075 359 108 44 debile
1151 359 98 44 sicut
1216 359 76 44 est
1260 359 65 44 de
1292 359 98 44 sensu
1357 359 87 44 quia
1400 359 152 44 spiritalitas

956 390 79 41 non
1001 390 113 41 tollit
1080 390 90 41 quin
1136 390 135 41 intentio
1237 390 158 41 formaliter
1361 390 135 41 impediat
1451 390 101 41 debile.

962 414 48 47 ⁋
982 414 76 47 Item
1029 414 114 47 pohophus
1115 414 86 47 ponit
1172 414 114 47 exemplum
1257 414 143 47 intellectus
1372 414 57 47 de
1400 414 76 47 rasa
1448 414 95 47 tabula
1505 414 57 47 quae

959 445 128 46 pigitur
1053 445 82 46 sed
1099 445 70 46 in
1134 445 128 46 pictura
1228 445 82 46 non
1274 445 140 46 educitur
1379 445 105 46 color
1449 445 70 46 oe
1472 445 82 46 poten

962 472 77 44 tia
1006 472 109 44 tabule
1082 472 77 44 nec
1126 472 142 44 recipitur
1236 472 153 44 subiectiue
1356 472 66 44 in
1389 472 109 44 tabula
1466 472 77 44 sed
1498 472 66 44 cor-

962 500 86 48 pus
1011 500 160 48 coloratum
1134 500 172 48 applicatur
1269 500 123 48 tabule
1354 500 123 48 igitur
1440 500 86 48 nec
1477 500 86 48 cogni

954 528 76 42 tio
997 528 140 42 recipitur
1105 528 151 42 subiectiue
1224 528 65 42 in
1257 528 151 42 intellectu
1375 528 54 42 ⁋
1397 528 86 42 Item
1451 528 108 42 tertio
1516 528 43 42 de

958 556 106 45 anima
1029 556 141 45 commento
1135 556 129 45 septimo
1229 556 129 45 dicitur
1323 556 94 45 quod
1382 556 141 45 priuatio
1476 556 94 45 trans-

960 583 134 44 mutationis
1066 583 57 44 in
1094 583 134 44 intellectu
1200 583 67 44 est
1238 583 77 44 pura
1286 583 115 44 priuatio
1372 583 67 44 sic
1410 583 77 44 quod
1448 583 115 44 sipostioli

964 616 70 40 est
1004 616 199 40 intransmutabilis
1173 616 70 40 non
1212 616 89 40 solum
1272 616 189 40 substantialiter
1431 616 70 40 sed
1471 616 70 40 est
1510 616 60 40 su
1530 616 40 40 br

963 641 124 43 iectiue
1053 641 90 43 quod
1109 641 113 43 probat
1188 641 79 43 per
1234 641 79 43 hoc
1279 641 90 43 quod
1335 641 113 43 dictum
1414 641 79 43 est
1459 641 90 43 quod
1505 641 56 43 pus

960 669 86 43 forte
1018 669 172 43 intelligibile.
1161 669 48 43 ⁋
1180 669 77 43 Item
1228 669 86 43 causa
1286 669 115 43 secundum
1372 669 67 43 eum
1410 669 67 43 est
1448 669 77 43 quia
1486 669 77 43 sensus

964 699 191 45 transmutatur
1119 699 131 45 igitur.
1215 699 96 45 Item
1275 699 96 45 tunc
1334 699 143 45 intentio
1442 699 119 45 verlis
1513 699 60 45 ho-

966 730 101 46 minis
1033 730 124 46 recepta
1124 730 68 46 in
1157 730 158 46 intellectu
1281 730 79 46 meo
1326 730 68 46 et
1360 730 68 46 in
1394 730 158 46 intellectu
1507 730 56 46 tuo

960 756 118 43 essent
1043 756 83 43 due
1090 756 165 43 singulares
1220 756 83 43 res
1267 756 71 43 in
1302 756 130 43 essendo
1397 756 118 43 igitur
1479 756 71 43 ab
1503 756 59 43 eis

969 782 106 49 posset
1044 782 127 49 abstrahi
1139 782 117 49 aliquis
1224 782 138 49 conceptus
1330 782 127 49 communis
1425 782 64 49 et
1457 782 74 49 sic
1489 782 74 49 esset

967 813 122 48 processus
1060 813 56 48 in
1089 813 122 48 infinitum
1183 813 56 48 in
1211 813 141 48 praedicatis
1323 813 160 48 essentialibus
1455 813 56 48 et
1474 813 84 48 inquo

964 848 80 33 vel
1009 848 138 33 stabitur
1113 848 69 33 ad
1147 848 126 33 aliquam
1239 848 138 33 supremam
1343 848 161 33 qualitatem
1458 848 103 33 recepti

965 868 94 46 bilem
1027 868 62 46 in
1058 868 146 46 intellectu
1172 868 73 46 que
1214 868 125 46 respectu
1308 868 73 46 sui
1349 868 104 46 ipsius
1422 868 83 46 erit
1463 868 94 46 inferi-

963 891 71 50 et
999 891 143 50 superius
1106 891 71 50 et
1141 891 107 50 genus
1213 891 71 50 et
1248 891 178 50 indiuiduum.
1391 891 59 50 ⁋
1415 891 95 50 Item
1462 891 107 50 auctori

964 930 116 40 tates
1042 930 90 40 que
1093 930 129 40 ponunt
1184 930 129 40 mouere
1274 930 181 40 fantasmata
1403 930 168 40 intellectum

961 960 65 41 et
994 960 98 41 ipsum
1059 960 87 41 esse
1113 960 141 41 patientem
1222 960 65 41 et
1254 960 152 41 receptiuum
1374 960 119 41 glosant
1461 960 87 41 alii
1515 960 65 41 de
1537 960 43 41 mo

963 984 81 45 uem
1010 984 151 45 obiectiue
1126 984 70 45 et
1161 984 81 45 non
1208 984 175 45 subiectiue.
1347 984 58 45 ⁋
1371 984 70 45 Ad
1405 984 116 45 primum
1475 984 105 45 concedo

970 1003 64 54 quod
1010 1003 80 54 potest
1066 1003 80 54 tantum
1123 1003 88 54 diligen
1187 1003 88 54 lapidem
1251 1003 72 54 sicut
1300 1003 64 54 deum
1340 1003 56 54 sed
1372 1003 56 54 non
1404 1003 88 54 teantum
1460 1003 121 54 appreciabitur

963 1041 64 37 ⁋
989 1041 103 37 Item
1053 1041 129 37 stante
1144 1041 142 37 precise
1247 1041 116 37 eadem
1324 1041 181 37 cognitione
1466 1041 90 37 non
1505 1041 77 37 pos-

962 1066 87 43 sum
1011 1066 149 43 intendem
1123 1066 112 43 actum
1197 1066 161 43 diligendi
1321 1066 87 43 sed
1359 1066 223 43 proportionaliter

967 1093 116 44 sicut
1044 1093 141 44 augetur
1147 1093 154 44 cognitio
1263 1093 90 44 qua
1314 1093 90 44 res
1366 1093 141 44 apparet
1468 1093 116 44 magis
1533 1093 51 44 di

965 1124 141 46 ligibilis
1074 1124 76 46 sic
1117 1124 120 46 augetur
1204 1124 131 46 dilectio
1302 1124 65 46 et
1335 1124 109 46 aliter
1411 1124 87 46 non.
1465 1124 54 46 ⁋
1487 1124 76 46 Est
1520 1124 65 46 enim

968 1163 145 33 cognitio
1077 1163 85 33 vel
1125 1163 133 33 simplex
1222 1163 85 33 vel
1270 1163 145 33 complexa
1379 1163 85 33 vel
1428 1163 133 33 vtraque
1512 1163 73 33 par-

967 1184 117 39 tialis
1049 1184 105 39 causa
1119 1184 186 39 dilectionis.
1270 1184 58 39 ⁋
1294 1184 70 39 Et
1329 1184 105 39 licet
1399 1184 82 39 sit
1445 1184 70 39 in
1468 1184 117 39 potesta-

970 1205 67 49 te
1003 1205 157 49 voluntatis
1127 1205 112 49 posita
1205 1205 157 49 cognitione
1328 1205 112 49 elicem
1407 1205 101 49 actum
1463 1205 123 49 diligendi

965 1236 67 45 et
998 1236 78 45 non
1043 1236 122 45 elicere
1132 1236 100 45 tamen
1198 1236 78 45 non
1243 1236 78 45 est
1287 1236 67 45 in
1320 1236 111 45 ptante
1398 1236 78 45 sua
1443 1236 111 45 qualem
1509 1236 78 45 auuta

971 1260 126 47 quantum
1062 1260 126 47 eliciat
1153 1260 91 47 nisi
1210 1260 137 47 secundum
1313 1260 160 47 exigentiam
1427 1260 160 47 cognitionis.

966 1288 56 45 ⁋
988 1288 78 45 Ita
1033 1288 89 45 quod
1088 1288 78 45 est
1133 1288 89 45 dare
1188 1288 122 45 maximum
1277 1288 67 45 in
1310 1288 89 45 quem
1366 1288 111 45 potest
1444 1288 111 45 libere
1510 1288 78 45 medi-

971 1318 90 47 ante
1027 1318 90 47 tali
1083 1318 157 47 cognitione
1207 1318 56 47 ⁋
1229 1318 90 47 Ista
1286 1318 101 47 tamen
1353 1318 157 47 cognitione
1477 1318 112 47 stante
1544 1318 45 47 ir

975 1346 66 45 et
1008 1346 121 45 ceteris
1096 1346 121 45 praeter
1183 1346 153 45 voluntatem
1304 1346 164 45 vniformiter
1436 1346 66 45 se
1457 1346 132 45 habentibus

974 1377 88 47 ipsa
1029 1377 110 47 potest
1106 1377 121 47 minorem
1194 1377 121 47 elicere
1282 1377 66 47 et
1315 1377 121 47 maionem
1403 1377 132 47 remittem
1502 1377 66 47 et
1524 1377 66 47 mino

975 1400 85 50 rem
1023 1400 145 50 intendem
1132 1400 72 50 et
1168 1400 85 50 hoc
1217 1400 145 50 mediante
1325 1400 133 50 iudicio
1422 1400 145 50 practico
1531 1400 85 50 quo

973 1432 101 41 vides
1040 1432 101 41 illud
1108 1432 90 41 esse
1164 1432 90 41 plus
1220 1432 79 41 vel
1265 1432 101 41 minus
1333 1432 158 41 diligendum
1457 1432 68 41 ex
1491 1432 90 41 tali
1536 1432 56 41 cau

976 1463 81 41 sa.
1023 1463 58 41 ⁋
1046 1463 116 41 Contra
1127 1463 163 41 frequenter
1255 1463 128 41 accidit
1348 1463 93 41 quod
1406 1463 81 41 duo
1453 1463 128 41 homines
1534 1463 58 41 re-

973 1492 126 41 spectu
1062 1492 152 41 alicuius
1175 1492 152 41 amabilis
1289 1492 101 41 sunt
1352 1492 126 41 parres
1441 1492 76 41 in
1466 1492 126 41 cognitio

977 1513 57 47 ne
1005 1513 57 47 et
1034 1513 86 47 tamen
1091 1513 76 47 sunt
1138 1513 114 47 dispares
1224 1513 57 47 in
1252 1513 86 47 amore
1309 1513 114 47 intantum
1395 1513 76 47 quod
1442 1513 67 47 non
1480 1513 67 47 est
1518 1513 76 47 inli
1556 1513 38 47 in

979 1550 86 41 bera
1033 1550 108 41 ptente
1109 1550 97 41 vnius
1173 1550 108 41 tantum
1249 1550 129 41 diligere
1346 1550 97 41 illud
1411 1550 97 41 sicut
1475 1550 97 41 facit
1529 1550 65 41 ali-

978 1572 88 47 us.
1029 1572 63 47 ⁋
1054 1572 101 47 Item
1117 1572 138 47 aliquis
1218 1572 126 47 vellet
1306 1572 176 47 frequenter
1444 1572 113 47 minus
1507 1572 88 47 dili-

973 1600 96 51 gere
1033 1600 132 51 aliquid
1129 1600 132 51 amabile
1225 1600 96 51 quam
1285 1600 132 51 diligit
1380 1600 84 51 vel
1428 1600 96 51 plus
1488 1600 72 51 et
1512 1600 84 51 tanim

976 1633 85 41 non
1024 1633 122 41 potest
1110 1633 122 41 libere
1195 1633 109 41 illud
1268 1633 97 41 quod
1328 1633 122 41 velset
1414 1633 97 41 bene
1474 1633 97 41 vnde
1523 1633 73 41 apo-

980 1654 119 48 stolus
1063 1654 107 48 velle
1135 1654 95 48 mihi
1194 1654 143 48 adiacet.
1301 1654 59 48 ⁋
1325 1654 95 48 Item
1384 1654 95 48 amor
1444 1654 119 48 intrat
1527 1654 83 48 vbi
1562 1654 36 48 i

978 1690 136 42 cognitio
1080 1690 102 42 foris
1148 1690 91 42 stat
1205 1690 113 42 igitur
1284 1690 79 42 hoc
1329 1690 113 42 potest
1409 1690 136 42 diligere
1500 1690 79 42 vltra

976 1715 161 45 exigentiam
1102 1715 184 45 cognitionis.
1251 1715 57 45 ⁋
1274 1715 69 45 Ad
1308 1715 115 45 primum
1389 1715 92 45 dico
1446 1715 92 45 quod
1492 1715 92 45 assum-

988 1747 86 39 ptum
1042 1747 75 39 est
1085 1747 108 39 falsum
1160 1747 65 39 si
1193 1747 108 39 cetera
1268 1747 86 39 sint
1322 1747 97 39 paria
1386 1747 86 39 puta
1440 1747 140 39 complexio
1537 1747 43 39 et

982 1769 153 47 habituatio
1102 1769 66 47 et
1135 1769 98 47 omnia
1201 1769 142 47 taliatmam
1310 1769 120 47 ratione
1397 1769 142 47 passionis
1496 1769 98 47 sensual

981 1801 182 45 dominantis
1124 1801 78 45 in
1163 1801 91 45 vno
1215 1801 91 45 vel
1267 1801 143 45 ratione
1370 1801 208 45 complexionis
1526 1801 65 45 est

980 1828 169 43 conueniens
1113 1828 72 43 et
1149 1828 109 43 magis
1221 1828 181 43 delectabsle
1366 1828 84 43 vni
1414 1828 96 43 quam
1474 1828 121 43 alteri
1547 1828 48 43 et

984 1856 80 46 ideo
1034 1856 100 46 potest
1104 1856 80 46 plus
1154 1856 120 46 diligere
1244 1856 90 46 illud
1303 1856 80 46 quam
1353 1856 90 46 alius
1413 1856 70 46 qui
1453 1856 70 46 est
1493 1856 70 46 per
1533 1856 60 46 in
1553 1856 40 46 co

977 1887 142 44 gnitione
1084 1887 107 44 licet
1155 1887 95 44 raro
1214 1887 83 44 diu
1262 1887 95 44 stat
1321 1887 95 44 illa
1380 1887 130 44 paritas
1475 1887 95 44 quia
1523 1887 71 44 amor

987 1912 103 45 facit
1055 1912 138 45 aduenire
1158 1912 69 45 et
1193 1912 126 45 offerre
1285 1912 138 45 rationes
1388 1912 160 45 diligenter
1514 1912 69 45 et
1537 1912 57 45 for

984 1942 98 45 tius
1045 1942 110 45 figit
1119 1942 184 45 cognitionem
1266 1942 74 45 in
1303 1942 233 45 contemplationem
1487 1942 110 45 dilecti

987 1970 53 45 ⁋
1009 1970 64 45 Ad
1041 1970 128 45 secundum
1137 1970 85 45 dico
1190 1970 85 45 quod
1244 1970 128 45 procedit
1340 1970 64 45 de
1372 1970 96 45 amore
1436 1970 128 45 sensuali
1521 1970 75 45 ideft

983 2001 199 43 naturaliter
1142 2001 146 43 causato
1248 2001 80 43 ad
1288 2001 252 43 transmutationem
1487 2001 106 43 corpo-

979 2026 118 40 ralem
1057 2026 157 40 alicuius
1175 2026 118 40 ogani
1254 2026 92 40 vel
1306 2026 131 40 partis
1398 2026 170 40 corporis.
1529 2026 65 40 ⁋
1542 2026 52 40 Et

983 2054 85 47 hoc
1032 2054 146 47 loquendo
1141 2054 73 47 oe
1178 2054 110 47 posse
1251 2054 159 47 immediato
1373 2054 98 47 quia
1434 2054 146 47 mediante
1532 2054 61 47 yma

983 2082 153 54 ginatione
1101 2082 106 54 forti
1172 2082 71 54 et
1207 2082 212 54 consideratione
1384 2082 165 54 competenti
1502 2082 94 54 potest
