1768 2500
183 221 112 52 subtili
264 221 71 52 di.
305 221 61 52 17
335 221 92 52 primi
396 221 61 52 in
427 221 112 52 lectura
508 221 142 52 parisienu.
620 221 81 52 quod
661 221 122 52 charitatis

181 266 109 35 feruor
257 266 109 35 potest
333 266 76 35 per
376 266 130 35 venialia
474 266 98 35 minui
539 266 130 35 positiue
637 266 65 35 et
659 266 119 35 habericus

178 297 150 35 gandensis
294 297 69 35 et
328 297 92 35 alii
386 297 92 35 idem
443 297 115 35 tenent
524 297 92 35 quod
582 297 138 35 charitas
674 297 115 35 inclinat

183 329 138 28 quantum
284 329 88 28 est
334 329 76 28 ex
372 329 113 28 parte
448 329 88 28 sui
498 329 88 28 non
548 329 113 28 solum
624 329 76 28 ad
662 329 113 28 opera
725 329 50 28 ne

182 355 167 33 cessitatis
314 355 84 33 sed
361 355 108 33 etiam
433 355 239 33 supererogationis
636 355 72 33 et
672 355 72 33 ad
696 355 84 33 vitan

175 384 92 33 dum
227 384 118 33 multa
306 384 158 33 venialia
425 384 79 33 et
464 384 145 33 quamuis
570 384 79 33 vt
609 384 145 33 accipit
701 384 79 33 idem

181 408 120 34 doctor
265 408 144 34 subiilis
372 408 144 34 charitas
480 408 84 34 sit
528 408 120 34 pondus
612 408 167 34 voluntatis
731 408 48 34 ip

173 437 97 33 sam
228 437 83 33 ad
270 437 124 33 bonum
352 437 110 33 omne
421 437 179 33 inclinans
559 437 97 33 tam
601 437 179 33 necessarium

183 465 118 33 omnino
266 465 95 33 quod
325 465 154 33 expediens
444 465 142 33 voluntas
550 465 107 33 tamen
621 465 83 33 cum
669 465 83 33 hoc
716 465 95 33 quod

177 490 101 36 ipsa
241 490 114 36 nullo
317 490 101 36 modo
380 490 114 36 velit
456 490 101 36 deum
520 490 178 36 mortaliter
647 490 139 36 offendere

178 521 119 34 potest
262 521 72 34 ex
297 521 155 34 libertate
416 521 83 34 sua
464 521 107 34 multa
536 521 107 34 velle
607 521 83 34 non
655 521 107 34 solum
714 521 72 34 lici

187 550 71 33 ta
223 550 82 33 sed
270 550 106 33 etiam
340 550 165 33 venialiter
469 550 141 33 illicita
575 550 71 33 ad
611 550 82 33 que
658 550 82 33 non
693 550 94 33 volen-

185 577 71 31 da
221 577 82 31 sed
268 577 130 31 nolenda
362 577 165 31 inclinaret
492 577 141 31 charitas
598 577 106 31 sicut
668 577 71 31 et
704 577 82 31 non
739 577 47 31 ob

180 606 119 31 stante
264 606 155 31 charitate
383 606 119 31 habita
467 606 96 31 ipsa
526 606 119 31 posset
610 606 107 31 velle
670 606 119 31 diligere

187 635 108 41 aliud
259 635 96 41 quam
319 635 96 41 deum
379 635 168 41 veruntamen
511 635 72 41 si
547 635 84 41 hoc
595 635 132 41 faceret
691 635 72 41 et
715 635 72 41 per-

180 660 122 32 deret
262 660 190 32 prehabitam
411 660 190 32 charitatem
560 660 217 32 frequentando
722 660 68 32 au-

178 685 91 36 tem
230 685 117 36 actus
308 685 157 36 veniales
426 685 130 36 contra
517 685 222 36 inclinationem
687 685 104 36 chari-

183 718 113 36 tatis
259 718 125 36 infuse
346 718 113 36 dicto
422 718 100 36 modo
484 718 188 36 generaliter
635 718 138 36 habitus
722 718 63 36 ac-

188 748 142 31 quisitus
295 748 154 31 inclinans
413 748 71 31 ad
448 748 165 31 consimiles
578 748 71 31 et
614 748 83 31 per
649 748 142 31 consequens

189 778 91 30 per
241 778 143 30 habitum
345 778 117 30 talem
422 778 168 30 generatum
552 778 78 30 ex
591 778 117 30 illis
655 778 130 30 redditur

181 800 155 35 voluntas
297 800 116 35 minus
375 800 142 35 habilis
479 800 78 35 ad
517 800 155 35 feruidos
634 800 78 35 et
660 800 129 35 intensos

186 829 73 32 ad
222 829 122 32 quales
308 829 85 32 est
356 829 146 32 charitas
466 829 183 32 inclinatiua
612 829 85 32 per
660 829 110 32 actus
721 829 61 32 hu-

181 857 130 34 iusmodi
276 857 95 34 quam
335 857 95 34 ante
394 857 71 34 et
430 857 83 34 per
477 857 166 34 consequens
607 857 118 34 feruor
678 857 107 34 diminui

186 886 77 29 tur
230 886 166 29 charitatis.
363 886 55 29 â‹
385 886 100 29 Sexto
451 886 88 29 dico
507 886 77 29 cum
551 886 100 29 eodem
617 886 111 29 seconu
695 886 88 29 quod
739 886 44 29 po

178 915 112 33 sitio
252 915 112 33 etiam
326 915 124 33 feruor
413 915 174 33 charitatis
549 915 87 33 per
599 915 149 33 venialia
698 915 87 33 minui

182 944 163 33 priuatiue
308 944 75 33 et
346 944 75 33 ad
383 944 100 33 vnum
446 944 188 33 intellectum
597 944 126 33 probat
685 944 100 33 idem
735 944 50 33 do

176 971 90 36 ctor
232 971 90 36 sco.
288 971 90 36 hanc
344 971 179 36 conclusionem
490 971 78 36 sic
534 971 90 36 quod
590 971 90 36 homo
647 971 112 36 potest
714 971 67 36 ces-

177 996 99 33 sare
238 996 173 33 absactibus
374 996 173 33 charitatis
509 996 111 33 extra
583 996 123 33 tempus
657 996 136 33 necessita

173 1028 85 35 tis
222 1028 85 35 qui
270 1028 110 35 actus
344 1028 73 35 si
380 1028 171 35 ponerentur
515 1028 146 35 augerent
624 1028 134 35 habitum
710 1028 73 35 cha-

177 1056 133 35 ritatis
273 1056 169 35 acquirende
406 1056 84 35 quo
454 1056 121 35 posito
539 1056 205 35 inferuidiores
696 1056 84 35 actus

176 1082 119 37 posset
259 1082 143 37 voluntas
366 1082 119 37 habens
449 1082 166 37 charitatem
580 1082 131 37 infusam
675 1082 95 37 quam
723 1082 59 37 pos

176 1113 77 31 set
220 1113 121 31 ceteris
308 1113 121 31 paribus
395 1113 186 31 circunscripto
549 1113 110 31 habitu
626 1113 143 31 acquisito
724 1113 55 31 vel

182 1138 83 39 quam
233 1138 103 39 posset
306 1138 134 39 acquirere
409 1138 62 39 si
440 1138 93 39 actus
502 1138 134 39 huiusmodi
606 1138 176 39 frequentaret.
751 1138 62 39 Ad

188 1168 88 36 alium
247 1168 88 36 etiam
306 1168 147 36 intellectum
424 1168 108 36 probari
502 1168 98 36 potest
571 1168 128 36 conclusio
669 1168 79 36 quia
718 1168 69 36 qui
748 1168 39 36 ex

182 1193 166 32 frequentia
312 1193 118 32 actuum
395 1193 83 32 non
443 1193 201 32 necessariorum
608 1193 71 32 ad
644 1193 130 32 salutem
727 1193 59 32 nec

183 1224 116 34 quorum
264 1224 150 34 contrarii
380 1224 150 34 tollerent
496 1224 127 34 salutem
588 1224 162 34 generasset
716 1224 69 34 in
739 1224 46 34 se

179 1251 168 29 charitates
311 1251 168 29 acquisitas
443 1251 84 29 vel
490 1251 108 29 aliam
562 1251 108 29 talem
634 1251 120 29 posset
706 1251 84 29 post-

186 1281 72 29 ea
222 1281 84 29 per
270 1281 108 29 actus
342 1281 108 29 illis
414 1281 168 29 contrarios
547 1281 108 29 illos
619 1281 132 29 habitus
703 1281 84 29 dimi-

182 1307 112 35 nuere
256 1307 87 35 qui
306 1307 62 35 n
330 1307 186 35 diminuentur
479 1307 136 35 ceteris
578 1307 136 35 paribus
665 1307 124 35 reddetur

178 1335 75 36 ad
215 1335 112 36 actus
290 1335 187 36 impotentior
440 1335 75 36 ad
477 1335 112 36 actus
552 1335 150 36 intensos
664 1335 87 36 seu
702 1335 87 36 ferui

185 1364 82 32 dos
232 1364 105 32 licet
302 1364 93 32 sibi
360 1364 140 32 remaneat
465 1364 93 32 tota
523 1364 82 32 sua
570 1364 140 32 charitas
675 1364 58 32 a
698 1364 82 32 deo
744 1364 70 32 in

186 1391 95 32 fusa
246 1391 95 32 quam
305 1391 107 32 prius
377 1391 95 32 erat
436 1391 131 32 talibus
532 1391 155 32 habitibus
639 1391 143 32 vigoratus.

191 1420 64 34 â‹
217 1420 140 34 Septimo
319 1420 102 34 dico
382 1420 89 34 cum
433 1420 166 34 quibusdam
561 1420 115 34 aliis
624 1420 153 34 doctoribus

183 1447 94 38 quod
242 1447 70 38 ad
277 1447 105 38 bonum
347 1447 176 38 intellectum
488 1447 140 38 loquendo
593 1447 140 38 charitas
686 1447 94 38 potest

181 1480 83 31 per
228 1480 142 31 venialia
335 1480 106 31 minui
406 1480 83 31 quo
453 1480 71 31 ad
488 1480 95 31 eius
547 1480 165 31 firmitatem
677 1480 83 31 seu
713 1480 59 31 sta

178 1507 168 28 bilitatem
308 1507 104 28 quia
372 1507 155 28 scilicet
489 1507 130 28 quedam
580 1507 155 28 venialia
683 1507 104 28 multum

184 1533 158 34 babilitant
308 1533 68 34 et
342 1533 147 34 disponunt
455 1533 68 34 ad
489 1533 113 34 ruinam
568 1533 68 34 et
601 1533 113 34 lapsum
669 1533 113 34 immorta-

184 1560 77 34 le
223 1560 128 34 maxime
312 1560 103 34 illa
377 1560 154 34 grauiora
492 1560 167 34 venialia.
620 1560 64 34 â‹
646 1560 128 34 Primum
723 1560 64 34 du-

181 1590 99 30 bium
242 1590 123 30 posset
329 1590 99 30 esse
390 1590 111 30 istud
464 1590 99 30 quod
526 1590 148 30 tangitur
637 1590 74 30 in
662 1590 123 30 argumen-

187 1618 61 32 to
217 1618 143 32 principali
330 1618 61 32 am
360 1618 122 32 scilicet
452 1618 122 32 charitas
544 1618 122 32 secundum
635 1618 133 32 essentiam
727 1618 51 32 sue

187 1646 107 32 minui
259 1646 119 32 possit
342 1646 83 32 per
389 1646 143 32 peccatum
497 1646 143 32 mortale.
604 1646 71 32 Et
639 1646 83 32 est
675 1646 119 32 dicendum

188 1675 93 32 quod
247 1675 82 32 non
293 1675 140 32 secundum
399 1675 105 32 legem
469 1675 82 32 dei
515 1675 152 32 ordinatam
632 1675 82 32 nec
679 1675 105 32 esset
737 1675 47 32 ra

188 1702 148 32 tionabile
301 1702 102 32 aliud
369 1702 114 32 statui
449 1702 80 32 pro
494 1702 68 32 eo
529 1702 91 32 quod
585 1702 114 32 nullus
665 1702 114 32 peccat
733 1702 57 32 mor

186 1728 129 30 taliter
280 1728 94 30 nisi
339 1728 82 30 dei
386 1728 165 30 contemptor
516 1728 94 30 vere
574 1728 82 30 vel
610 1728 176 30 interpretati-

183 1759 73 33 ue
219 1759 158 33 preponens
341 1759 109 33 aliud
414 1759 61 33 a
438 1759 97 33 deo.
499 1759 85 33 Sed
548 1759 85 33 non
596 1759 85 33 est
645 1759 122 33 ratior
718 1759 73 33 abi-

181 1785 64 30 le
213 1785 86 30 quod
267 1785 97 30 talis
332 1785 107 30 licite
407 1785 118 30 fruatur
493 1785 150 30 deorigitur
611 1785 75 30 non
654 1785 75 30 est
686 1785 97 30 ratio-

181 1814 113 34 nabile
260 1814 90 34 quod
316 1814 90 34 illi
373 1814 79 34 sic
418 1814 135 34 peccanti
519 1814 135 34 remaneat
621 1814 124 34 aliquis
700 1814 90 34 gradus

186 1840 169 36 charitatis
319 1840 97 36 quia
380 1840 121 36 semper
464 1840 242 36 proportionaliter
670 1840 109 36 tanta
730 1840 61 36 cui

188 1870 111 34 libet
262 1870 136 34 debetur
361 1870 136 34 finalis
460 1870 161 34 beatitudo
584 1870 136 34 quantam
683 1870 87 34 pro
720 1870 62 34 pre

180 1899 116 35 senti
257 1899 116 35 habet
335 1899 193 35 charitatem.
489 1899 64 35 â‹
515 1899 77 35 Ad
553 1899 180 35 argumentum
682 1899 103 35 igitur

183 1925 104 32 illud
253 1925 162 32 principale
380 1925 93 32 dico
438 1925 93 32 quod
496 1925 69 32 a.
530 1925 69 32 et
565 1925 69 32 b.
600 1925 81 32 vno
646 1925 93 32 modo
692 1925 93 32 compa-

184 1958 105 34 rantur
257 1958 63 34 in
288 1958 126 34 diuersis
383 1958 73 34 sic
424 1958 84 34 quod
477 1958 63 34 b.
508 1958 94 34 actus
571 1958 63 34 in
602 1958 94 34 sorte
665 1958 73 34 est
707 1958 73 34 ita
739 1958 52 34 di-

180 1982 182 35 splicibilis
325 1982 85 35 deo
374 1982 73 35 et
410 1982 206 35 vituperabilis
580 1982 73 35 ex
616 1982 121 35 natura
701 1982 85 35 sui
738 1982 48 35 et

178 2010 82 32 sue
225 2010 117 32 libere
307 2010 188 32 productionis
460 2010 106 32 sicut
530 2010 70 32 a.
565 2010 70 32 in
600 2010 129 32 platone
694 2010 82 32 est
729 2010 59 32 deo

186 2039 160 33 placibilis
311 2039 69 33 et
346 2039 69 33 in
380 2039 69 33 se
414 2039 160 33 laudabilis
540 2039 69 33 et
574 2039 80 33 hoc
620 2039 80 33 est
665 2039 103 33 satis
722 2039 69 33 pos-

175 2069 119 43 sibile
258 2069 95 43 quia
318 2069 107 43 sicut
389 2069 119 43 sortes
472 2069 71 43 et
508 2069 107 43 plato
579 2069 71 43 in
615 2069 178 43 naturalibus
745 2069 48 43 pa

806 225 81 46 res
853 225 70 46 et
888 225 70 46 in
922 225 104 46 aliis
992 225 197 46 conditionibus
1154 225 70 46 et
1189 225 81 46 sit
1235 225 70 46 b.
1270 225 116 46 primus
1340 225 81 46 actus

803 266 192 40 demeritorius
959 266 120 40 sortis
1043 266 96 40 quam
1103 266 120 40 nullus
1187 266 72 40 in
1223 266 72 40 eo
1259 266 120 40 possit
1331 266 84 40 actus

809 296 170 33 meritorius
943 296 85 33 nec
991 296 122 33 gratia
1076 296 73 33 et
1113 296 85 33 sit
1162 296 73 33 a.
1198 296 122 33 primus
1283 296 109 33 actus
1344 296 73 33 meri

809 326 108 29 torius
885 326 65 29 in
917 326 119 29 platone
1004 326 86 29 tunc
1058 326 76 29 est
1101 326 140 29 possibile
1209 326 86 29 quod
1263 326 65 29 b.
1295 326 76 29 sit
1328 326 86 29 preci-

810 352 67 36 se
843 352 79 36 ita
888 352 191 36 vituperabilis
1046 352 112 36 sicut.
1125 352 67 36 a.
1158 352 157 36 laudabilis
1282 352 67 36 et
1305 352 112 36 possibi-

800 379 66 33 se
833 379 77 33 est
877 379 88 33 quod
932 379 99 33 magis
998 379 66 33 et
1031 379 143 33 possibile
1140 379 77 33 est
1184 379 88 33 quod
1239 379 110 33 minus.
1316 379 121 33 Secundo

810 409 132 33 possunt
906 409 155 33 comparari
1025 409 84 33 sic
1073 409 96 33 quod
1133 409 84 33 tam
1181 409 120 33 grauis
1265 409 96 33 pena
1324 409 84 33 quo
1372 409 72 33 ad

808 433 178 38 intensionem
951 433 166 38 infligitur
1081 433 83 38 pro
1129 433 95 38 pena
1188 433 95 38 quam
1248 433 107 38 bonum
1307 433 107 38 delecta

805 465 106 35 bile
871 465 146 35 premium
977 465 93 35 quo
1030 465 79 35 ad
1070 465 199 35 intensionem
1229 465 119 35 actus
1295 465 119 35 premia-

798 491 105 35 torii
868 491 105 35 datur
938 491 81 35 pro
985 491 70 35 a.
1019 491 70 35 et
1054 491 81 35 hoc
1101 491 116 35 iterum
1182 491 81 35 est
1229 491 151 35 possibile
1334 491 81 35 secun

797 520 79 31 do
836 520 105 31 modo
902 520 105 31 quod
967 520 144 31 premium
1072 520 79 31 et
1111 520 105 31 pena
1176 520 196 31 comparentur
1320 520 92 31 penes

807 548 163 31 bonitatem
933 548 75 31 et
970 548 150 31 malitiam
1083 548 188 31 intrinsecam
1233 548 75 31 et
1271 548 113 31 etiam
1333 548 88 31 extri

801 577 116 37 secam
878 577 180 37 obiectorum
1020 577 129 37 suorum
1110 577 77 37 et
1148 577 90 37 sic
1200 577 90 37 non
1251 577 141 37 possunt
1341 577 77 37 equa

806 606 69 32 ri
840 606 92 32 quia
898 606 92 32 sor.
955 606 81 32 non
1001 606 115 32 potest
1082 606 115 32 puniri
1162 606 92 32 actu
1220 606 161 32 grauitatis
1335 606 81 32 infi-

803 633 98 31 nite
864 633 159 31 obiectiue
987 633 110 31 sicut
1060 633 110 31 plato
1134 633 86 31 est
1183 633 123 31 dignus
1269 633 98 31 actu
1318 633 98 31 premia

803 662 100 32 tiuo
866 662 163 32 bonitatis
991 662 150 32 infinite
1104 662 175 32 obiectiue.
1242 662 100 32 Unde
1292 662 125 32 premium.

801 691 188 30 imprimendum
952 691 138 30 platoni
1052 691 100 30 erit
1115 691 138 30 valoris
1215 691 150 30 infiniti
1315 691 100 30 extrin

810 717 89 36 ece
861 717 102 36 quia
925 717 89 36 non
975 717 127 36 posset
1064 717 127 36 haberi
1153 717 102 36 quin
1217 717 114 36 simul
1293 717 102 36 ipso
1344 717 76 36 dato

800 745 113 30 detur
875 745 88 30 per
925 745 113 30 ipsum
1000 745 113 30 deus.
1075 745 113 30 Dices
1150 745 88 30 ita
1200 745 113 30 graue
1275 745 88 30 est
1312 745 100 30 priua-

803 774 74 35 ri
840 774 99 35 bono
902 774 149 35 infinito
1013 774 112 35 sicut
1088 774 149 35 commodum
1199 774 87 35 est
1249 774 124 35 habere
1323 774 87 35 bonum

808 802 146 30 infinitum
920 802 112 30 igitur
999 802 135 30 dicendum
1100 802 79 30 est
1145 802 90 30 quod
1201 802 67 30 in
1235 802 101 30 dicto
1303 802 90 30 casu
1348 802 67 30 sor.

798 829 87 30 non
847 829 148 30 priuatur
958 829 87 30 deo
1008 829 99 30 quia
1070 829 136 30 nunquam
1169 829 124 30 habuit
1255 829 99 30 deum
1317 829 87 30 nec
1354 829 62 30 vn-

804 856 85 41 quam
857 856 85 41 fuit
911 856 106 41 dignus
985 856 74 41 deo
1027 856 96 41 secus
1091 856 96 41 autem
1155 856 96 41 foret
1218 856 64 41 si
1250 856 117 41 fuisset
1335 856 64 41 in
1356 856 64 41 gra-

800 887 82 33 tia
847 887 118 33 igitur
930 887 94 33 etc.
988 887 118 33 Aliter
1071 887 118 33 igitur
1153 887 129 33 possunt
1247 887 165 33 comparari.
1365 887 47 33 a.

800 916 77 36 et.
844 916 66 36 b.
877 916 132 36 respectu
976 916 121 36 eiusdem
1064 916 66 36 et
1097 916 88 36 quia
1151 916 77 36 non
1195 916 176 36 compatiuntur
1338 916 66 36 se
1371 916 66 36 in

799 946 111 25 eodem
873 946 123 25 igitur
959 946 86 25 vel
1008 946 98 25 tunc
1069 946 74 25 a.
1106 946 185 25 precederet.
1254 946 74 25 b.
1291 946 86 25 vel
1328 946 86 25 econ-

801 971 123 31 uerso.
887 971 74 31 Si
924 971 111 31 primo
997 971 98 31 modo
1059 971 98 31 tunc
1120 971 74 31 b.
1157 971 86 31 non
1206 971 123 31 posset
1292 971 98 31 esse
1341 971 74 31 cul-

798 998 77 35 pa
837 998 155 35 mortalis
953 998 116 35 prima
1031 998 103 35 post
1095 998 77 35 a.
1134 998 103 35 quin
1198 998 103 35 plus
1263 998 142 35 noceret
1353 998 65 35 per

809 1029 103 32 penam
877 1029 103 32 quam.
945 1029 68 32 a.
980 1029 148 32 prodesset
1094 1029 80 32 quo
1139 1029 68 32 ad
1174 1029 125 32 premium
1265 1029 91 32 quia
1322 1029 68 32 b.
1345 1029 68 32 totr

800 1056 117 36 leret
878 1056 117 36 totum
956 1056 143 36 premium
1060 1056 143 36 debitum
1163 1056 104 36 pro.
1228 1056 78 36 a.
1267 1056 78 36 et
1293 1056 130 36 superad-

800 1083 115 34 deret
877 1083 115 34 penam
953 1083 127 34 sensus
1042 1083 153 34 eternam.
1157 1083 76 34 Si
1195 1083 115 34 vero.
1272 1083 76 34 b.
1297 1083 115 34 mediate

806 1111 164 29 sequeretur
935 1111 70 29 a.
971 1111 94 29 tunc
1029 1111 117 29 posset
1112 1111 164 29 contingere
1241 1111 94 29 quod
1300 1111 106 29 minor
1358 1111 59 29 pe-

799 1137 78 39 na
838 1137 142 39 daretur
941 1137 168 39 intensiue
1071 1137 155 39 secundum
1187 1137 194 39 intrinsecam
1329 1137 91 39 gravi

799 1167 106 35 tatem
870 1167 129 35 doloris
964 1167 129 35 penalis
1058 1167 82 35 pro
1105 1167 71 35 b.
1141 1167 94 35 quam
1199 1167 129 35 premium
1294 1167 82 35 pro
1341 1167 71 35 a.
1364 1167 59 35 nam

805 1195 149 30 obiectum
917 1195 174 30 beatificum
1053 1195 87 30 iam
1103 1195 112 30 prius
1178 1195 137 30 amissum
1277 1195 87 30 est
1327 1195 75 30 et
1352 1195 62 30 po-

805 1225 91 38 test
861 1225 91 38 esse
918 1225 91 38 quod
975 1225 91 38 pena
1032 1225 148 38 intensiue
1145 1225 125 38 grauior
1236 1225 136 38 debeatur
1338 1225 68 38 et
1361 1225 57 38 po-

806 1253 89 35 test
862 1253 89 35 esse
917 1253 89 35 quod
973 1253 89 35 eque
1029 1253 123 35 grauis.
1118 1253 67 35 Si
1151 1253 89 35 vero
1207 1253 67 35 b.
1241 1253 178 35 precessisset
1374 1253 45 35 a.

806 1279 75 34 in
843 1279 112 34 eodem
918 1279 162 34 supposito
1042 1279 162 34 immediato
1167 1279 100 34 tunc
1229 1279 75 34 a.
1267 1279 112 34 esset
1329 1279 87 34 meli-

804 1308 72 32 or
840 1308 107 32 quam.
911 1308 72 32 b.
947 1308 107 32 malus
1019 1308 95 32 quia
1078 1308 72 32 ad
1114 1308 167 32 positionem
1245 1308 72 32 a.
1269 1308 143 32 remittere-

802 1333 85 36 tur
850 1333 97 36 pena
911 1333 121 36 eterna
996 1333 121 36 debita
1081 1333 97 36 pro.
1142 1333 73 36 b.
1178 1333 73 36 et
1215 1333 158 36 adderetur
1324 1333 97 36 indebi

805 1362 80 33 te
845 1362 172 33 proportio
977 1362 212 33 beatitudinis
1150 1362 146 33 eterne.
1256 1362 66 33 â‹
1282 1362 80 33 Ad
1309 1362 106 33 formam

814 1395 103 32 gitur
882 1395 149 32 argumenti
996 1395 103 32 patet
1065 1395 91 32 quod
1122 1395 69 32 in
1156 1395 91 32 isto
1213 1395 91 32 casu
1271 1395 114 32 primus
1339 1395 80 32 actus

809 1421 106 34 eius
875 1421 212 34 demeritorius
1047 1421 185 34 mortaliter
1192 1421 145 34 sequens
1285 1421 132 34 immedia-

808 1446 70 35 te
843 1446 94 35 ista
902 1446 117 35 merita
984 1446 82 35 non
1031 1446 117 35 potest
1113 1446 129 35 precise
1207 1446 94 35 esse
1266 1446 82 35 ita
1301 1446 117 35 demerito

809 1476 99 35 rius
870 1476 111 35 sicut
944 1476 136 35 aliquis
1043 1476 111 35 actus
1117 1476 160 35 precedens
1240 1476 123 35 fuerat
1314 1476 99 35 merito

802 1505 98 37 rius
863 1505 86 37 ymo
912 1505 86 37 nec
961 1505 110 37 sicut
1034 1505 122 37 omnes:
1120 1505 73 37 et
1157 1505 73 37 in
1194 1505 98 37 tali
1255 1505 98 37 casu
1304 1505 110 37 negatur

805 1536 174 30 copulatiua
941 1536 87 30 que
991 1536 124 30 posset
1077 1536 124 30 assumi
1164 1536 87 30 sic
1214 1536 149 30 arguitur
1325 1536 74 30 b.
1350 1536 62 30 po-

810 1562 92 35 test
868 1562 92 35 esse
926 1562 104 35 magis
995 1562 184 35 demeritorius
1145 1562 92 35 quam
1202 1562 69 35 a.
1237 1562 81 35 est
1272 1562 138 35 meritorius

807 1595 71 28 et
843 1595 130 28 aliquis
938 1595 107 28 actus
1009 1595 107 28 etiam
1080 1595 119 28 potest
1163 1595 95 28 esse
1222 1595 166 28 meritorius
1341 1595 71 28 etc.

811 1617 77 34 vel
855 1617 77 34 sic
899 1617 132 34 arguitur
998 1617 88 34 quod
1053 1617 99 34 iuxta
1119 1617 110 34 dictum
1195 1617 99 34 casum
1261 1617 121 34 aliquis
1338 1617 77 34 actus

817 1646 113 37 potest
896 1646 91 37 esse
953 1646 102 37 magis
1021 1646 181 37 demeritorius
1168 1646 91 37 quam
1224 1646 68 37 a.
1258 1646 79 37 est
1292 1646 125 37 meritori-

805 1676 77 34 us
844 1676 77 34 et
882 1676 141 34 aliquis
985 1676 115 34 minus
1062 1676 128 34 igitur
1152 1676 141 34 aliquis
1254 1676 167 34 equaliter
1370 1676 51 34 ne

809 1701 114 35 gatur
885 1701 177 35 copulatiua
1025 1701 89 35 que
1075 1701 165 35 assumitur
1202 1701 139 35 propter
1290 1701 127 35 falsita-

810 1729 91 36 tem
862 1729 143 36 secunde
966 1729 143 36 partis.
1070 1729 65 36 â‹
1096 1729 78 36 Ad
1135 1729 130 36 primam
1213 1729 208 36 confitmationem

814 1760 143 31 dicendum
922 1760 96 31 quod
981 1760 96 31 pena
1041 1760 143 31 primarie
1148 1760 72 31 et
1184 1760 84 31 per
1232 1760 72 31 se
1268 1760 143 31 ordinata
1363 1760 60 31 pro

808 1788 113 32 culpa
884 1788 138 32 mortali
984 1788 176 32 voluntaria
1123 1788 75 32 et
1161 1788 176 32 indignitas
1286 1788 126 32 visionis

809 1812 71 38 et
845 1812 165 38 fruitionis
974 1812 153 38 beatifice
1092 1812 71 38 et
1127 1812 188 38 consequenter
1280 1812 71 38 ad
1315 1812 94 38 hanc
1362 1812 59 38 est

813 1843 103 37 pena
878 1843 129 37 sensus
968 1843 90 37 qua
1019 1843 103 37 deus
1084 1843 168 37 quemlibet
1213 1843 180 37 mortaliter
1342 1843 77 37 pec-

811 1872 125 34 cantem
898 1872 112 34 punit
973 1872 112 34 citra
1048 1872 162 34 condignum
1173 1872 75 34 et
1210 1872 87 34 hoc
1260 1872 137 34 grauius
1348 1872 62 34 vel

804 1894 123 41 minus
886 1894 164 41 grauiter
1010 1894 164 41 secundum
1133 1894 192 41 exigentiam
1283 1894 96 41 sue
1324 1894 96 41 culpe

810 1933 135 35 accidit
908 1933 110 35 autem
981 1933 135 35 pluries
1080 1933 98 35 quod
1141 1933 196 35 concomitatur
1300 1933 98 35 alia
1349 1933 74 35 pena

806 1956 151 36 scilicet
919 1956 163 36 spoliatio
1045 1956 188 36 gratuitorum
1195 1956 75 36 et
1233 1956 176 36 dignitatis
1358 1956 63 36 qua

814 1984 106 35 prius
885 1984 94 35 fuit
944 1984 118 35 dignus
1026 1984 82 35 deo
1073 1984 71 35 et
1109 1984 82 35 hoc
1156 1984 71 35 si
1191 1984 106 35 prius
1262 1984 94 35 fuit
1321 1984 71 35 in
1344 1984 71 35 gra-

810 2007 82 40 tia
857 2007 70 40 et
892 2007 106 40 talis
963 2007 94 40 pena
1022 2007 82 40 non
1069 2007 82 40 per
1116 2007 70 40 se
1151 2007 70 40 et
1186 2007 141 40 primarie
1292 2007 117 40 taxata
1362 2007 59 40 est

810 2040 71 35 pro
851 2040 112 35 peccato
932 2040 112 35 mortali
1013 2040 132 35 inquantum
1115 2040 92 35 tale.
1176 2040 71 35 Sed
1217 2040 102 35 alicui
1278 2040 142 35 correspondet

813 2071 66 39 per
850 2071 113 39 accidens
935 2071 56 39 et
963 2071 66 39 per
1001 2071 179 39 concomitationem
1151 2071 113 39 praemium
1236 2071 85 39 autem
1293 2071 66 39 per
1330 2071 56 39 se
1349 2071 66 39 actus
