1776 2500
316 212 146 51 meritorii
428 212 79 51 est
473 212 101 51 visio
541 212 113 51 diuina
620 212 68 51 et
654 212 90 51 eius
710 212 124 51 fruitio
800 212 101 51 beata
867 212 68 51 et
890 212 45 51 de

315 253 116 36 illis
393 253 103 36 deus
457 253 168 36 remunerat
586 253 116 36 vltra
664 253 168 36 condignum
793 253 103 36 plus
845 253 90 36 tamen

313 284 86 32 et
356 284 129 32 minus
441 284 171 32 secundum
570 284 143 32 merita
670 284 100 32 per
727 284 171 32 accidens
841 284 100 32 tamen

317 313 93 36 per
370 313 252 36 concomitationem
582 313 119 36 actui
661 313 172 36 meritorio
780 313 159 36 correspon-

319 345 90 29 det
370 345 154 29 remissio
486 345 179 29 peccatorum
627 345 77 29 et
665 345 141 29 ablatio
755 345 179 29 indignitatis

317 372 121 31 diuine
401 372 145 31 visionis
510 372 84 31 sic
558 372 109 31 autem
631 372 96 31 iste
691 372 145 31 mercedes
787 372 145 31 iustissime

317 397 123 35 taxate
403 397 98 35 sunt
464 397 147 35 secundum
575 397 135 35 regulas
673 397 123 35 diuine
747 397 184 35 liberalitatis

314 426 70 35 et
349 426 105 35 etiam
419 426 140 35 iusticie
524 426 93 35 quod
582 426 70 35 si
617 426 93 35 quis
675 426 151 35 meruisset
791 426 81 35 cum
826 426 105 35 omnibus

322 453 123 35 diebus
408 453 98 35 vite
469 453 86 35 sue
519 453 74 35 et
556 453 98 35 tunc
617 453 148 35 peccaret
728 453 172 35 mortaliter
851 453 86 35 semel

319 483 75 33 et
356 483 87 33 sit
406 483 174 33 impenitens
543 483 162 33 moreretur
667 483 112 33 talis
742 483 199 33 beatitudinem
891 483 50 33 si

322 513 75 32 bi
359 513 174 32 preparatam
496 513 162 32 amitteret
620 513 75 32 et
657 513 112 32 nihil
732 513 112 32 minus
806 513 137 32 haberet
893 513 50 32 de

325 537 96 36 vena
385 537 120 36 eterna
469 537 96 36 illi
530 537 96 36 malo
590 537 108 36 actui
662 537 120 36 debita
746 537 108 36 licet
819 537 108 36 forte
879 537 60 36 tem

323 574 170 31 poraliter
454 574 223 31 remuneraretur
638 574 105 31 eius
703 574 105 31 bona
769 574 118 31 opera
847 574 79 31 in
873 574 66 31 hac

326 594 87 32 vita
380 594 76 32 vel
424 594 65 32 in
457 594 109 32 futuro
533 594 98 32 sicut
598 594 65 32 et
631 594 141 32 econuerso
739 594 65 32 de
772 594 87 32 illa
826 594 87 32 quae
870 594 65 32 pec-

323 625 118 33 casset
406 625 165 33 mortaliter
536 625 106 33 quasi
606 625 94 33 toto
666 625 130 33 tempore
760 625 94 33 vite
819 625 71 33 et
843 625 94 33 finali

320 652 83 33 ter
367 652 118 33 vnicum
450 652 106 33 actum
521 652 166 33 penitentie
651 652 95 33 vere
710 652 154 33 obtineret
829 652 106 33 nihil
888 652 47 33 mi

317 681 76 34 nus
361 681 174 34 praemiaretur
502 681 65 34 in
534 681 87 34 celo
589 681 76 34 pro
632 681 87 34 illo
686 681 87 34 actu
741 681 87 34 bono
795 681 87 34 quam
849 681 65 34 si
882 681 76 34 non

326 715 192 30 deliquisset.
482 715 84 30 Sed
530 715 96 30 tota
590 715 96 30 pena
649 715 120 30 eterna
733 715 96 30 sibi
793 715 96 30 data
853 715 72 30 in
877 715 60 30 tem

319 745 139 34 poralem
421 745 164 34 presentis
547 745 152 34 temporis
661 745 89 34 vel
711 745 126 34 futuri
787 745 152 34 misericor-

322 771 103 30 diter
390 771 171 30 verteretur.
527 771 91 30 Iste
584 771 91 30 sunt
641 771 103 30 leges
709 771 80 30 dei
755 771 160 30 iustissime
869 771 68 30 quas

314 794 165 32 descripsit
444 794 118 32 ezech.
526 794 106 32 capi.
596 794 71 32 33
632 794 94 32 vide
690 794 82 32 ibi
737 794 82 32 qui
784 794 118 32 iudeis
855 794 82 32 intu-

323 823 79 33 lit
368 823 67 33 et
401 823 135 33 dixistis
503 823 79 33 non
548 823 79 33 est
593 823 90 33 equa
649 823 79 33 via
694 823 90 33 deum
750 823 90 33 etc.
806 823 67 33 et
829 823 112 33 secundum

322 853 192 34 intensionem
476 853 128 34 actuum
566 853 77 34 in
604 853 128 34 quibus
694 853 102 34 stat
758 853 141 34 premium
847 853 90 34 essen

317 882 109 33 tiale
389 882 72 33 et
426 882 145 33 grauitas
534 882 97 33 pene
595 882 85 33 per
643 882 72 33 se
679 882 145 33 ordinata
788 882 85 33 pro
824 882 109 33 talibus

311 909 132 35 meritis
407 909 84 35 vel
455 909 157 35 demeritis
576 909 132 35 possunt
672 909 181 35 equiparari.
817 909 72 35 a.
853 909 84 35 et.
889 909 48 35 b.

321 944 81 30 vt
361 944 189 30 ymaginatur
509 944 202 30 argumentum.
671 944 94 30 Sed
725 944 162 30 loquendo
846 944 81 30 oe
873 944 67 30 pre

309 965 98 37 mio
365 965 98 37 vel
421 965 112 37 pena
490 965 167 37 ordinata
616 965 98 37 per
672 965 112 37 viam
728 965 209 37 concomitantie

312 993 76 35 non
356 993 120 35 possunt
443 993 98 35 tales
508 993 98 35 actus
574 993 163 35 succedentes
704 993 87 35 sibi
759 993 120 35 inuicem
846 993 87 35 fine
889 993 44 35 me

313 1027 95 32 dio
368 1027 81 32 in
408 1027 122 32 eodem
490 1027 190 32 equiparari
639 1027 95 32 ymo
693 1027 122 32 multo
774 1027 149 32 grauius
869 1027 68 32 pu-

319 1053 136 32 niretur
418 1053 74 32 b.
455 1053 161 32 succedens
579 1053 74 32 a.
616 1053 161 32 centesimo
740 1053 112 32 actui
803 1053 136 32 meritorio

317 1079 95 37 quam
377 1079 155 37 puniretur
496 1079 72 37 a.
532 1079 72 37 si
567 1079 83 37 non
615 1079 131 37 caderet
710 1079 95 37 homo
770 1079 95 37 iste
830 1079 72 37 et
854 1079 83 37 tamen

312 1111 118 34 mitius
395 1111 130 34 punitur
489 1111 94 34 quam
548 1111 177 34 demereatur.
689 1111 71 34 Et
725 1111 83 34 ita
772 1111 94 34 dico
831 1111 71 34 ex
854 1111 83 34 parte

319 1138 91 34 alia
375 1138 91 34 quod
432 1138 102 34 actus
500 1138 159 34 penitentie
625 1138 91 34 ibi.
682 1138 68 34 b.
716 1138 148 34 succedens
829 1138 114 34 melior
898 1138 45 34 es

313 1166 84 34 set
361 1166 96 34 quam
421 1166 72 34 b.
457 1166 132 34 fuisset
552 1166 108 34 malus
624 1166 96 34 quia
684 1166 108 34 licet
756 1166 84 34 quo
803 1166 72 34 ad
827 1166 108 34 valorem

318 1193 104 34 suum
383 1193 194 34 intrinsecum
538 1193 91 34 vel
590 1193 155 34 secundum
707 1193 78 34 se
746 1193 91 34 non
797 1193 91 34 sit
836 1193 104 34 dignus

311 1226 103 34 nisi
376 1226 116 34 certo
453 1226 116 34 gradu
530 1226 129 34 premum
621 1226 116 34 tamen
698 1226 90 34 per
737 1226 206 34 concomitantiam

319 1251 98 35 deus
380 1251 159 35 restituit
503 1251 110 35 omnia
576 1251 98 35 tali
638 1251 86 35 que
687 1251 135 35 habebat
785 1251 86 35 nam
834 1251 98 35 ista
883 1251 49 35 re

315 1282 167 35 uiuiscunt
443 1282 90 35 que
495 1282 141 35 quondam
597 1282 103 35 viua
661 1282 141 35 fuerunt
764 1282 77 35 et
802 1282 90 35 ita
853 1282 90 35 per
892 1282 51 35 ac

315 1310 124 36 cidens
401 1310 112 36 longe
476 1310 99 36 plus
538 1310 186 36 premiabitur
687 1310 99 36 iste
749 1310 112 36 actus
811 1310 124 36 peniten-

319 1334 79 35 tie
364 1334 90 35 quam
420 1334 102 35 alius
488 1334 124 35 sequens
578 1334 113 35 omnino
657 1334 124 35 similis
747 1334 90 35 sine
804 1334 102 35 culpa
860 1334 79 35 morta

311 1364 69 39 li
345 1364 195 39 interueniente
506 1364 69 39 et
540 1364 80 39 suo
586 1364 92 39 modo
644 1364 80 39 est
690 1364 80 39 de.
736 1364 69 39 b.
770 1364 92 39 actu
828 1364 103 39 malo.
885 1364 46 39 Di

311 1394 87 35 ces
360 1394 99 35 tunc
422 1394 99 35 deus
485 1394 137 35 grauius
584 1394 137 35 puniret
683 1394 149 35 delictum
795 1394 112 35 minus
857 1394 75 35 quam

320 1427 132 33 maius.
412 1427 106 33 Item
478 1427 106 33 tunc
544 1427 106 33 plus
610 1427 198 33 remuneraret
769 1427 119 33 actum
835 1427 92 33 minus

319 1455 117 30 bonum
397 1455 181 30 intrinsece
539 1455 104 30 quam
604 1455 117 30 maius
682 1455 130 30 bonum.
760 1455 168 30 Respondetur

314 1478 146 38 negando
420 1478 226 38 consequentiam
606 1478 80 38 oe
646 1478 133 38 premio
739 1478 80 38 et
779 1478 106 38 pena
845 1478 93 38 per
885 1478 53 38 se

321 1510 173 33 ordinatis
454 1510 120 33 iuxta
534 1510 120 33 modum
614 1510 173 33 predictum
747 1510 80 33 in
787 1510 133 33 aliquo
867 1510 67 33 ta-

314 1538 90 35 men
366 1538 103 35 casu
430 1538 129 35 posset
520 1538 244 35 concediloquendo
725 1538 77 35 oe
764 1538 129 35 premio
854 1538 77 35 et
880 1538 51 35 pe

312 1565 78 33 na
351 1565 91 33 per
403 1565 233 33 concomitantiam
597 1565 181 33 veruntamen
739 1565 91 33 hic
791 1565 129 33 posset
868 1565 65 33 di-

320 1593 139 34 stingui
421 1593 76 34 de
459 1593 164 34 grauitate
586 1593 139 34 peccati
687 1593 139 34 quoddam
788 1593 101 34 enim
839 1593 88 34 dici-

311 1622 89 33 tur
362 1622 190 33 aliograuius
514 1622 89 33 vno
564 1622 101 33 modo
628 1622 101 33 quia
691 1622 89 33 est
741 1622 164 33 intensior
855 1622 76 33 con-

317 1649 139 38 temptus
419 1649 89 38 dei
469 1649 101 38 vere
533 1649 89 38 vel
583 1649 228 38 interpretatiue
773 1649 76 38 et
811 1649 89 38 hoc
862 1649 101 38 modo

318 1681 87 31 non
367 1681 137 31 oportet
467 1681 100 31 quod
529 1681 112 31 prima
604 1681 112 31 culpa
679 1681 150 31 mortalis
791 1681 100 31 post
841 1681 87 31 bonam

314 1708 107 31 vitam
386 1708 84 31 sit
433 1708 131 31 grauior
529 1708 96 31 quam
589 1708 167 31 sequentes.
720 1708 96 31 Alio
780 1708 96 31 modo
828 1708 107 31 dicitur

313 1735 123 36 grauior
403 1735 90 36 quia
459 1735 79 36 est
504 1735 112 36 lapsus
582 1735 67 36 ab
616 1735 123 36 altiori
706 1735 67 36 et
739 1735 146 36 nobiliori
851 1735 67 36 et
874 1735 56 36 sic

313 1770 119 31 prima
392 1770 119 31 culpa
471 1770 158 31 mortalis
590 1770 106 31 post
656 1770 119 31 vitam
735 1770 132 31 gratie
814 1770 119 31 grauior

321 1796 77 32 est
365 1796 88 32 quam
420 1796 110 32 aliqua
496 1796 121 32 sequens
584 1796 66 32 et
617 1796 88 32 ideo
672 1796 121 32 tanquam
760 1796 77 32 sit
803 1796 121 32 grauior
880 1796 55 32 gra

315 1822 107 30 uius
382 1822 161 30 punitur.
529 1822 80 30 Ad
569 1822 161 30 secundam
689 1822 241 30 confirmationem
876 1822 54 30 ne

312 1850 122 34 gatur
394 1850 190 34 antecedens
544 1850 95 34 quo
598 1850 82 34 ad
639 1850 136 34 primam
734 1850 136 34 partem
829 1850 109 34 quia
884 1850 54 34 vt

309 1879 118 36 patet
387 1879 79 36 ex
427 1879 131 36 dictis
518 1879 170 36 quodlibet
649 1879 157 36 peccatum
767 1879 144 36 mortale
858 1879 79 36 pri-

316 1907 79 31 mo
355 1907 79 31 et
395 1907 223 31 principaliter
578 1907 131 31 reddit
670 1907 144 31 hominem
775 1907 157 31 indignum
880 1907 52 31 vi

322 1934 109 32 sione
395 1934 122 32 diuina
480 1934 73 32 et
516 1934 195 32 consequenter
675 1934 134 32 obligat
772 1934 73 32 ad
808 1934 122 32 certam
881 1934 49 32 pe

309 1963 89 32 nam
360 1963 140 32 inferni
462 1963 89 32 per
513 1963 76 32 se
551 1963 165 32 ordinatam
678 1963 89 32 pro
729 1963 140 32 talibus
818 1963 115 32 accidit

313 1992 111 33 autem
387 1992 99 33 tali
448 1992 111 33 prius
522 1992 123 33 fuisse
609 1992 123 33 dignum
695 1992 136 33 visione
793 1992 123 33 diuina
867 1992 62 33 vel

312 2020 83 36 non
359 2020 71 36 et
395 2020 71 36 si
430 2020 83 36 sic
477 2020 83 36 vel
524 2020 118 36 multum
607 2020 71 36 et
642 2020 118 36 nobili
725 2020 130 36 visione
819 2020 83 36 vel
854 2020 83 36 parum

313 2048 76 34 et
351 2048 113 34 minus
427 2048 126 34 nobili
515 2048 76 34 et
553 2048 113 34 totum
629 2048 88 34 per
679 2048 227 34 concomitantiam
855 2048 76 34 spo-

313 2077 139 43 liabitur
418 2077 70 43 si
452 2077 116 43 peccet
534 2077 162 43 mortaliter
661 2077 70 43 et
696 2077 104 43 nihil
765 2077 104 43 minus
835 2077 81 43 sed
869 2077 70 43 for

958 220 79 41 te
997 220 79 41 eo
1037 220 145 41 amplius
1142 220 145 41 propter
1247 220 237 41 ingratitudinem
1431 220 145 41 torquebi-

960 256 85 32 tur
1008 256 73 32 in
1045 256 133 32 inferno
1142 256 109 32 minus
1214 256 109 32 tamen
1287 256 97 32 quam
1348 256 121 32 meruit
1433 256 97 32 pena
1481 256 97 32 sensus

957 286 92 27 sed
1010 286 92 27 quo
1062 286 79 27 ad
1102 286 198 27 spolationem
1260 286 198 27 gratuitorum
1418 286 79 27 et
1457 286 105 27 boni
1510 286 66 27 de-

961 314 107 32 biti
1028 314 81 32 in
1068 314 107 32 celo
1135 314 81 32 ad
1175 314 134 32 summum
1269 314 148 32 punitur
1377 314 121 32 prima
1444 314 134 32 mortalis

954 341 123 31 culpa
1036 341 150 31 sequens
1145 341 123 31 bonam
1227 341 123 31 vitam
1309 341 82 31 et
1349 341 95 31 hoc
1404 341 95 31 per
1445 341 136 31 concomit

958 371 129 29 tantiam
1052 371 70 29 eo
1087 371 94 29 quod
1146 371 82 29 sit
1193 371 82 29 deo
1240 371 141 29 indignus
1345 371 82 29 sic
1392 371 129 29 peccans
1486 371 70 29 et
1521 371 82 29 non

965 395 86 31 tant
1019 395 96 31 simul
1083 395 86 31 quod
1137 395 86 31 fiat
1190 395 75 31 deo
1233 395 129 31 indignus
1330 395 64 31 et
1362 395 86 31 quod
1415 395 96 31 tamen
1480 395 86 31 sibi
1522 395 54 31 re-

960 425 135 34 maneat
1055 425 122 34 donum
1136 425 95 34 dei
1190 425 176 34 gratuitum
1325 425 95 34 vel
1379 425 149 34 debitum
1474 425 108 34 grati-

959 455 153 35 tudinis
1070 455 111 35 quem
1139 455 166 35 meruerat
1264 455 111 35 bene
1333 455 139 35 agens.
1444 455 139 35 Secundum

957 485 126 34 oubium
1046 485 176 34 principale
1184 485 126 34 potest
1273 485 101 34 esse
1336 485 126 34 contra
1424 485 126 34 dictas
1499 485 76 34 con-

958 515 160 26 clusiones
1081 515 99 26 quia
1143 515 136 26 videtur
1241 515 99 26 quod
1303 515 148 26 venialia
1414 515 136 26 minuant
1500 515 74 26 gra-

962 539 111 32 tiam
1032 539 167 32 secundum
1157 539 181 32 essentiam
1296 539 209 32 demeritorie
1463 539 111 32 quia
1518 539 56 32 om

962 568 77 38 ne
1001 568 154 38 peccatum
1116 568 129 38 adimit
1206 568 141 38 aliquid
1309 568 77 38 de
1348 568 103 38 bono
1412 568 116 38 sicut
1476 568 103 38 probat

962 597 171 28 augustinus
1096 597 110 28 ench.
1170 597 147 28 capitulo
1280 597 134 28 septimo
1377 597 73 28 et
1414 597 122 28 tertio
1499 597 73 28 de
1524 597 61 28 li-

961 625 106 32 bero
1027 625 159 32 arbitrio
1146 625 172 32 capitulis
1279 625 133 32 multis
1372 625 80 32 et
1412 625 172 32 duodecimo
1531 625 53 32 de

957 654 156 38 ciuitate
1074 654 156 38 capitulo
1191 654 143 38 septimo
1296 654 91 38 sed
1348 654 91 38 non
1400 654 104 38 omne
1452 654 130 38 peccatum

957 686 136 33 veniale
1055 686 123 33 adimit
1142 686 111 33 bonum
1216 686 148 33 naturale
1327 686 123 33 igitur
1413 686 111 33 bonum
1475 686 99 33 gratie

962 709 131 36 igitur.
1057 709 143 36 probatur
1164 709 143 36 iusticia
1272 709 119 36 posset
1355 709 107 36 minui
1426 709 83 36 per
1462 709 119 36 venialia

967 741 95 29 igitur
1033 741 57 29 et
1061 741 114 29 charitas
1147 741 152 29 consequentia
1270 741 85 29 patet
1327 741 76 29 quia
1374 741 114 29 voluntas
1459 741 66 29 nec
1497 741 66 29 est
1526 741 47 29 iu-

963 767 77 32 sta
1007 767 77 32 nec
1051 767 99 32 recta
1117 767 88 32 nisi
1172 767 77 32 per
1216 767 154 32 charitatem
1338 767 66 32 et
1371 767 121 32 econtra
1459 767 99 32 etiam
1514 767 66 32 quia

957 799 66 36 est
994 799 75 36 eque
1041 799 94 36 charus
1107 799 56 36 et
1135 799 75 36 eque
1182 799 94 36 iustus
1248 799 131 36 antecedens
1351 799 113 36 probatur
1435 799 75 36 quia
1482 799 75 36 iste
1520 799 56 36 qui-

959 825 175 34 frequenter
1096 825 175 34 venialiter
1233 825 137 34 excedit
1333 825 75 34 in
1370 825 100 34 cibo
1432 825 75 34 et
1470 825 100 34 potu
1520 825 62 34 ac-

965 855 136 34 quirit
1061 855 109 34 sibi
1129 855 150 34 habitum
1238 855 231 34 intemperantie
1428 855 95 34 vel
1469 855 109 34 magnam

951 884 220 29 dispositionem
1132 884 78 29 ad
1171 884 233 29 intemperantiam
1365 884 91 29 vel
1417 884 155 29 remittat
1520 884 52 29 ha

962 911 115 33 bitum
1039 911 191 33 temperantie
1192 911 191 33 precedentem
1345 911 128 33 igitur
1435 911 140 33 deuenit
1524 911 51 33 mi

963 940 86 37 nus
1012 940 123 37 iustus
1098 940 98 37 quam
1159 940 111 37 prius
1233 940 111 37 minus
1307 940 98 37 enim
1368 940 172 37 temperatus
1491 940 86 37 minus

955 969 121 31 iustus
1039 969 84 31 est
1088 969 72 31 ex
1124 969 121 31 regula
1208 969 157 31 augustini
1329 969 72 31 et
1365 969 133 31 aliorum
1461 969 72 31 ve
1486 969 84 31 conne

962 998 118 32 tione
1041 998 171 32 virtutum.
1172 998 158 32 Probatur
1290 998 79 32 si
1330 998 131 32 nullum
1421 998 144 32 vensale
1513 998 66 32 mi-

962 1026 122 30 nueret
1047 1026 97 30 tunc
1108 1026 73 30 et
1145 1026 73 30 si
1181 1026 97 30 quis
1242 1026 183 30 committeret
1388 1026 146 30 infinita
1486 1026 97 30 venia-

953 1054 94 32 lia
1006 1054 94 32 non
1060 1054 187 32 minueretur
1207 1054 107 32 eius
1274 1054 161 32 charitas
1395 1054 94 32 nec
1435 1054 147 32 corrumpe-

959 1084 118 34 retur
1038 1084 184 34 consequens
1182 1084 92 34 est
1235 1084 131 34 falsum
1327 1084 105 34 quia
1392 1084 92 34 qui
1432 1084 144 34 commissis

959 1114 155 29 infinitis
1078 1114 167 29 venialibus
1210 1114 155 29 decederet
1329 1114 131 29 nunquam
1425 1114 131 29 haberet
1508 1114 60 29 pre

948 1140 109 37 mium
1017 1140 82 37 in
1058 1140 109 37 celo
1126 1140 136 37 igitur
1221 1140 136 37 quando
1317 1140 177 37 moreretur
1453 1140 96 37 non
1494 1140 82 37 habe

958 1170 92 30 ret
1010 1170 197 30 charitatem.
1168 1170 184 30 Antecedens
1312 1170 158 30 probatur
1431 1170 105 30 quia
1483 1170 92 30 talis

961 1199 148 33 haberet
1068 1199 121 33 penam
1149 1199 148 33 eternam
1256 1199 161 33 secundum
1377 1199 175 33 iusticiam
1498 1199 81 33 quia

956 1227 89 32 pro
1007 1227 89 32 vno
1058 1227 128 32 quoque
1148 1227 140 32 illorum
1250 1227 140 32 deberet
1352 1227 115 32 penam
1428 1227 140 32 aliquam
1517 1227 64 32 ha-

961 1254 98 35 bere
1022 1254 86 35 per
1071 1254 135 35 aliquod
1169 1254 123 35 tempus
1255 1254 123 35 igitur
1341 1254 86 35 pro
1390 1254 159 35 infinitis
1500 1254 74 35 infi

956 1284 105 30 nitam
1027 1284 70 30 et
1062 1284 82 30 non
1109 1284 152 30 intensiue
1226 1284 117 30 igitur
1308 1284 152 30 extensiue
1425 1284 82 30 vel
1472 1284 82 30 per
1507 1284 70 30 ten-

950 1312 81 37 pus
997 1312 161 37 infinitum.
1123 1312 81 37 Sed
1169 1312 173 37 respondetur
1307 1312 104 37 forte
1376 1312 92 37 quod
1422 1312 150 37 impossibile

956 1339 89 35 est
1007 1339 140 35 aliquem
1109 1339 178 35 committere
1249 1339 153 35 infinita
1363 1339 140 35 peccata
1452 1339 127 35 venialia

957 1369 92 35 actu
1015 1369 161 35 distincta.
1165 1369 115 35 Contra
1245 1369 150 35 possibile
1360 1369 81 35 est
1406 1369 92 35 quod
1464 1369 92 35 vnus
1510 1369 69 35 ange

951 1396 93 37 lus
1004 1396 173 37 immediate
1137 1396 159 37 alicuius
1256 1396 106 37 hore
1323 1396 146 37 haberet
1429 1396 146 37 aliquam
1522 1396 53 37 vo

953 1425 150 33 litionem
1066 1425 113 33 malam
1141 1425 150 33 venialem
1254 1425 75 33 et
1292 1425 75 33 in
1329 1425 150 33 qualibet
1442 1425 113 33 parte
1504 1425 63 33 pro

963 1453 168 37 portionali
1095 1453 168 37 posteriori
1227 1453 168 37 consimilem
1358 1453 96 37 quia
1418 1453 96 37 iste
1466 1453 108 37 angelus

960 1482 118 36 nullam
1043 1482 200 36 difficultatem
1208 1482 153 36 pateretur
1326 1482 71 36 in
1361 1482 141 36 volendo.
1467 1482 82 36 Set
1502 1482 71 36 pos-

948 1512 84 35 set
996 1512 72 35 in
1032 1512 144 35 quolibet
1141 1512 132 35 tempore
1237 1512 205 35 quantuncumque
1405 1512 108 35 paruo
1478 1512 84 35 ymo
1526 1512 72 35 in

954 1539 153 33 instanti
1069 1539 128 33 habere
1159 1539 115 33 nouum
1236 1539 115 33 velle
1312 1539 77 33 et
1351 1539 115 33 illud
1427 1539 90 33 non
1466 1539 102 33 habere

958 1568 94 36 nisi
1017 1568 83 36 per
1064 1568 130 36 instans
1159 1568 118 36 igitur
1241 1568 71 36 in
1277 1568 165 36 temporibus
1407 1568 153 36 infinitis
1513 1568 59 36 to-

950 1597 137 38 taliter
1049 1597 149 38 diuersis
1161 1597 137 38 poterit
1261 1597 124 38 habere
1348 1597 174 38 volitiones
1472 1597 100 38 diuer-

960 1625 63 34 as
991 1625 136 34 infinitas
1096 1625 63 34 et
1127 1625 73 34 per
1169 1625 147 34 consequens
1285 1625 63 34 in
1316 1625 115 34 omnibus
1400 1625 126 34 partibus
1484 1625 84 34 propor

958 1652 168 37 tionalibus
1090 1652 108 37 vnius
1162 1652 96 37 hore
1222 1652 120 37 posset
1305 1652 120 37 habere
1389 1652 168 37 volitiones
1521 1652 72 37 in

954 1681 128 33 finitas
1048 1681 117 33 quarum
1129 1681 140 33 qualibet
1234 1681 105 33 esset
1304 1681 140 33 peccatum
1409 1681 140 33 veniale.
1502 1681 70 33 Pro-

949 1709 101 36 batur
1016 1709 90 36 nisi
1072 1709 123 36 peccans
1162 1709 157 36 venialitur
1285 1709 157 36 remitteret
1409 1709 90 36 suam
1454 1709 112 36 charita-

957 1740 74 35 tem
1000 1740 95 35 esset
1063 1740 85 35 eque
1116 1740 127 35 dilectus
1212 1740 53 35 a
1233 1740 74 35 deo
1275 1740 95 35 sicut
1339 1740 95 35 alius
1402 1740 117 35 similis
1487 1740 64 35 in
1508 1740 64 35 cha-

955 1772 103 33 ritate
1027 1772 72 33 sic
1068 1772 72 33 non
1110 1772 114 33 peccans
1193 1772 62 33 et
1224 1772 72 33 ita
1265 1772 83 33 deus
1317 1772 134 33 equalitur
1420 1772 134 33 diligeret
1513 1772 52 33 pec

960 1800 98 35 cantem
1029 1800 59 35 et
1058 1800 68 35 non
1097 1800 127 35 peccantem
1194 1800 156 35 consequentia
1321 1800 88 35 patet
1380 1800 78 35 quia
1429 1800 117 35 habentes
1507 1800 68 35 equa-

956 1825 70 33 lem
996 1825 131 33 charitate
1097 1825 81 33 sunt
1147 1825 131 33 equaliter
1248 1825 81 33 boni
1298 1825 121 33 secundum
1389 1825 141 33 augustinus
1490 1825 70 33 ench.

952 1855 77 30 cap.
1000 1855 67 30 Set
1039 1855 58 30 et
1068 1855 67 30 per
1106 1855 135 30 consequens
1212 1855 125 30 equalitur
1308 1855 106 30 dilecti
1385 1855 48 30 a
1404 1855 67 30 deo
1443 1855 77 30 conn
1481 1855 87 30 videtur

955 1882 186 30 inconveniens.
1108 1882 88 30 Item
1163 1882 99 30 super
1229 1882 99 30 illud
1294 1882 109 30 tesse.
1371 1882 109 30 vltimo
1448 1882 88 30 deus
1491 1882 77 30 pacis

957 1908 148 36 sanctificet
1076 1908 69 36 vos
1115 1908 89 36 dicit
1174 1908 89 36 glosa
1233 1908 69 36 sic
1273 1908 128 36 grataspiu
1372 1908 99 36 sancto
1441 1908 69 36 que
1480 1908 79 36 data
1520 1908 49 36 est

957 1944 113 32 vobis
1033 1944 76 32 in
1071 1944 151 32 baptismo
1184 1944 151 32 seruetur
1298 1944 139 32 integra
1399 1944 76 32 et
1424 1944 151 32 incorrupta

951 1970 81 29 ne
991 1970 121 29 vicio
1071 1970 134 29 nostro
1165 1970 81 29 et
1206 1970 188 29 immundicia
1353 1970 201 29 corrumpatur
1501 1970 67 29 vel

953 1999 168 33 minuatur
1079 1999 98 33 aut
1135 1999 154 33 fugatur
1247 1999 98 33 nam
1302 1999 98 33 dum
1358 1999 112 33 agit
1428 1999 112 33 homo
1498 1999 98 33 qui

954 2025 77 32 odit
1003 2025 116 32 spiritus
1090 2025 97 32 sanctu
1157 2025 106 32 recedit
1235 2025 58 32 ab
1264 2025 58 32 eo
1292 2025 97 32 gratia
1360 2025 77 32 eius
1408 2025 106 32 penitus
1486 2025 68 32 vel
1515 2025 48 32 mi-

953 2056 131 36 nuitur
1045 2056 92 36 hec
1097 2056 131 36 gratia
1188 2056 92 36 est
1241 2056 170 36 charitas.
1372 2056 157 36 Probatur
1476 2056 92 36 deci-

948 2085 69 46 mo
982 2085 115 46 confes
1062 2085 137 46 capitulo
1165 2085 80 46 30.
1211 2085 103 46 dicit
1280 2085 160 46 augustinus
1406 2085 103 46 minus
1474 2085 69 46 te
1497 2085 69 46 amat
