1783 2500
335 219 110 57 horam
408 219 73 57 et
445 219 86 57 per
494 219 159 57 quodlibet
616 219 134 57 Instans
714 219 183 57 intrinsecum
848 219 98 57 illius

337 270 102 30 hore:
405 270 68 30 et
439 270 102 30 tamen
507 270 68 30 in
541 270 113 30 neutro
620 270 125 30 illorum
710 270 125 30 aliquis
801 270 113 30 subito
869 270 68 30 pro-

339 298 151 33 duceretur
456 298 82 33 vel
502 298 198 33 corrumperetur
665 298 82 33 sed
712 298 151 33 solummodo
817 298 128 33 successi-

342 325 65 34 ue
375 325 130 34 respectu
472 325 87 34 vnus
526 325 119 34 illorum
613 325 65 34 in
645 325 87 34 fine
699 325 87 34 hore
753 325 87 34 fine
807 325 108 34 subita
872 325 65 34 pro-

333 355 140 28 ductione
438 355 82 28 vel
485 355 175 28 corruptione
625 355 140 28 alicuius
730 355 140 28 facienda
835 355 70 28 in
870 355 93 28 illo

342 382 118 32 Instanti
431 382 99 32 finali
500 382 89 32 duplo
559 382 79 32 plus
608 382 109 32 meretur
687 382 79 32 quam
737 382 89 32 alter
796 382 138 32 consequens
895 382 39 32 es

333 405 172 36 impossibile.
473 405 54 36 â‹
494 405 172 36 Consequentia
634 405 129 36 probatur
731 405 75 36 per
774 405 75 36 hoc
817 405 86 36 quod
860 405 75 36 possi

333 437 91 31 bile
389 437 79 31 est
435 437 91 31 quod
492 437 68 31 in
526 437 79 31 vno
571 437 125 31 martire
662 437 159 31 deficiente
775 437 159 31 pretormentis

337 468 80 32 vel
382 468 69 32 in
417 468 92 32 alio
474 468 80 32 per
520 468 103 32 alias
589 468 206 32 circunstantias
761 468 138 32 impedito
852 468 92 32 tantum

330 493 120 30 valeat
414 493 72 30 in
450 493 132 30 ratione
545 493 120 30 meriti
629 493 108 30 actus
701 493 155 30 remissior
808 493 132 30 diligendi

324 523 98 39 deum
385 523 110 39 sicut
458 523 73 39 in
495 523 98 39 alio
556 523 86 39 non
605 523 159 39 totaliter
728 523 147 39 impedito
838 523 73 39 et
863 523 73 39 pari

331 551 119 36 ratione
418 551 65 36 in
450 551 97 36 aliis
515 551 97 36 actus
580 551 141 36 intensior
688 551 141 36 possibile
796 551 108 36 igitur
861 551 76 36 esset

331 582 90 30 quod
387 582 68 30 in
421 582 79 30 vno
466 582 113 30 duorum
545 582 113 30 talium
624 582 101 30 actus
691 582 146 30 diligendi
804 582 90 30 deum
849 582 90 30 maneat

331 609 148 28 vniformis
445 609 80 28 per
490 609 103 28 horam
559 609 68 28 et
593 609 68 28 in
627 609 91 28 alio
684 609 125 28 propter
764 609 171 28 difficultates

329 633 109 32 tales
402 633 182 32 extrinsecas
548 633 85 32 sic
596 633 146 32 continue
706 633 182 32 vniformiter
840 633 97 32 remit-

330 661 102 37 tatur
398 661 91 37 quod
455 661 68 37 in
489 661 137 37 Instanti
591 661 114 37 vltimo
671 661 91 37 hore
728 661 148 37 defficiat
842 661 68 37 et
864 661 80 37 tamen

332 695 91 33 quod
389 695 80 33 per
434 695 103 33 totam
503 695 103 33 horam
571 695 69 33 et
606 695 69 33 in
640 695 137 33 quolibet
743 695 91 33 eius
800 695 137 33 Instanti
891 695 46 33 in

337 717 138 35 trinseco
440 717 126 35 propter
531 717 103 35 alias
600 717 206 35 circunstantias
772 717 160 35 crescentes
887 717 57 35 sit

334 750 88 36 eque
389 750 154 36 meritorius
510 750 77 36 cum
554 750 121 36 reliquo
642 750 77 36 ita
686 750 88 36 quod
741 750 88 36 alie
785 750 165 36 circunstantie

329 778 114 33 tantum
408 778 182 33 recompensant
556 778 68 33 in
590 778 125 33 ratione
681 778 114 33 meriti
761 778 102 33 sicut
818 778 125 33 decrescit

335 805 98 29 actus
400 805 98 29 vsque
466 805 65 29 ad
498 805 120 29 Instans
586 805 120 29 totalis
673 805 152 29 desitionis
793 805 109 29 quando
858 805 87 29 forsan

331 831 115 37 primo
408 831 115 37 plene
485 831 205 37 absorbebitur
652 831 115 37 ratio
729 831 141 37 propter
832 831 115 37 penam
896 831 51 37 et

336 858 96 34 tunc
396 858 108 34 etiam
468 858 144 34 deficiet
576 858 72 34 in
612 858 96 34 illo
671 858 132 34 meritum
767 858 120 34 merito
851 858 72 34 in
875 858 72 34 alio

339 889 191 40 perseuerante
495 889 179 40 vniformiter
638 889 120 40 igitur
722 889 108 40 multo
794 889 132 40 fortius
877 889 72 40 pos-

337 918 78 32 set
381 918 156 32 contingere
504 918 89 32 quod
559 918 67 32 in
593 918 89 32 fine
649 918 100 32 esset
715 918 78 32 sub
760 918 100 32 duplo
815 918 134 32 meritorius

328 951 105 34 actus
398 951 94 34 vnus
457 951 140 34 respectu
562 951 105 34 actus
632 951 70 34 in
667 951 94 34 alio
726 951 94 34 siue
784 951 82 34 hoc
831 951 94 34 quod
878 951 70 34 ali-

334 977 95 37 quid
394 977 119 37 subito
477 977 167 37 producatur
608 977 83 37 vel
656 977 167 37 destruatur
787 977 83 37 ymo
835 977 83 37 hoc
870 977 72 37 ipsi

336 1001 104 40 posset
408 1001 73 40 sic
450 1001 104 40 deduci
523 1001 73 40 sic
565 1001 83 40 enim
617 1001 83 40 quod
669 1001 83 40 ctus
721 1001 135 40 diligendi
825 1001 62 40 in
856 1001 73 40 vno
888 1001 62 40 prin

340 1031 106 33 cipio
411 1031 94 33 hore
469 1031 70 33 et
504 1031 82 33 per
551 1031 106 33 totam
622 1031 106 33 horam
692 1031 70 33 et
727 1031 70 33 in
762 1031 117 33 vltimo
833 1031 117 33 instanti

333 1055 92 41 hore
390 1055 80 41 sit
436 1055 103 41 duplo
505 1055 149 41 intensior
619 1055 92 41 quam
677 1055 103 41 actus
746 1055 69 41 in
780 1055 92 41 alio
826 1055 126 41 contungan

344 1090 81 31 tur
391 1090 104 31 tamen
460 1090 81 31 cum
507 1090 93 31 actu
565 1090 139 31 subdupto
669 1090 197 31 circunstantia
831 1090 116 31 aliqua
901 1090 46 31 ex

349 1120 85 36 qua
398 1120 73 36 in
434 1120 158 36 principio
556 1120 98 36 hore
617 1120 146 36 reddatur
727 1120 110 36 actus
800 1120 98 36 ille
861 1120 85 36 ita
897 1120 49 36 me

343 1146 128 32 ritorius
439 1146 96 32 sicut
503 1146 96 32 actus
567 1146 106 32 duplus
641 1146 64 32 in
673 1146 85 32 alio
727 1146 64 32 et
758 1146 75 32 sit
801 1146 75 32 ita
844 1146 85 32 quod
886 1146 64 32 actu

346 1172 93 36 ipso
405 1172 128 36 manente
498 1172 128 36 equalis
591 1172 175 36 intensionis
731 1172 70 36 in
766 1172 70 36 se
801 1172 93 36 illa
847 1172 105 36 circun-

344 1201 116 32 stantia
428 1201 74 32 sic
470 1201 158 32 vniformiter
596 1201 137 32 decrescat
701 1201 84 32 quod
753 1201 63 32 in
785 1201 126 32 instanti
869 1201 74 32 vltio

340 1231 104 35 dicti
410 1231 138 35 temporis
513 1231 115 35 subito
594 1231 81 35 anc
640 1231 104 35 simul
709 1231 161 35 destruatur
836 1231 81 35 ita
870 1231 81 35 tamen

351 1260 78 35 quod
400 1260 108 35 propter
479 1260 167 35 difficultatem
616 1260 108 35 habendi
694 1260 88 35 illam
753 1260 176 35 circunstantiam
890 1260 59 35 quae

347 1286 72 36 sic
388 1286 72 36 est
429 1286 62 36 in
461 1286 124 36 continus
554 1286 145 36 defectione
668 1286 72 36 vel
709 1286 114 36 propter
792 1286 93 36 aliam
843 1286 104 36 conditio

345 1313 81 41 nem
392 1313 93 41 illi
450 1313 197 41 circunstantie
612 1313 151 41 requisite
728 1313 151 41 adiunctam
845 1313 93 41 illa
891 1313 58 41 cir

343 1345 156 34 cunstantia
466 1345 123 34 quandiu
555 1345 123 34 aliquid
644 1345 89 34 eius
700 1345 123 34 remanet
789 1345 112 34 tantum
856 1345 89 34 promo.

346 1372 87 35 ueat
401 1372 98 35 actum
466 1372 66 35 in
499 1372 131 35 rationem
597 1372 109 35 meriti
674 1372 98 35 sicut
739 1372 98 35 fecit
805 1372 66 35 in
827 1372 120 35 principio

338 1399 205 35 circunstantia
507 1399 97 35 tota
567 1399 97 35 Isto
628 1399 121 35 posito
712 1399 133 35 habetur
809 1399 109 35 totum
869 1399 85 35 inten

347 1426 77 36 tum
391 1426 88 36 quia
446 1426 88 36 tunc
501 1426 66 36 in
533 1426 110 36 vltimo
610 1426 132 36 instanti
709 1426 99 36 actus
775 1426 88 36 ille
829 1426 77 36 non
873 1426 77 36 ess
906 1426 44 36 ma

346 1455 71 33 gis
387 1455 143 33 meritorius
499 1455 82 33 quam
550 1455 71 33 sit
590 1455 61 33 ex
621 1455 122 33 bonitate
713 1455 71 33 sua
753 1455 61 33 et
784 1455 112 33 communi
865 1455 71 33 dei
896 1455 51 33 ac-

342 1486 124 36 ceptione
435 1486 62 36 eo
466 1486 83 36 quod
518 1486 83 36 tunc
570 1486 114 36 deficit
653 1486 176 36 circunstantia
798 1486 114 36 ratione
870 1486 73 36 cuius

340 1510 109 38 prius
413 1510 97 38 fuit
473 1510 109 38 magis
546 1510 170 38 meritorius
679 1510 121 38 igitur
764 1510 109 38 sicut
837 1510 97 38 tunc
885 1510 61 38 est

345 1542 101 32 actus
412 1542 67 32 in
446 1542 67 32 se
479 1542 146 32 subduplus
591 1542 134 32 respectu
692 1542 101 32 actus
759 1542 67 32 in
793 1542 90 32 alio
849 1542 78 32 ita
883 1542 67 32 erit

340 1568 141 36 subduplo
446 1568 164 36 meritorius
575 1568 70 36 et
610 1568 106 36 tamen
681 1568 106 36 vsque
751 1568 94 36 tunc
810 1568 117 36 semper
881 1568 70 36 fuit

357 1598 77 30 per
401 1598 120 30 positum
488 1598 88 30 eque
543 1598 153 30 meritorius
663 1598 66 30 et
696 1598 98 30 etiam
762 1598 98 30 nihil
828 1598 109 30 ibidem
893 1598 55 30 su-

344 1623 93 38 bito
402 1623 174 38 corrumpitur
541 1623 81 38 vel
587 1623 162 38 destruitur
715 1623 116 38 igitur
796 1623 93 38 etc.
853 1623 93 38 Quod
900 1623 46 38 si

348 1657 171 35 concedatur
482 1657 171 35 conclusio.
616 1657 122 35 Contra
701 1657 110 35 capio
774 1657 122 35 igitur
848 1657 98 35 gradum

345 1683 144 36 excessus
453 1683 72 36 in
489 1683 132 36 ratione
584 1683 120 36 meriti
668 1683 72 36 ex
704 1683 84 36 quo
752 1683 167 36 conceditur
871 1683 72 36 vnus

347 1708 109 35 actus
419 1708 109 35 duplo
492 1708 169 35 meritorius
624 1708 96 35 alio
685 1708 72 35 et
721 1708 109 35 quero
793 1708 84 35 aut
841 1708 96 35 ille
890 1708 60 35 gra

346 1738 80 35 dus
391 1738 160 35 producitur
517 1738 114 35 subito
597 1738 80 35 vel
643 1738 160 35 successiue
768 1738 80 35 non
814 1738 114 35 subito
882 1738 69 35 quia

348 1771 113 31 contra
427 1771 102 31 casum
495 1771 79 31 non
540 1771 159 31 successiue
665 1771 91 31 quia
721 1771 91 31 tunc
778 1771 68 31 in
812 1771 102 31 medio
869 1771 79 31 tempo

350 1794 77 35 ris
394 1794 132 35 adequati
493 1794 88 35 illi
548 1794 154 35 successiue
669 1794 176 35 acquisitioni
812 1794 77 35 non
845 1794 110 35 fuissent

347 1824 106 30 actus
418 1824 94 30 illi
477 1824 94 30 eque
535 1824 153 30 meritorii
653 1824 118 30 contra
735 1824 118 30 posita
818 1824 71 30 et
841 1824 106 30 probata

353 1849 148 39 Respondetur
472 1849 89 39 licet
531 1849 99 39 posset
600 1849 99 39 negari
669 1849 89 39 casus
729 1849 119 39 scilicet
818 1849 79 39 quod
857 1849 89 39 meritum

344 1879 83 35 vel
392 1879 155 35 demeritum
511 1879 119 35 possit
594 1879 83 35 per
642 1879 107 35 illum
713 1879 107 35 modum
784 1879 143 35 crescere
880 1879 71 35 etc.

351 1905 146 37 secundum
460 1905 109 37 legen
533 1905 85 37 dei
582 1905 158 37 ordinatam
703 1905 109 37 tamen
776 1905 85 37 non
824 1905 85 37 est
861 1905 97 37 dubium

352 1935 88 33 qui
403 1935 101 33 deus
466 1935 126 33 posset
554 1935 151 33 continue
667 1935 113 33 magis
743 1935 76 33 et
781 1935 113 33 magis
844 1935 113 33 accepta

344 1966 67 30 re
377 1966 101 30 actum
444 1966 123 30 aliquem
534 1966 134 30 secundum
634 1966 201 30 circunstantias
802 1966 123 30 aliquas
880 1966 67 30 con-

352 1992 158 36 crescentes
476 1992 101 36 actui
543 1992 124 36 praedeo
633 1992 158 36 conceditur
757 1992 146 36 conclusio
858 1992 90 36 illata

353 2018 119 38 tanquam
440 2018 152 38 possibilis
559 2018 98 38 licet
624 2018 76 38 hoc
667 2018 98 38 esset
732 2018 163 38 impossibile
852 2018 98 38 precise

344 2046 74 36 in
381 2046 221 36 magnitudinibus
564 2046 123 36 actuum
650 2046 208 36 intrinsecorum
809 2046 135 36 adinuicem

342 2074 168 50 comparatorum
478 2074 73 50 vel
520 2074 94 50 rerum
582 2074 115 50 aliarum
666 2074 73 50 sed
708 2074 84 50 quod
760 2074 105 50 tantum
834 2074 73 50 vel
865 2074 84 50 tantum

964 225 146 60 placeat
1070 225 132 60 aliqua
1162 225 93 60 ymo
1215 225 172 60 equaliter
1348 225 93 60 per
1401 225 119 60 totum
1467 225 106 60 tempus

963 279 122 35 aliquid
1052 279 78 35 cum
1096 279 89 35 alia
1152 279 67 35 et
1185 279 100 35 tamen
1252 279 100 35 alter
1318 279 67 35 in
1352 279 89 35 fine
1407 279 100 35 duplo
1463 279 111 35 plusquam

971 304 84 30 alia
1024 304 74 30 vel
1066 304 106 30 valeat
1140 304 74 30 vel
1183 304 74 30 sit
1225 304 106 30 vtilis
1299 304 63 30 et
1330 304 74 30 sic
1372 304 63 30 de
1404 304 95 30 aliis
1457 304 116 30 extrinse-

965 333 83 35 cis
1013 333 238 35 denominationibus
1215 333 83 35 non
1263 333 83 35 est
1311 333 179 35 impossibile
1454 333 107 35 sicut
1513 333 60 35 de-

965 358 114 39 ducunt
1044 358 148 39 argumenta
1158 358 103 39 etiam
1227 358 68 39 si
1261 358 80 39 ibi
1307 358 114 39 nichil
1387 358 114 39 subiio
1466 358 91 39 fiat
1512 358 57 39 vel

966 388 202 34 corrumpatur.
1130 388 76 34 Ad
1168 388 177 34 argumentum
1307 388 126 34 igitur
1395 388 76 34 in
1421 388 151 34 contrarium

966 411 135 38 dicendum
1067 411 90 38 quod
1123 411 67 38 in
1157 411 90 38 casu
1213 411 146 38 argumenti
1325 411 112 38 subito
1404 411 135 38 deueniet
1493 411 79 38 actus

970 439 91 42 iste
1026 439 159 42 intrinsece
1151 439 102 42 duplo
1219 439 148 42 intensior
1333 439 68 42 et
1367 439 68 42 in
1401 439 102 42 duplo
1469 439 102 42 magis
1526 439 45 42 me

961 469 140 42 ritorius
1067 469 94 42 alio
1125 469 94 42 actu
1184 469 82 42 qui
1231 469 105 42 secum
1301 469 105 42 vsque
1371 469 94 42 tunc
1430 469 117 42 fuerat
1500 469 70 42 eque

966 499 179 42 meritorius
1107 499 77 42 et
1145 499 115 42 tamen
1222 499 115 42 iuxta
1299 499 115 42 casum
1375 499 166 42 argumenti
1490 499 90 42 nulla

968 526 80 35 res
1013 526 80 35 ibi
1059 526 115 35 subito
1140 526 172 35 corrumpitur
1278 526 80 35 vel
1323 526 161 35 producitur
1450 526 92 35 quia
1496 526 80 35 pona-

974 551 78 46 tur
1019 551 101 46 sicut
1086 551 101 46 alias
1153 551 134 46 probatum
1254 551 78 46 est
1299 551 90 46 esse
1355 551 146 46 possibile
1467 551 90 46 quod
1512 551 67 46 deus

972 582 161 41 acceptaret
1098 582 92 41 fine
1155 582 115 41 gratia
1236 582 161 41 informante
1362 582 69 41 et
1396 582 92 41 tunc
1454 582 80 41 non
1500 582 80 41 est
1534 582 46 41 ne

969 611 140 44 cessarium
1077 611 118 44 aliquam
1163 611 75 44 rem
1206 611 75 44 ibi
1249 611 118 44 produci
1335 611 75 44 sed
1378 611 108 44 subito
1454 611 118 44 deuenit
1529 611 43 44 du

966 638 74 41 plo
1009 638 137 41 acceptior
1114 638 84 41 alio
1166 638 74 41 non
1208 638 84 41 quia
1261 638 74 41 sit
1303 638 137 41 acceptior
1408 638 84 41 quam
1460 638 84 41 ante
1502 638 74 41 fuit.

962 670 76 39 Sed
1005 670 87 39 quia
1060 670 97 39 alter
1124 670 119 39 secundo
1211 670 97 39 minus
1276 670 151 39 acceptatur
1395 670 162 39 defficiente
1514 670 54 39 cir

970 693 159 45 cunstantia
1094 693 170 45 recompsante
1231 693 57 45 â‹
1253 693 125 45 Quintum
1344 693 113 45 dubium
1424 693 113 45 contra
1492 693 79 45 illud

969 727 92 35 quod
1027 727 115 35 dictum
1108 727 81 35 est
1154 727 92 35 quod
1212 727 92 35 idem
1269 727 104 35 actus
1338 727 115 35 numero
1419 727 81 35 non
1465 727 115 35 posset
1534 727 58 35 si-

968 752 83 39 mul
1016 752 95 39 esse
1075 752 166 39 meritorius
1206 752 71 39 et
1241 752 190 39 demeritorius
1396 752 95 39 quia
1443 752 131 39 precipiat

969 777 88 43 deus
1024 777 99 43 sorti
1090 777 77 43 non
1133 777 110 43 mereri
1210 777 88 43 actu
1265 777 121 43 elicito
1353 777 99 43 infra
1419 777 121 43 spacium
1495 777 77 43 vnius

973 808 91 44 hore
1029 808 91 44 tunc
1086 808 91 44 sor.
1143 808 80 44 non
1189 808 114 44 posset
1268 808 102 44 illud
1336 808 148 44 preceptum
1439 808 136 44 transgredi

967 839 94 39 nihil
1029 839 125 39 factendo
1123 839 83 39 quia
1175 839 125 39 sequitur
1269 839 83 39 sor.
1321 839 94 39 nihil
1383 839 94 39 facit
1446 839 104 39 igitur
1519 839 73 39 non

971 865 116 46 meretur
1056 865 85 46 actu
1109 865 116 46 elicito
1194 865 64 46 et
1226 865 74 46 et.
1268 865 74 46 nec
1310 865 106 46 potest
1384 865 106 46 sortes
1459 865 95 46 illud
1511 865 64 46 pre-

976 892 115 44 ceptum
1056 892 161 44 transgredi
1182 892 92 44 actu
1240 892 172 44 demeritorio
1378 892 92 44 nisi
1435 892 103 44 detur
1493 892 80 44 intem

972 921 72 45 tum
1013 921 82 45 quia
1064 921 72 45 sit
1105 921 72 45 ita
1146 921 82 45 quod
1198 921 72 45 non
1239 921 103 45 habeat
1311 921 92 45 actum
1372 921 92 45 alium
1434 921 123 45 elicitum
1516 921 62 45 nisi

971 949 99 49 illum
1037 949 88 49 quem
1092 949 99 49 ponit
1159 949 166 49 aduersarius
1291 949 88 49 esse
1346 949 177 49 demeritorium
1490 949 66 49 si
1512 949 66 49 tunc

972 977 95 47 ille
1032 977 167 47 conceditur
1163 977 107 47 simul
1234 977 95 47 esse
1293 977 167 47 meritorius
1424 977 131 47 habetur
1508 977 71 47 pro-

976 1005 116 48 positum
1061 1005 63 48 si
1093 1005 74 48 non
1135 1005 84 48 tunc
1188 1005 74 48 non
1230 1005 116 48 meretur
1314 1005 84 48 actu
1367 1005 116 48 elicito
1451 1005 106 48 igitur
1525 1005 74 48 non

968 1039 194 38 transgreditur
1128 1039 149 38 preceptum
1242 1039 103 38 illud
1310 1039 80 38 nec
1356 1039 114 38 potest
1436 1039 91 38 actu
1482 1039 91 38 merito

970 1066 76 40 rio
1013 1066 87 40 pari
1068 1066 119 40 ratione
1154 1066 76 40 nec
1197 1066 87 40 actu
1251 1066 173 40 indifferenti
1392 1066 108 40 igitur
1468 1066 76 40 vel
1500 1066 76 40 nullo

973 1091 89 46 actu
1029 1091 112 46 potest
1107 1091 100 46 illud
1174 1091 145 46 preceptum
1285 1091 156 46 transgredi
1408 1091 78 46 vel
1452 1091 89 46 actu
1497 1091 78 46 meri-

972 1119 99 39 torio
1038 1119 99 39 solum
1104 1119 66 39 et
1137 1119 88 39 tunc
1192 1119 165 39 propositum.
1325 1119 66 39 Ad
1358 1119 88 39 idem
1413 1119 66 39 in
1446 1119 88 39 casu
1490 1119 88 39 possi-

972 1147 88 45 bili
1027 1147 132 45 alicuius
1126 1147 132 45 precepti
1225 1147 110 45 diuini
1301 1147 154 45 obseruatio
1422 1147 77 45 non
1466 1147 77 45 est
1499 1147 77 45 sorti

976 1175 106 44 licita
1051 1175 106 44 igitur
1125 1175 106 44 illius
1200 1175 170 44 transgressio
1338 1175 106 44 potest
1412 1175 85 44 esse
1466 1175 96 44 sorti
1519 1175 53 44 me-

977 1206 120 42 ritoria
1065 1206 77 42 vel
1108 1206 109 42 licita
1185 1206 109 42 igitur
1262 1206 109 42 posset
1338 1206 88 42 esse
1393 1206 88 42 quod
1448 1206 99 42 actus
1502 1206 77 42 deme-

973 1235 143 46 ritorius
1080 1235 107 46 esset
1152 1235 167 46 meritorius
1283 1235 83 46 vel
1331 1235 131 46 licitus
1414 1235 167 46 possibilitas

973 1264 172 36 antecedentis
1113 1264 129 36 probatur
1210 1264 86 36 quia
1264 1264 140 36 possibile
1371 1264 75 36 est
1415 1264 86 36 quod
1468 1264 86 36 deus
1511 1264 65 36 pre-

976 1291 98 43 cipiat
1045 1291 88 43 sorti
1104 1291 78 43 quod
1153 1291 98 43 faciat
1221 1291 59 43 a.
1251 1291 59 43 et
1280 1291 69 43 non
1319 1291 59 43 b.
1349 1291 59 43 et
1378 1291 78 43 quod
1427 1291 78 43 sor.
1466 1291 108 43 concipiat

969 1313 127 42 directe
1061 1313 92 42 modo
1118 1313 150 42 contrario
1233 1313 69 42 ex
1268 1313 184 42 distractione
1417 1313 81 42 vel
1463 1313 92 42 alia
1509 1313 69 42 fan-

971 1348 100 36 tasia
1037 1348 155 36 deceptoria
1160 1348 67 36 et
1193 1348 111 36 faciat
1270 1348 122 36 aeiquis
1359 1348 89 36 tunc
1415 1348 100 36 sorti
1481 1348 78 36 hoc
1515 1348 55 36 ar-

978 1376 132 39 gumentum
1077 1376 110 39 nullum
1154 1376 154 39 prohibitum
1275 1376 88 39 sor.
1330 1376 55 39 a
1352 1376 77 39 deo
1396 1376 77 39 pro
1440 1376 110 39 aliqua
1506 1376 66 39 hora

971 1408 76 38 est
1015 1408 65 38 a.
1047 1408 98 38 sorte
1112 1408 87 38 tunc
1167 1408 141 38 faciendum
1275 1408 76 38 sed
1318 1408 65 38 a.
1351 1408 76 38 est
1394 1408 98 38 sorti
1449 1408 130 38 prohibitum

981 1432 71 40 pro
1022 1432 71 40 vna
1062 1432 82 40 hora
1113 1432 82 40 diei
1164 1432 102 40 igitur
1236 1432 61 40 a.
1266 1432 71 40 pro
1307 1432 82 40 illa
1358 1432 82 40 hora
1409 1432 71 40 non
1450 1432 71 40 est
1490 1432 51 40 a
1501 1432 71 40 sorte

975 1461 139 42 faciendum
1083 1461 139 42 discursus
1190 1461 75 42 est
1233 1461 107 42 scitus
1308 1461 54 42 a
1329 1461 97 42 sorte
1394 1461 86 42 esse
1447 1461 64 42 et
1479 1461 118 42 vtraque

971 1490 132 43 premissa
1070 1490 77 43 est
1114 1490 121 43 credita
1203 1490 55 43 a
1225 1490 99 43 sorte
1291 1490 88 43 esse
1346 1490 88 43 vera
1401 1490 66 43 et
1435 1490 132 43 premisse
1523 1490 55 43 in-

976 1521 72 37 ter
1017 1521 62 37 se
1048 1521 72 37 non
1089 1521 134 37 repugnant
1192 1521 103 37 igitur
1263 1521 134 37 conclusio
1366 1521 72 37 est
1407 1521 113 37 credita
1490 1521 62 37 a.
1510 1521 72 37 sorte

976 1547 84 40 esse
1028 1547 84 40 vera
1080 1547 105 40 igitur
1154 1547 63 40 si
1185 1547 73 40 sor
1227 1547 105 40 faciat
1300 1547 63 40 a.
1332 1547 94 40 facit
1395 1547 105 40 contra
1458 1547 115 40 conscien-

974 1576 93 36 tiam
1033 1576 93 36 suam
1091 1576 70 36 et
1126 1576 82 36 per
1173 1576 164 36 consequens
1302 1576 140 36 peccabit
1407 1576 140 36 faciendo
1512 1576 93 36 quod

977 1601 88 37 sibi
1032 1601 154 37 precipitur
1153 1601 88 37 quia
1208 1601 66 37 a.
1241 1601 88 37 sibi
1297 1601 154 37 precipitur
1418 1601 110 37 igitur
1484 1601 88 37 obser-

976 1634 94 38 uatio
1038 1634 83 38 sibi
1090 1634 125 38 precepti
1184 1634 104 38 stante
1257 1634 83 38 illo
1309 1634 83 38 casu
1361 1634 94 38 satis
1424 1634 136 38 possibili
1518 1634 52 38 non

971 1660 76 39 est
1015 1660 109 39 licita
1091 1660 65 39 et
1124 1660 65 39 si
1156 1660 76 39 hoc
1200 1660 109 39 igitur
1276 1660 109 39 illius
1352 1660 163 39 trangressio
1483 1660 76 39 est
1516 1660 65 39 sibi

971 1685 118 40 licita
1054 1685 83 40 vel
1101 1685 154 40 meritoria
1219 1685 95 40 quod
1279 1685 83 40 est
1326 1685 142 40 intentum
1420 1685 154 40 principale.

972 1715 49 39 â‹
992 1715 59 39 Ad
1021 1715 98 39 primum
1090 1715 108 39 istorum
1169 1715 118 39 dicendum
1257 1715 79 39 quod
1307 1715 59 39 in
1336 1715 79 39 isto
1385 1715 79 39 casu
1434 1715 98 39 sortes
1493 1715 79 39 potest

971 1744 165 38 transgredi
1101 1744 154 38 preceptum
1219 1744 95 38 sibi
1279 1744 106 38 datum
1349 1744 106 38 licet
1420 1744 83 38 non
1456 1744 118 38 mereatur

970 1776 86 33 actu
1024 1776 118 33 elicito
1110 1776 129 33 sufficit
1206 1776 86 33 enim
1259 1776 64 33 ad
1292 1776 203 33 transgressionem
1463 1776 86 33 quod
1506 1776 64 33 habe

969 1805 70 38 at
1004 1805 163 38 voluntatem
1132 1805 82 38 non
1179 1805 140 38 implendi
1284 1805 93 38 quod
1342 1805 93 38 sibi
1400 1805 163 38 precipitur
1517 1805 58 38 vel

972 1826 128 37 faciendi
1068 1826 85 37 sibi
1122 1826 139 37 inhibitum
1228 1826 85 37 quia
1282 1826 75 37 per
1325 1826 75 37 hoc
1367 1826 128 37 rebellis
1463 1826 64 37 et
1485 1826 85 37 inobe-

974 1853 107 45 diens
1046 1853 83 45 est
1093 1853 72 45 et
1129 1853 179 45 trangressor
1272 1853 143 45 precepti
1379 1853 83 45 non
1427 1853 119 45 quidem
1498 1853 72 45 for-

974 1887 131 38 maliter
1069 1887 143 38 faciendo
1176 1887 167 38 contrarium
1307 1887 119 38 illius
1391 1887 95 38 quod
1450 1887 95 38 sibi
1498 1887 71 38 pre-

976 1912 126 38 cipitur
1067 1912 69 38 in
1102 1912 103 38 forma
1171 1912 80 38 sua
1217 1912 80 38 sed
1263 1912 80 38 per
1309 1912 161 38 voluntatem
1424 1912 149 38 rebellionis

971 1944 70 38 et
1006 1944 198 38 inobedientie.
1169 1944 140 38 Exemplum
1274 1944 70 38 in
1309 1944 116 38 simili
1391 1944 140 38 inhibito
1484 1944 93 38 alicui

975 1968 64 43 ne
1007 1968 118 43 occidat
1093 1968 118 43 aliquem
1179 1968 97 43 talis
1244 1968 75 43 non
1287 1968 97 43 solum
1351 1968 75 43 sit
1394 1968 161 43 trangressor
1512 1968 54 43 pre

968 2001 104 34 cepti
1038 2001 151 34 occidendo
1154 2001 81 34 sed
1200 2001 127 34 volendo
1293 2001 139 34 occidere
1397 2001 70 34 et
1432 2001 104 34 tamen
1490 2001 81 34 velle

970 2024 140 43 occidere
1075 2024 82 43 non
1122 2024 93 43 plus
1180 2024 82 43 est
1227 2024 105 43 velle
1297 2024 140 43 occidere
1402 2024 93 43 quam
1460 2024 105 43 velle
1519 2024 58 43 me-

969 2054 95 39 reri
1028 2054 95 39 actu
1088 2054 130 39 elicito
1183 2054 142 39 scienter
1289 2054 119 39 contra
1372 2054 154 39 preceptum
1491 2054 83 39 sit
1527 2054 47 39 me

971 2084 83 51 reri
1023 2084 83 51 vnde
1075 2084 135 51 quicumque
1179 2084 94 51 facit
1241 2084 83 51 quod
1293 2084 62 51 in
1324 2084 62 51 se
1355 2084 73 51 est
1397 2084 62 51 ad
1418 2084 166 51 trangressionem
