1775 2500
332 233 95 43 luce
391 233 154 43 clarionem
509 233 130 43 conatur
604 233 130 43 vertere
699 233 118 43 variis
770 233 165 43 artationibus

341 270 74 35 hec
383 270 84 35 ibi.
435 270 63 35 Et
467 270 105 35 arguit
540 270 126 35 secundum
635 270 95 35 augu.
698 270 84 35 ibi.
750 270 105 35 Cycero
824 270 74 35 sic
866 270 63 35 in
887 270 53 35 li-

339 297 87 35 bris
393 297 87 35 suis
448 297 65 35 de
480 297 163 35 diuinatione
610 297 65 35 si
643 297 130 35 prescita
740 297 87 35 sunt
794 297 108 35 futura
859 297 76 35 omnia

345 329 82 37 hoc
392 329 117 37 ordine
474 329 140 37 euenient
579 329 82 37 quo
626 329 129 37 ventura
720 329 94 37 esse
778 329 140 37 prescita
872 329 70 37 sunt

342 355 63 36 et
373 355 63 36 si
404 355 73 36 sic
446 355 104 36 certus
519 355 73 36 est
561 355 83 36 ordo
613 355 94 36 rerum
675 355 146 36 prescienti
790 355 73 36 deo
832 355 63 36 et
863 355 63 36 si
884 355 52 36 cer

331 381 79 32 tus
376 381 79 32 est
421 381 90 32 ordo
477 381 113 32 iterum
556 381 113 32 certus
635 381 79 32 est
680 381 90 32 ordo
737 381 135 32 causarum
838 381 79 32 non
872 381 68 32 enim

337 408 114 43 potest
416 408 102 43 fieri
484 408 125 43 aliquid
575 408 91 43 quod
632 408 80 43 non
678 408 114 43 aliqua
757 408 102 43 causa
814 408 125 43 efficiens

338 434 182 42 precesserit.
485 434 68 42 Si
519 434 102 42 autem
588 434 125 42 debitus
679 434 80 42 est
724 434 91 42 ordo
781 434 136 42 causarum
883 434 80 42 quo

340 468 65 34 fit
377 468 75 34 omne
424 468 75 34 quod
471 468 65 34 fit
508 468 131 34 necessario
611 468 84 34 fiunt
667 468 84 34 omnia
723 468 75 34 quae
770 468 84 34 fiunt
826 468 75 34 quia
873 468 56 34 si
891 468 47 34 ita

343 494 73 37 est
384 494 94 37 nihil
447 494 73 37 est
488 494 62 37 in
519 494 73 37 nra
561 494 135 37 potestate
665 494 135 37 nullumque
769 494 135 37 arbitrium
862 494 73 37 volun

341 522 104 39 tatis
411 522 93 39 quod
469 522 69 39 si
503 522 162 39 concedinus
631 522 116 39 hunana
712 522 93 39 vita
769 522 104 39 omnis
827 522 116 39 subuerti

340 552 88 35 tur
391 552 138 35 frustra
491 552 213 35 obiurgationes
666 552 125 35 laudes
741 552 200 35 vituperationes

337 582 73 37 ex
373 582 182 37 hortationes
519 582 170 37 abhibentur
653 582 85 37 nec
701 582 97 37 vlla
762 582 146 37 iustitia
859 582 85 37 bonis

340 607 115 42 premia
421 607 69 42 et
456 607 115 42 inalis
536 607 150 42 supplicia
651 607 161 42 constituta
778 607 92 42 sunt
835 607 81 42 hec
870 607 69 42 ille

336 634 65 42 Et
369 634 86 42 tunc
422 634 65 42 de
455 634 65 42 eo
487 634 108 42 infert
563 634 151 42 augustinus
681 634 75 42 hec
724 634 108 42 igitur
800 634 65 42 ne
821 634 119 42 consequan

337 666 87 36 tur
386 666 137 36 indigna
486 666 75 36 et
523 666 137 36 absurda
623 666 75 36 et
660 666 174 36 perniciosa
798 666 112 36 rebus
860 666 87 36 huma-

341 695 77 35 nis
385 695 77 35 non
429 695 88 35 vult
484 695 88 35 esse
539 695 176 35 prescientiam
683 695 143 35 futurorum
793 695 99 35 atque
859 695 66 35 in
881 695 55 35 has

338 723 144 35 angustias
449 723 122 35 coartat
537 723 100 35 animm
603 723 177 35 religiosorum
747 723 66 35 vt
780 723 111 35 eligat
858 723 88 35 vnam
902 723 44 35 ex

342 750 119 32 duobus
426 750 83 32 aut
473 750 95 32 esse
533 750 131 32 aliquid
628 750 72 32 in
664 750 72 32 na
700 750 119 32 ptante
783 750 83 32 aut
831 750 95 32 esse
878 750 60 32 pre

343 777 118 34 scientiam
434 777 118 34 futurorum
524 777 118 34 quantduom
615 777 109 34 vtrumque
697 777 136 34 arbitrantur
806 777 73 34 esse
851 777 64 34 non
878 777 64 34 posse

341 804 76 35 sed
385 804 65 35 si
417 804 120 35 alterum
505 804 164 35 confitmatur
636 804 98 35 tolli
701 804 120 35 alterum
788 804 131 35 eligimus
876 804 65 35 pre-

340 828 133 39 scientiam
442 828 133 39 futurorum
544 828 92 39 tolli
606 828 143 39 voluntatis
718 828 133 39 arbitrium
820 828 82 39 quod
871 828 61 39 vt
892 828 51 39 con

340 862 140 36 firmauit
445 862 128 36 negauit
538 862 186 36 prescientiam
689 862 151 36 futurorum
805 862 81 36 hec
852 862 81 36 ibi
887 862 58 36 Ui-

343 884 102 39 detur
411 884 113 39 igitur
490 884 91 39 quod
547 884 170 39 determinata
682 884 102 39 verbi
750 884 170 39 prescientia
886 884 79 39 non

348 916 93 40 stet
406 916 81 40 cum
453 916 151 40 futurorum
569 916 186 40 contingentia
720 916 70 40 et
755 916 93 40 idem
802 916 139 40 argumentum

342 943 109 37 tullii
419 943 109 37 illius
495 943 120 37 boetius
582 943 109 37 quinto
659 943 66 37 ve
692 943 109 37 conso.
768 943 109 37 prosa.
845 943 55 37 3
877 943 66 37 Item

340 974 117 37 ibidem
422 974 82 37 sic
469 974 117 37 arguit
551 974 129 37 boetius
645 974 70 37 si
680 974 117 37 cuncta
762 974 152 37 prospicit
868 974 70 37 deus

341 1001 74 35 nec
384 1001 84 35 vllo
436 1001 84 35 modo
489 1001 95 35 falli
553 1001 106 35 potest
626 1001 116 35 euenire
711 1001 116 35 necesse
795 1001 74 35 est
837 1001 84 35 quod
880 1001 63 35 pro-

344 1026 135 39 uidentia
445 1026 124 39 futurum
535 1026 147 39 cognoscit
648 1026 135 39 probatur
749 1026 135 39 anselmus
851 1026 68 39 de
873 1026 68 39 con-

344 1061 111 30 cordia
421 1061 88 30 cap.
477 1061 55 30 2
499 1061 100 30 dicit
565 1061 88 30 quod
620 1061 122 30 necesse
709 1061 77 30 est
753 1061 88 30 omne
808 1061 111 30 fuisse
875 1061 66 30 quod

342 1086 91 37 fuit
399 1086 69 37 et
433 1086 91 37 omne
490 1086 91 37 quod
547 1086 80 37 est
593 1086 91 37 esse
650 1086 69 37 et
684 1086 126 37 futurum
776 1086 91 37 esse
833 1086 91 37 quod
878 1086 69 37 erit

343 1109 102 37 igitur
414 1109 81 37 omne
465 1109 112 37 futurum
546 1109 61 37 de
577 1109 153 37 necessitate
699 1109 112 37 eueniet
780 1109 122 37 probatur
872 1109 61 37 si
892 1109 51 37 ver

343 1143 76 36 bum
387 1143 163 36 determinate
517 1143 120 36 prescit
604 1143 185 36 antecenhisium
756 1143 87 36 fore
811 1143 65 36 et
832 1143 109 36 quicquid

343 1170 174 40 representat
483 1170 70 40 et
518 1170 116 40 semper
599 1170 174 40 vniformiter
738 1170 116 40 igitur
808 1170 139 40 necessario

343 1202 67 32 et
376 1202 67 32 si
410 1202 78 32 hoc
454 1202 111 32 igitur
532 1202 144 32 antecemps
643 1202 156 32 necessario
765 1202 89 32 erit
821 1202 100 32 Sexto
876 1202 67 32 omne

344 1228 98 31 verum
410 1228 66 31 oe
442 1228 142 31 preterito
552 1228 76 31 est
595 1228 164 31 necessarium
726 1228 76 31 sed
770 1228 87 31 deum
825 1228 131 31 sciuisse
912 1228 33 31 a

349 1252 83 36 fore
400 1252 72 36 est
442 1252 93 36 verum
503 1252 62 36 oe
534 1252 134 36 preterito
638 1252 103 36 igitur
710 1252 52 36 a
730 1252 83 36 fore
782 1252 72 36 est
813 1252 134 36 necessarium

349 1284 109 33 igitur
425 1284 54 33 a
447 1284 152 33 necessario
567 1284 87 33 erit
621 1284 130 33 probatur
719 1284 141 33 possibili
827 1284 109 33 posito
904 1284 65 33 in

342 1309 87 35 esse
397 1309 109 35 nullum
473 1309 131 35 sequitur
571 1309 164 35 impossibile
702 1309 76 35 sed
746 1309 65 35 si
778 1309 164 35 prescientia
898 1309 55 35 dei

348 1339 129 33 scilicet
445 1339 75 33 cum
488 1339 140 33 futurorum
595 1339 172 33 contingentia
735 1339 86 33 tunc
789 1339 86 33 deus
832 1339 118 33 presciens

345 1365 54 33 a
367 1365 86 33 fore
420 1365 107 33 potest
495 1365 75 33 non
538 1365 129 33 prescire
634 1365 54 33 a
656 1365 86 33 fore
709 1365 118 33 ponatur
795 1365 107 33 igitur
859 1365 86 33 inesse

347 1390 65 35 et
380 1390 130 35 sequitur
477 1390 86 35 quod
531 1390 86 35 deus
585 1390 140 35 presciens
693 1390 54 35 a
714 1390 86 35 fore
768 1390 76 35 non
811 1390 130 35 presciat
898 1390 43 35 a-

348 1419 80 35 fore
398 1419 80 35 quod
448 1419 70 35 est
487 1419 159 35 impossibile.
617 1419 60 35 Ad
647 1419 129 35 oppositum
746 1419 70 35 est
786 1419 139 35 augustinus
885 1419 60 35 p3o-

346 1444 63 41 de
378 1444 74 41 li.
420 1444 63 41 ar
452 1444 63 41 d.
483 1444 84 41 quod
536 1444 95 41 sicut
599 1444 116 41 menoria
684 1444 74 41 tua
726 1444 74 41 non
768 1444 95 41 cogit
831 1444 95 41 facta
884 1444 63 41 esse

349 1475 77 39 que
393 1475 177 39 preterierunt
537 1475 77 39 sic
581 1475 88 39 deus
636 1475 166 39 prescientia
769 1475 77 39 sua
813 1475 77 39 non
858 1475 100 39 cogit
913 1475 44 39 fa

348 1501 117 40 cienda
430 1501 82 40 que
477 1501 117 40 futura
559 1501 94 40 sunt
618 1501 141 40 probatur
723 1501 70 40 ad
758 1501 94 40 idem
817 1501 94 40 sunt
864 1501 82 40 augu-

349 1531 137 40 anselmus
452 1531 126 40 boetius
543 1531 69 40 in
577 1531 137 40 passibus
680 1531 137 40 superius
783 1531 80 40 pro
829 1531 92 40 alia
875 1531 80 40 perte

356 1560 169 34 allegatis.
489 1560 72 34 Ad
525 1560 109 34 istam
597 1560 169 34 questionem
730 1560 109 34 patet
802 1560 157 34 responsio
911 1560 48 34 ex

358 1593 136 29 solutione
462 1593 115 29 secundi
546 1593 105 29 dubii.
620 1593 63 29 q.
651 1593 157 29 precedentis
777 1593 84 29 quod
829 1593 73 29 sic
871 1593 84 29 quia
913 1593 42 29 eo

361 1615 91 43 ipso
417 1615 91 43 quod
474 1615 91 43 sunt
531 1615 182 43 contingenter
679 1615 114 43 futura
758 1615 136 43 scientia
849 1615 102 43 immensa

352 1643 130 37 sciuntur
449 1643 119 37 taliter
536 1643 86 37 esse
590 1643 108 37 futura
665 1643 108 37 igitur
741 1643 76 37 dei
784 1643 162 37 prescientia
903 1643 54 37 non

350 1671 120 35 obstat
434 1671 193 35 contingentie
591 1671 157 35 futurorum
711 1671 72 35 et
747 1671 96 35 isto
808 1671 96 35 modo
856 1671 96 35 soluit

350 1700 138 35 augustinus
459 1700 89 35 istam
518 1700 178 35 difficultatem.
666 1700 49 35 3
686 1700 59 35 de
715 1700 69 35 li.
755 1700 69 35 ar.
794 1700 79 35 quia
843 1700 79 35 deus
883 1700 69 35 nouit

345 1729 122 35 futura
430 1729 73 35 eo
467 1729 98 35 modo
528 1729 122 35 debere
614 1729 134 35 euenire
712 1729 86 35 quo
760 1729 147 35 euenient
870 1729 73 35 et
895 1729 61 35 non

356 1759 113 30 aliter.
438 1759 123 30 Alioquin
530 1759 102 30 decipi
601 1759 102 30 posset
673 1759 82 30 quod
724 1759 72 30 non
765 1759 72 30 est
806 1759 92 30 verum
867 1759 61 30 et
888 1759 61 30 ideo

359 1784 95 38 sicut
422 1784 105 38 quedam
495 1784 126 38 euenient
590 1784 168 38 contingenter
726 1784 74 38 ita
768 1784 116 38 prescit
852 1784 84 38 quod
894 1784 63 38 con-

357 1817 149 29 tingenter
471 1817 149 29 euenient.
586 1817 69 29 Et
621 1817 103 29 causa
690 1817 80 29 est
736 1817 92 29 quia
793 1817 80 29 non
839 1817 92 29 Ideo
885 1817 69 29 quia

358 1839 153 40 presciuntur
480 1839 81 40 fore
531 1839 92 40 erunt
592 1839 71 40 sed
633 1839 81 40 quia
683 1839 92 40 erunt
744 1839 61 40 et
775 1839 71 40 dei
816 1839 122 40 scientia
897 1839 51 40 est

354 1867 125 37 immensa
444 1867 91 37 quam
501 1867 113 37 nullum
580 1867 91 37 vere
637 1867 113 37 latere
716 1867 113 37 potest
795 1867 91 37 Ideo
841 1867 113 37 prescium

358 1898 80 36 tur
403 1898 103 36 fore.
472 1898 69 36 Et
506 1898 103 36 istam
575 1898 114 36 causam
655 1898 103 36 satis
723 1898 103 36 plane
792 1898 103 36 ponit
849 1898 103 36 boctius

358 1926 119 34 quinto
442 1926 72 34 ve
477 1926 191 34 consolatione
632 1926 83 34 vbi
680 1926 107 34 istam
751 1926 143 34 materiam
847 1926 107 34 tractat

349 1954 96 46 prosa
413 1954 107 46 tertia
488 1954 64 46 et
520 1954 128 46 deinceps
616 1954 96 46 vsque
680 1954 64 46 ad
712 1954 96 46 finem
776 1954 96 46 libri
841 1954 75 46 vbi
883 1954 64 46 in
905 1954 53 46 di-

351 1980 75 31 cta
394 1980 96 31 prosa
458 1980 96 31 dicit
522 1980 118 31 necesse
608 1980 75 31 est
651 1980 64 31 vt
683 1980 64 31 si
715 1980 86 31 quis
768 1980 107 31 sedeat
843 1980 86 31 quod
886 1980 64 31 vera

353 2006 82 35 sit
400 2006 118 35 opinio
483 2006 153 35 opinantis
601 2006 82 35 eum
648 2006 118 35 sedere
730 2006 118 35 supple
813 2006 71 35 si
848 2006 94 35 quis
895 2006 59 35 hoc

362 2036 124 39 opinetur
455 2036 62 39 et
486 2036 135 39 econuerso
590 2036 114 39 necesse
672 2036 73 39 est
714 2036 62 39 si
745 2036 104 39 opinio
817 2036 73 39 sit
859 2036 83 39 vera
900 2036 52 39 qua

357 2068 122 45 iudicatur
450 2068 75 45 quis
497 2068 94 45 sedere
563 2068 75 45 quod
609 2068 75 45 ipse
656 2068 94 45 sedeat
722 2068 66 45 sed
759 2068 66 45 non
797 2068 103 45 idcirco
872 2068 103 45 quisque

954 223 89 51 sedet
1014 223 99 51 quando
1083 223 79 51 vera
1133 223 69 51 est
1172 223 99 51 opinio
1242 223 69 51 sed
1281 223 99 51 potius
1351 223 79 51 vera
1400 223 69 51 est
1440 223 99 51 opinio
1500 223 79 51 quando

960 270 117 33 quempiam
1048 270 97 33 sedere
1116 270 126 33 processit
1213 270 126 33 similiter
1310 270 58 33 oe
1340 270 146 33 prouidentia
1456 270 136 33 futurisque

960 299 80 32 rebus
1014 299 134 32 ratiocinari
1121 299 98 32 oportet
1193 299 63 32 hec
1228 299 72 32 ille
1273 299 107 32 scilicet
1353 299 89 32 eandem
1416 299 80 32 etiam
1461 299 107 32 pertractat

958 326 150 33 materiam
1070 326 137 33 quomodo
1169 326 125 33 libere
1257 326 125 33 peccat
1344 326 150 33 voluntas
1456 326 75 33 et
1481 326 87 33 tamen

959 356 187 29 determinate
1108 356 137 29 prescit
1208 356 87 29 eam
1258 356 100 29 deus
1320 356 175 29 peccaturam
1458 356 75 29 b.
1483 356 87 29 augu.

959 383 119 29 multum
1042 383 143 29 diffuse.
1150 383 60 29 3
1173 383 71 29 de
1209 383 83 29 li.
1257 383 83 29 ar.
1304 383 95 29 cap.
1364 383 119 29 quinto
1447 383 60 29 6
1471 383 60 29 7
1495 383 60 29 d
1518 383 71 29 10
1542 383 36 29 1

972 408 63 34 12
1003 408 73 34 vbi
1045 408 125 34 declarat
1139 408 63 34 et
1170 408 94 34 tenet
1233 408 84 34 quod
1285 408 94 34 nihil
1347 408 84 34 tale
1400 408 167 34 contingentur
1525 408 52 34 fu-

959 436 98 36 turum
1025 436 76 36 per
1068 436 76 36 dei
1112 436 175 36 prescientiam
1254 436 120 36 cogitur
1341 436 98 36 fieri
1406 436 65 36 et
1439 436 98 36 quasi
1494 436 76 36 totum

959 467 92 35 stat
1017 467 69 35 in
1052 467 81 35 hoc
1098 467 92 35 quod
1156 467 69 35 eo
1191 467 92 35 modo
1248 467 173 35 presciuntur
1387 467 69 35 ab
1422 467 69 35 eo
1456 467 92 35 fore
1514 467 81 35 quo

967 494 94 35 modo
1026 494 141 35 euenient
1132 494 71 35 et
1167 494 94 35 ideo
1226 494 71 35 si
1261 494 188 35 contingenter
1414 494 141 35 euenient
1508 494 71 35 illi

961 522 177 32 contingentie
1105 522 78 32 non
1149 522 111 32 obstat
1227 522 177 32 prescientia.
1371 522 111 32 Restat
1448 522 111 32 igitur
1515 522 66 32 sol-

962 551 106 33 uere
1028 551 119 33 dubia
1107 551 132 33 quedam
1200 551 79 33 in
1239 551 185 33 argumentis
1372 551 198 33 principalibus

968 575 108 38 tacta
1040 575 120 38 Primum
1124 575 108 38 vtrum
1196 575 120 38 diuina
1280 575 180 38 prescientia
1423 575 84 38 sit
1471 575 108 38 causa
1531 575 60 38 fu-

968 608 172 29 turitionis
1103 608 111 29 rerum
1177 608 197 29 contingenter
1337 608 160 29 futurarum
1460 608 86 29 vel
1497 608 74 29 ante

972 631 133 40 presciat
1071 631 88 40 deus
1127 631 88 40 tale
1182 631 88 40 fore
1237 631 88 40 quia
1293 631 111 40 futura
1370 631 88 40 sunt
1425 631 66 40 et
1458 631 88 40 quia
1514 631 77 40 non
1547 631 44 40 in

966 663 96 36 Ideo
1026 663 144 36 presciat
1134 663 96 36 quia
1194 663 120 36 futura
1278 663 96 36 sunt
1339 663 144 36 probatur
1447 663 84 36 per
1483 663 108 36 boetium

969 693 81 32 vbi
1016 693 115 32 supra.
1096 693 69 32 d.
1131 693 81 32 Iam
1177 693 92 32 vero
1234 693 92 32 quam
1292 693 173 32 preposterum
1430 693 81 32 est
1476 693 69 32 vt
1499 693 92 32 eterne

970 720 158 33 prescientie
1097 720 158 33 temponalium
1223 720 95 33 rerum
1286 720 116 33 euentus
1370 720 95 33 causa
1433 720 84 33 esse
1486 720 116 33 dicatur
1559 720 32 33 i

966 749 86 34 quid
1020 749 75 34 est
1063 749 97 34 autem
1128 749 97 34 aliud
1192 749 140 34 arbitrari
1300 749 86 34 ideo
1354 749 86 34 deum
1408 749 108 34 futura
1483 749 118 34 quandom
1559 749 32 34 n

964 775 90 31 sunt
1020 775 113 31 futura
1099 775 146 31 prouidere
1212 775 90 31 quam
1268 775 113 31 putare
1347 775 79 31 qui
1392 775 90 31 olim
1437 775 135 31 acciderunt

966 804 111 27 causam
1044 804 111 27 illius
1122 804 100 27 summe
1189 804 89 27 esse
1245 804 89 27 prou
1300 804 134 27 identie.
1401 804 89 27 huic
1456 804 111 27 dubio.
1523 804 56 27 Re-

970 829 116 38 spondet
1055 829 126 38 magister
1149 829 74 38 di.
1192 829 63 38 35
1223 829 95 38 primi
1286 829 84 38 cap.
1339 829 63 38 4.
1370 829 63 38 d.
1402 829 116 38 dicimus
1486 829 74 38 res
1518 829 63 38 futu

966 863 77 32 ras
1010 863 155 32 nullatenus
1132 863 110 32 causam
1209 863 88 32 esse
1264 863 166 32 prescientie
1396 863 77 32 vel
1441 863 121 32 sciline
1518 863 55 32 dei

970 889 76 31 nec
1014 889 87 31 Ideo
1068 889 131 31 presciri
1167 889 76 31 vel
1210 889 98 31 sciri
1276 889 87 31 quia
1331 889 109 31 future
1407 889 76 31 vel
1451 889 87 31 sunt
1495 889 87 31 factem

968 918 78 36 per
1013 918 112 36 dictum
1091 918 101 36 orig.
1158 918 78 36 non
1203 918 123 36 notatur
1293 918 101 36 causa
1360 918 90 36 nisi
1416 918 90 36 sine
1472 918 78 36 qua
1506 918 67 36 non-

971 944 68 35 Sed
1010 944 96 35 contra
1077 944 116 35 magister
1164 944 58 35 id
1193 944 68 35 est
1232 944 68 35 di.
1270 944 58 35 35
1299 944 87 35 capi.
1357 944 48 35 4
1376 944 87 35 dicit
1434 944 68 35 cum
1473 944 106 35 dicitur
1540 944 39 35 si

967 973 100 31 nulla
1034 973 111 31 essent
1112 973 111 31 futura
1189 973 100 31 nulla
1256 973 100 31 esset
1323 973 67 31 in
1356 973 78 31 deo
1401 973 167 31 prescientia
1523 973 56 31 vel

963 1003 86 31 non
1012 1003 111 31 esset
1086 1003 99 31 deus
1148 1003 148 31 prescius
1259 1003 74 31 si
1296 1003 74 31 in
1333 1003 136 31 dicendo
1432 1003 99 31 hanc
1481 1003 99 31 causam

965 1028 121 33 attendis
1055 1028 121 33 scilicet
1146 1028 80 33 quia
1196 1028 90 33 nulla
1256 1028 101 33 essent
1327 1028 121 33 subiecta
1417 1028 80 33 eius
1467 1028 90 33 scine
1518 1028 60 33 vnde

971 1055 84 37 ipsa
1023 1055 105 37 posset
1096 1055 84 37 dici
1149 1055 115 37 prescia
1233 1055 73 37 vel
1275 1055 84 37 ipse
1327 1055 126 37 prescius
1422 1055 84 37 quia
1474 1055 126 37 vtrunque

971 1080 125 35 dicitur
1061 1080 125 35 propter
1152 1080 113 35 futura
1231 1080 102 35 verus
1300 1080 79 35 est
1345 1080 170 35 intellectus
1481 1080 79 35 hec
1515 1080 68 35 ibi.

973 1113 67 32 Ex
1006 1113 78 32 quo
1051 1113 100 32 patet
1117 1113 89 32 quod
1173 1113 122 32 propter
1262 1113 111 32 futura
1340 1113 89 32 deus
1395 1113 122 32 dicitur
1473 1113 111 32 prescius

965 1142 111 32 igitur
1042 1142 89 32 illa
1098 1142 89 32 sunt
1153 1142 100 32 causa
1220 1142 166 32 prescientie
1352 1142 78 32 dei
1397 1142 133 32 probatur
1496 1142 89 32 ista
1541 1142 44 32 no

970 1168 96 31 mina
1030 1168 179 31 prescientia
1173 1168 72 31 et
1209 1168 143 31 prescius
1316 1168 107 31 dicta
1388 1168 72 31 de
1424 1168 84 31 deo
1460 1168 131 31 important

967 1197 158 33 relationem
1091 1197 147 33 expressam
1204 1197 68 33 de
1237 1197 113 33 futuro
1316 1197 113 33 igitur
1395 1197 68 33 ad
1429 1197 79 33 hoc
1474 1197 90 33 quod
1519 1197 68 33 ista

969 1225 123 32 nomina
1055 1225 74 32 de
1092 1225 123 32 aliquo
1178 1225 148 32 dicantur
1289 1225 99 32 vere
1351 1225 136 32 oportet
1437 1225 148 32 necessario

965 1253 213 33 presupponere
1137 1253 133 33 aliqua
1230 1253 106 33 esse
1297 1253 133 33 futura
1390 1253 146 33 ratione
1483 1253 106 33 quorum

970 1284 136 32 dicuntur
1072 1284 68 32 de
1106 1284 68 32 eo
1140 1284 113 32 quorum
1219 1284 136 32 dicuntur
1321 1284 102 32 sicut
1389 1284 68 32 ad
1423 1284 79 32 hoc
1468 1284 91 32 quod
1514 1284 79 32 sciat

972 1309 110 30 aliqua
1049 1309 88 30 esse
1104 1309 154 30 praesentia
1225 1309 187 30 presupponitur
1380 1309 77 30 ita
1424 1309 88 30 esse
1479 1309 77 30 hoc
1512 1309 77 30 patet

967 1334 76 34 per
1010 1334 119 34 boetium
1097 1334 76 34 vbi
1140 1334 108 34 supra.
1215 1334 65 34 d.
1248 1334 86 34 quod
1302 1334 76 34 non
1345 1334 119 34 idcirco
1431 1334 119 34 quisque
1507 1334 76 34 sedet

969 1366 112 33 quando
1047 1366 90 33 vera
1104 1366 79 33 est
1149 1366 112 33 opinio
1227 1366 79 33 qua
1272 1366 169 33 estimaretur
1407 1366 124 33 sedere.
1497 1366 79 33 Set
1531 1366 45 33 po

977 1391 90 31 tius
1033 1391 90 31 vera
1090 1391 79 31 est
1135 1391 113 31 opinio
1214 1391 113 31 quando
1293 1391 136 31 quempiam
1395 1391 113 31 sedere
1463 1391 124 31 precessit

968 1419 95 29 vnde
1027 1419 107 29 plane
1098 1419 107 29 patet
1169 1419 95 29 quod
1229 1419 83 29 rem
1276 1419 95 29 esse
1335 1419 83 29 est
1383 1419 166 29 aliquomodo
1501 1419 83 29 prius

970 1444 89 40 quam
1025 1444 155 40 cognoscere
1147 1444 100 40 illam
1214 1444 89 40 esse
1269 1444 133 40 dicendum
1369 1444 100 40 sicut
1435 1444 66 40 in
1457 1444 133 40 precedenti

974 1477 149 26 questione
1088 1477 92 26 quod
1145 1477 92 26 deus
1202 1477 80 26 non
1248 1477 126 26 precise
1340 1477 69 26 ex
1374 1477 114 26 natura
1454 1477 80 26 sui
1488 1477 92 26 deter-

972 1504 111 33 minatur
1053 1504 61 33 vt
1083 1504 71 33 sit
1123 1504 131 33 scilintia
1224 1504 81 33 quod
1274 1504 111 33 aliquid
1355 1504 91 33 aliud
1416 1504 61 33 ab
1446 1504 61 33 eo
1476 1504 71 33 sic
1506 1504 81 33 fuerit

978 1531 77 33 vel
1022 1531 121 33 futurum
1110 1531 77 33 sit
1154 1531 77 33 Sed
1198 1531 121 33 oportet
1286 1531 99 33 istud
1351 1531 110 33 scitum
1428 1531 88 33 esse
1472 1531 110 33 secundum

984 1557 136 38 veritatem
1088 1557 84 38 esse
1140 1557 104 38 fuisse
1213 1557 73 38 vel
1255 1557 84 38 fore
1307 1557 73 38 est
1349 1557 104 38 igitur
1422 1557 73 38 hoc
1464 1557 94 38 ipsum
1516 1557 63 38 quod

978 1586 111 37 aliqua
1056 1586 78 37 res
1100 1586 89 37 erit
1156 1586 78 37 non
1201 1586 100 37 causa
1267 1586 111 37 diuine
1345 1586 134 37 scientie
1445 1586 78 37 vel
1479 1586 100 37 prescie

978 1612 101 35 sicut
1045 1612 79 35 nec
1090 1612 135 35 deitatis
1191 1612 79 35 sed
1236 1612 79 35 cum
1281 1612 101 35 causa
1349 1612 157 35 necessario
1461 1612 124 35 requisita

977 1644 65 31 vt
1010 1644 75 31 ita
1053 1644 108 31 loquar
1128 1644 75 31 cum
1171 1644 161 31 immensitate
1300 1644 108 31 illius
1375 1644 118 31 sciline
1462 1644 65 31 ad
1494 1644 75 31 hoc
1526 1644 54 31 vit

981 1669 83 34 ipsa
1033 1669 73 34 sit
1074 1669 156 34 prescientia
1199 1669 83 34 quod
1251 1669 73 34 res
1292 1669 104 34 futura
1365 1669 166 34 contingenter
1500 1669 83 34 erit
1541 1669 42 34 et

982 1698 76 30 sic
1026 1698 174 30 intelligende
1167 1698 87 30 sunt
1221 1698 174 30 auctoritates
1362 1698 76 30 pro
1405 1698 65 30 et
1438 1698 119 30 contra.
1536 1698 43 30 Et

983 1726 111 33 videtur
1064 1726 81 33 mihi
1114 1726 81 33 quod
1165 1726 101 33 magit.
1235 1726 71 33 vbi
1276 1726 91 33 supra
1336 1726 91 33 satis
1397 1726 91 33 plane
1458 1726 101 33 dictam
1518 1726 71 33 diffi

983 1756 116 35 cultatem
1071 1756 97 35 saluat
1139 1756 78 35 quia
1187 1756 116 35 postquam
1274 1756 116 35 exposuit
1362 1756 97 35 dictum
1430 1756 87 35 orig.
1488 1756 68 35 di.
1527 1756 78 35 quod

980 1784 119 35 aliquid
1066 1784 119 35 futurum
1153 1784 75 35 est
1196 1784 86 35 Ideo
1250 1784 108 35 scitur
1325 1784 54 35 a
1347 1784 75 35 deo
1390 1784 129 35 antequam
1487 1784 86 35 fiat
1530 1784 54 35 sic

984 1809 113 35 exposuit
1068 1809 57 35 id
1097 1809 66 35 est
1134 1809 75 35 quod
1182 1809 104 35 futurum
1257 1809 66 35 est
1295 1809 94 35 scitur
1361 1809 47 35 a
1380 1809 66 35 deo
1417 1809 113 35 antequam
1502 1809 75 35 fiat
1540 1809 47 35 nec

984 1838 135 34 sciretur
1085 1838 90 34 nisi
1141 1838 124 34 futurum
1231 1838 101 34 esset
1298 1838 67 34 vt
1332 1838 79 34 non
1377 1838 124 34 notetur
1467 1838 79 34 ibi
1500 1838 79 34 causa

982 1865 100 37 sine
1045 1865 88 37 qua
1095 1865 100 37 non.
1158 1865 126 37 Statim
1246 1865 151 37 subiugit
1359 1865 88 37 pta
1409 1865 113 37 etiam
1472 1865 113 37 dicimus

986 1895 91 34 ciam
1043 1895 80 34 vel
1088 1895 182 34 prescientiam
1236 1895 80 34 dei
1282 1895 80 34 non
1327 1895 91 34 esse
1384 1895 114 34 causam
1464 1895 103 34 earum
1521 1895 57 34 quo

986 1921 99 33 fiunt
1052 1921 88 33 nisi
1107 1921 99 33 talem
1172 1921 88 33 sine
1227 1921 77 33 qua
1271 1921 77 33 non
1315 1921 99 33 fiunt
1381 1921 66 33 Si
1414 1921 99 33 tamen
1468 1921 121 33 scientiam

977 1952 77 31 ad
1016 1952 154 31 noticiam
1131 1952 180 31 referamus.
1272 1952 77 31 Si
1311 1952 103 31 vero
1375 1952 128 31 nomine
1452 1952 128 31 scientie

980 1979 152 32 includitur
1100 1979 98 32 etiam
1165 1979 174 32 beneplacitum
1307 1979 98 32 atque
1372 1979 163 32 dispositio.
1514 1979 65 32 Tunc

984 2008 98 29 recte
1049 2008 109 29 posset
1126 2008 87 29 dici
1180 2008 98 29 causa
1245 2008 98 29 eorum
1311 2008 87 29 quae
1365 2008 98 29 facit
1431 2008 87 29 deus
1485 2008 65 29 et
1507 2008 76 29 paulo

978 2038 98 33 post
1039 2038 86 33 hoc
1088 2038 98 33 modo
1150 2038 111 33 forte
1224 2038 135 33 accepit
1322 2038 111 33 augu.
1396 2038 74 33 d.
1457 2038 98 33 Ideo
1506 2038 74 33 sunt

988 2061 74 47 quia
1034 2061 84 47 nouit
1090 2061 56 47 id
1118 2061 65 47 est
1155 2061 74 47 quia
1202 2061 102 47 scienti
1276 2061 102 47 placuit
1350 2061 56 47 et
1378 2061 74 47 quia
1425 2061 93 47 sciens
1481 2061 102 47 disposuit
