1797 2500
366 241 175 59 representat
506 241 233 59 proportionaliter
704 241 105 59 sicut
774 241 175 59 intensiones
914 241 82 59 in¬

366 289 129 36 create
456 289 168 36 repugnant
586 289 129 36 eandem
676 289 90 36 rem
728 289 207 36 representant
883 289 90 36 diuer

367 316 57 37 si
396 316 77 37 mode
444 316 105 37 aliquam
521 316 86 37 magis
578 316 163 37 vniuersaliter
712 316 57 37 et
741 316 105 37 aliquam
818 316 67 37 vno
856 316 77 37 modo
904 316 57 37 et
923 316 48 37 ali

368 345 76 36 que
412 345 87 36 alio
466 345 76 36 sic
509 345 87 36 dico
564 345 87 36 quod
618 345 130 36 essentia
716 345 109 36 diuina
792 345 141 36 repsentat
901 345 76 36 res
934 345 43 36 et

367 370 122 42 supplet
456 370 133 42 sibiipsi
555 370 67 42 in
589 370 166 42 cognoscendo
722 370 100 42 vicem
788 370 111 42 omnium
866 370 111 42 talium
933 370 44 42 ra

372 401 105 39 tionum
445 401 167 39 distinctarum
581 401 63 39 et
612 401 125 39 secundum
706 401 73 39 hoc
748 401 125 39 essentia
842 401 105 39 diuina
905 401 73 39 esset

368 428 131 42 rationes
466 428 153 42 distincte.
587 428 87 42 Unde
641 428 153 42 augustinus
761 428 76 42 vbi
805 428 98 42 supra
871 428 66 42 q.
904 428 76 42 45.
936 428 44 42 di

367 456 69 35 cit
407 456 79 35 quod
456 456 89 35 omnia
516 456 109 35 ratione
595 456 79 35 sunt
645 456 109 35 condita
724 456 69 35 nec
764 456 89 35 eadem
823 456 69 35 hoc
863 456 79 35 quae
903 456 69 35 equus

368 489 79 34 hoc
413 489 90 34 enim
469 489 135 34 absurdum
570 489 79 34 est
615 489 79 34 sed
660 489 124 34 singula
750 489 135 34 propriis
851 489 90 34 sunt
896 489 79 34 crea-

368 514 66 38 ta
401 514 155 38 rationibus
523 514 88 38 vult
578 514 111 38 dicere
655 514 88 38 quod
711 514 133 38 essentia
810 514 111 38 diuina
877 514 100 38 distin-

370 540 74 37 cte
413 540 63 37 et
444 540 158 37 diuersimode
571 540 158 37 representat
697 540 116 37 diuersa
781 540 63 37 et
813 540 63 37 se
845 540 95 37 habet
897 540 74 37 simi-

371 571 89 34 liter
430 571 59 34 in
460 571 148 34 cognoscendo
578 571 59 34 et
608 571 168 34 representando
746 571 89 34 sicut
805 571 109 34 diuerse
874 571 99 34 intensio

364 596 80 35 nes
409 596 80 35 seu
455 596 137 35 rationes
558 596 160 35 diuersarum
684 596 103 35 rerum
753 596 80 35 vel
798 596 126 35 eiusdem
890 596 80 35 rei
924 596 46 35 si

365 623 111 37 habent
443 623 67 37 in
476 623 201 37 repraesentando
644 623 89 37 apud
699 623 167 37 intellectum
833 623 134 37 creatum.
933 623 67 37 Un

365 656 66 34 de
398 656 55 34 6
420 656 66 34 de
453 656 99 34 tiri.
519 656 77 34 ca.
562 656 77 34 17.
606 656 99 34 dicit
672 656 88 34 quod
727 656 110 34 verbum
804 656 121 34 diuinum
891 656 77 34 est
924 656 55 34 ars

363 678 105 43 plena
433 678 116 43 omnium
514 678 139 43 rationum
619 678 151 43 viuentium
735 678 93 43 etc.
793 678 116 43 volens
863 678 116 43 expresse

367 713 116 36 dicere
449 713 93 36 quod
506 713 116 36 verbum
588 713 174 36 representat
727 713 127 36 omnibus
819 713 104 36 modis
877 713 93 36 quibus

366 740 140 35 rationes
471 740 117 35 create
553 740 128 35 possunt
646 740 187 35 representare
798 740 70 35 et
833 740 70 35 si
868 740 82 35 non
903 740 70 35 modo

367 765 89 40 pure
422 765 111 40 simili
500 765 66 40 et
533 765 100 40 vnico
599 765 78 40 hoc
644 765 66 40 de
677 765 122 40 clarato
766 765 89 40 dico
821 765 89 40 quod
865 765 111 40 rationes

369 791 83 39 vel
417 791 131 39 species
512 791 119 39 create
595 791 71 39 in
631 791 167 39 intellectu
762 791 119 39 creato
845 791 155 39 aliquando

368 821 194 37 representant
525 821 85 37 rem
574 821 133 37 aliquam
671 821 158 37 distincte
792 821 73 37 et
816 821 158 37 particulari

364 847 91 40 ter
416 847 129 40 quando
506 847 129 40 plures
597 847 207 40 coniunguntur
765 847 168 40 adinuicem
894 847 78 40 et
920 847 52 40 ta

362 873 86 41 men
411 873 110 41 nulla
484 873 86 41 vna
533 873 73 41 de
570 873 110 41 illis
643 873 171 41 rationibus
777 873 86 41 vel
814 873 159 41 conceptibus

365 902 185 40 representat
512 902 123 40 eandem
599 902 86 40 rem
648 902 160 40 distincte
771 902 86 40 vel
808 902 172 40 particulari-

365 930 88 39 ter
416 930 113 39 sicut
491 930 101 39 iste
554 930 163 39 conceptus
680 930 176 39 aggregatus
818 930 151 39 sacerdos
918 930 63 39 su-

363 962 125 39 premus
451 962 188 39 representat
601 962 113 39 papam
677 962 188 39 partialiter
827 962 75 39 et
852 962 125 39 disticte

370 990 74 37 et
407 990 111 37 tamen
480 990 123 37 neutra
566 990 98 37 pars
628 990 98 37 eius
689 990 184 37 representat
837 990 86 37 eum
874 990 98 37 distin

367 1018 81 36 cte
414 1018 70 36 et
449 1018 174 36 partialiter
588 1018 81 36 sed
634 1018 163 36 vnibiliter
762 1018 116 36 tantum
843 1018 70 36 et
878 1018 93 36 pari
925 1018 46 36 mo

365 1044 67 36 do
398 1044 89 36 dico
454 1044 111 36 inquit
532 1044 89 36 quod
588 1044 78 36 non
632 1044 78 36 est
677 1044 78 36 res
722 1044 190 36 excogitabilis
878 1044 89 36 quin
922 1044 56 36 il-

366 1070 66 44 la
399 1070 109 44 potest
476 1070 186 44 repraesentare
629 1070 197 44 particulariter
793 1070 66 44 et
826 1070 142 44 distincte
924 1070 55 44 per

365 1101 93 37 ali
418 1101 106 37 quam
484 1101 120 37 talem
564 1101 186 37 aggregatam
711 1101 200 37 intensionem
871 1101 80 37 ex
897 1101 80 37 mul-

365 1135 86 30 tis
414 1135 210 30 intensionibus
587 1135 86 30 seu
636 1135 173 30 rationibus
771 1135 74 30 et
808 1135 160 30 consimili
919 1135 62 30 mo-

372 1161 67 33 do
405 1161 135 33 respectu
506 1161 168 33 cuiuscumque
641 1161 79 33 rei
686 1161 112 33 future
765 1161 112 33 posset
843 1161 90 33 esse
888 1161 90 33 aliqua

363 1186 103 34 talis
431 1186 103 34 ratio
500 1186 149 34 aggregata
615 1186 80 34 que
660 1186 183 34 repraesentat
809 1186 103 34 illam
866 1186 115 34 partiali

365 1213 87 43 ter
414 1213 87 43 dum
464 1213 124 43 futura
551 1213 87 43 est
601 1213 75 43 et
638 1213 99 43 ista
700 1213 112 43 eadem
774 1213 112 43 ratio
836 1213 137 43 aggregata

372 1244 75 38 non
415 1244 183 38 representabit
566 1244 97 38 illam
630 1244 75 38 rem
673 1244 140 38 distincte
781 1244 64 38 et
802 1244 172 38 particulariter

368 1276 121 34 quando
453 1276 97 34 erit
513 1276 133 34 presens
610 1276 109 34 sicut
683 1276 97 34 ista
743 1276 109 34 ratio
816 1276 157 34 aggregata
925 1276 61 34 sa-

374 1299 132 37 cerdos
466 1299 132 37 summus
558 1299 118 37 prius
637 1299 145 37 futurus
742 1299 197 37 representat
887 1299 92 37 papam

370 1333 158 35 presentem
491 1333 134 35 tempore
588 1333 121 35 vltimi
673 1333 182 35 precedentis
819 1333 146 35 antequam
916 1333 61 35 fu-

376 1351 75 42 it
413 1351 100 42 papa
475 1351 75 42 et
513 1351 87 42 non
563 1351 125 42 quando
650 1351 100 42 fuit
712 1351 100 42 papa
775 1351 100 42 pari
837 1351 100 42 modo
887 1351 87 42 vide-

379 1383 83 37 tur
427 1383 95 37 quod
486 1383 119 37 diuina
569 1383 143 37 scientia
677 1383 131 37 omnibus
772 1383 107 37 modis
831 1383 143 37 proportio-

368 1408 112 45 nalibus
449 1408 153 45 representat
572 1408 71 45 res
613 1408 71 45 ita
653 1408 122 45 scilicet
745 1408 82 45 quod
796 1408 133 45 quaelibet
898 1408 71 45 rem
929 1408 51 45 re-

371 1445 141 37 presentat
480 1445 141 37 distincte
588 1445 65 37 et
621 1445 195 37 particulariter
784 1445 119 37 secudum
870 1445 87 37 quod
914 1445 65 37 ipsa

372 1464 74 39 est
415 1464 74 39 due
457 1464 127 39 rationes
553 1464 74 39 vel
595 1464 85 39 tres
648 1464 74 39 vel
691 1464 127 39 quattuor
786 1464 127 39 secundum
882 1464 95 39 modum
935 1464 42 39 lo

371 1494 95 41 quendi
437 1494 123 41 augustini
532 1494 66 41 vel
570 1494 114 41 secundem
655 1494 76 41 quod
702 1494 76 41 ipsa
750 1494 57 41 se
778 1494 85 41 habet
835 1494 76 41 apud
882 1494 57 41 se
911 1494 57 41 in
930 1494 47 41 re-

376 1529 178 37 presentando
518 1529 237 37 proportionaliter
719 1529 107 37 sicut
790 1529 107 37 talis
850 1529 118 37 intensio

369 1553 157 33 aggregata
489 1553 72 33 se
525 1553 108 33 habet
598 1553 96 33 apud
658 1553 181 33 intellectum
802 1553 132 33 creatum
899 1553 72 33 et
923 1553 48 33 se

371 1582 126 33 cundum
460 1582 101 33 hunc
523 1582 114 33 modum
598 1582 189 33 representat
750 1582 88 33 rem
800 1582 139 33 futuram
901 1582 76 33 vt
927 1582 50 33 fu

371 1608 82 36 tura
422 1608 72 36 est
463 1608 62 36 et
494 1608 144 36 preteritam
608 1608 62 36 vt
639 1608 134 36 preterita
742 1608 72 36 est
783 1608 62 36 et
814 1608 72 36 hoc
845 1608 134 36 particulari

376 1641 70 30 ter
416 1641 60 30 et
446 1641 130 30 distincte
546 1641 70 30 non
586 1641 90 30 autem
646 1641 130 30 inquantum
745 1641 80 30 ipsa
795 1641 70 30 est
835 1641 70 30 vna
875 1641 90 30 ratio
925 1641 50 30 sim

367 1664 101 40 plex
430 1664 189 40 representat
582 1664 139 40 aliquod
683 1664 139 40 futurum
784 1664 76 40 vt
822 1664 139 40 futurum
910 1664 63 40 est

369 1693 173 39 partibiliter
510 1693 65 39 et
543 1693 141 39 distincte
651 1693 76 39 nec
694 1693 163 39 praeteritum
824 1693 65 39 vt
846 1693 130 39 preteritum

372 1723 80 33 est
417 1723 80 33 hoc
463 1723 149 33 declarato
577 1723 103 33 patet
646 1723 149 33 similiter
760 1723 114 33 quando
840 1723 137 33 essentia
931 1723 46 33 di

372 1748 85 36 uina
426 1748 159 36 representat
553 1748 74 36 rem
596 1748 85 36 esse
649 1748 117 36 futuram
734 1748 96 36 sicut
797 1748 85 36 enim
851 1748 128 36 intensio
936 1748 43 36 ta

372 1781 76 30 lis
415 1781 140 30 aggregata
523 1781 173 30 repraesentat
664 1781 76 30 rem
707 1781 140 30 distincte
815 1781 119 30 futuram
901 1781 65 30 vt
923 1781 54 30 fu-

379 1806 87 33 tura
434 1806 76 33 est
477 1806 76 33 ita
521 1806 98 33 eadem
586 1806 131 33 intensio
685 1806 164 33 representat
815 1806 142 33 distincte
914 1806 65 33 ean-

372 1835 78 35 dem
416 1835 78 35 rem
461 1835 89 35 esse
516 1835 122 35 futuram
605 1835 100 35 sicut
671 1835 89 35 ista
727 1835 133 35 intensio
827 1835 89 35 homo
871 1835 100 35 futurus

366 1862 107 39 prius
437 1862 166 39 generandus
567 1862 130 39 quaidem
662 1862 83 39 est
710 1862 154 39 distincte
828 1862 130 39 reytare
911 1862 59 39 rem

374 1891 116 33 futuram
458 1891 63 33 vt
489 1891 105 33 futura
563 1891 74 33 est
605 1891 63 33 et
636 1891 168 33 representare
773 1891 137 33 distincte
878 1891 74 33 rem
909 1891 63 33 esse

375 1921 150 35 futuram.
487 1921 87 35 Sed
537 1921 112 35 talis
611 1921 150 35 intensio
724 1921 87 35 que
774 1921 87 35 sic
811 1921 162 35 representat

368 1946 149 35 aliquam
477 1946 95 35 rem
531 1946 95 35 quo
585 1946 81 35 ad
625 1946 135 35 certum
720 1946 135 35 tempus
815 1946 81 35 et
855 1946 95 35 non
896 1946 81 35 ali-

377 1980 86 32 ter
426 1980 184 32 representat
573 1980 86 32 rem
622 1980 196 32 contingenter
781 1980 74 32 et
818 1980 110 32 tamen
879 1980 98 32 repre-

377 2006 112 29 sentat
455 2006 101 29 illam
522 2006 78 29 rem
567 2006 168 29 naturaliter
701 2006 78 29 non
746 2006 90 29 quod
802 2006 78 29 ita
847 2006 78 29 sit
880 2006 90 29 natura

372 2034 70 31 le
407 2034 94 31 illi
466 2034 164 31 intensioni
595 2034 188 31 representare
748 2034 106 31 istam
819 2034 82 31 rem
866 2034 94 31 quia
913 2034 70 31 for-

376 2057 70 36 te
411 2057 104 36 alias
481 2057 197 36 representabit
643 2057 104 36 aliam
713 2057 81 36 rem
759 2057 70 36 et
794 2057 81 36 non
841 2057 104 36 istam
899 2057 81 36 sicut

374 2090 63 50 in
405 2090 125 50 exemplis
499 2090 94 50 prius
561 2090 115 50 positis
645 2090 94 50 homoc
707 2090 94 50 prius
770 2090 146 50 generandus
884 2090 63 50 et
905 2090 73 50 sacer

998 239 88 52 dos
1049 239 151 52 supremus
1162 239 126 52 primus
1250 239 139 52 futurus
1351 239 101 52 iste
1414 239 101 52 enim
1464 239 139 52 intensio-

1002 287 80 32 nes
1047 287 184 32 representant
1197 287 207 32 particulariter
1369 287 115 32 aliqua
1450 287 69 32 et
1484 287 103 32 alias
1542 287 57 32 non

991 317 216 30 representabunt
1171 317 96 30 ista
1231 317 84 30 sed
1279 317 96 30 alia
1340 317 72 30 et
1376 317 108 30 tamen
1448 317 108 30 talis
1508 317 96 30 inten-

999 338 69 38 sio
1039 338 148 38 representat
1157 338 148 38 naturaliter
1275 338 89 38 illam
1334 338 69 38 rem
1373 338 118 38 scilicet
1461 338 79 38 quod
1511 338 89 38 talis
1560 338 49 38 res

995 373 89 29 est
1046 373 204 29 representata
1212 373 89 29 per
1263 373 166 29 naturalem
1378 373 229 29 representationem

994 400 111 31 illius
1072 400 167 31 intensionis
1205 400 89 31 quia
1261 400 89 31 ista
1316 400 133 31 intensio
1416 400 100 31 sicut
1483 400 144 31 quecumque

997 427 104 34 alia
1062 427 117 34 habet
1140 427 117 34 modum
1218 427 221 34 representandi
1401 427 169 34 naturalem
1518 427 91 34 licet

992 454 87 37 per
1041 454 111 37 illum
1115 454 111 37 modum
1190 454 161 37 naturalem
1313 454 210 37 representandi
1474 454 136 37 aliquando

999 481 194 34 repraesentetur
1161 481 75 34 vna
1204 481 75 34 res
1247 481 140 34 aliquando
1355 481 86 34 alia
1408 481 65 34 et
1441 481 75 34 non
1484 481 86 34 illa
1538 481 75 34 sic
1570 481 43 34 di

998 514 66 30 co
1031 514 88 30 quod
1086 514 88 30 pari
1140 514 88 30 modo
1195 514 131 30 essentia
1294 514 109 30 diuina
1370 514 164 30 representat
1502 514 77 30 res
1534 514 77 30 futu-

1000 534 72 36 ras
1041 534 134 36 distincte
1144 534 62 36 vt
1175 534 103 36 future
1247 534 82 36 sunt
1299 534 62 36 et
1330 534 72 36 ita
1371 534 165 36 repraesentat
1495 534 113 36 distincte

1001 568 112 40 ipsas
1075 568 99 40 esse
1137 568 136 40 futuras
1236 568 74 40 et
1273 568 112 40 tamen
1348 568 112 40 illam
1422 568 87 40 rem
1472 568 99 40 quam
1521 568 87 40 repre

994 594 122 32 sentat
1079 594 98 32 esse
1141 594 135 32 futuram
1239 594 86 32 non
1288 594 122 32 semper
1373 594 208 32 representabit
1533 594 73 32 esse

992 620 155 31 futuram.
1108 620 77 31 et
1147 620 116 31 tamen
1224 620 193 31 representat
1379 620 193 31 naturaliter
1521 620 90 31 illam

998 649 81 31 rem
1045 649 93 31 esse
1103 649 128 31 futuram
1196 649 81 31 non
1242 649 104 31 tamen
1312 649 81 31 ita
1358 649 93 31 quod
1416 649 81 31 sit
1462 649 139 31 naturale
1555 649 58 31 es-

1002 678 121 32 sentie
1087 678 121 32 diuine
1171 678 194 32 representare
1329 678 109 32 illam
1401 678 85 32 rem
1450 678 97 32 esse
1498 678 109 32 futuram

994 706 84 32 sic
1042 706 96 32 quod
1102 706 120 32 diuina
1186 706 144 32 essentia
1294 706 108 32 habet
1365 706 108 32 modum
1425 706 180 32 representandi

994 734 160 30 naturalem
1117 734 86 30 quo
1166 734 185 30 representat
1314 734 111 30 talem
1388 734 86 30 rem
1437 734 99 30 esse
1487 734 123 30 futuram.

995 763 102 30 Unde
1059 763 77 30 et
1097 763 77 30 in
1136 763 89 30 vno
1187 763 140 30 tempore
1289 763 191 30 representat
1442 763 128 30 aliter
1519 763 89 30 illam

1001 791 79 34 rem
1046 791 90 34 quam
1102 791 67 34 in
1136 791 90 34 alio
1192 791 124 34 tempore
1282 791 90 34 ideo
1338 791 169 34 difformiter
1462 791 146 34 representat

992 818 135 30 eandem
1087 818 95 30 rem
1141 818 81 30 in
1182 818 162 30 diuersis
1303 818 189 30 temporibus
1452 818 149 30 propter
1546 818 68 30 mu-

997 845 146 33 tationem
1106 845 85 33 rei
1155 845 85 33 non
1204 845 134 33 propter
1301 845 170 33 mutationem
1435 845 97 33 sui.
1496 845 85 33 Sed
1532 845 73 33 iste

1000 875 115 32 modus
1077 875 115 32 licet
1154 875 90 32 sit
1205 875 141 32 puleher
1308 875 77 32 et
1346 875 90 32 quo
1397 875 77 32 ad
1436 875 115 32 multa
1500 875 115 32 probabi

997 900 89 33 lis
1048 900 114 33 tamen
1124 900 76 33 ad
1162 900 178 33 propositum
1302 900 89 33 non
1353 900 140 33 videtur
1455 900 102 33 mihi
1505 900 102 33 suffi-

996 929 96 39 cere
1056 929 84 39 nec
1104 929 84 39 quo
1152 929 72 39 ad
1189 929 120 39 aliqua
1273 929 108 39 verus
1345 929 96 39 esse
1405 929 84 39 non
1453 929 96 39 enim
1514 929 84 39 est
1550 929 60 39 ve-

998 957 79 34 rum
1043 957 102 34 illud
1111 957 90 34 quod
1167 957 102 34 dicit
1235 957 90 34 quod
1292 957 90 34 idem
1348 957 79 34 est
1393 957 170 34 significare
1529 957 79 34 rem
1563 957 45 34 fu

996 986 120 31 turam
1076 986 80 31 eo
1116 986 107 31 modo
1183 986 94 31 quo
1236 986 107 31 iste
1303 986 161 31 terminus
1424 986 161 31 sacerdos
1531 986 80 31 sum-

992 1013 90 34 mus
1044 1013 129 34 primus
1134 1013 142 34 futurus
1237 1013 181 34 significat
1379 1013 90 34 rem
1430 1013 142 34 futuram
1534 1013 77 34 et
1559 1013 52 34 si

995 1044 177 33 gnificare
1131 1044 95 33 rem
1186 1044 109 33 esse
1254 1044 150 33 futuram
1362 1044 109 33 quia
1430 1044 136 33 primus
1512 1044 95 33 modua

1001 1073 178 32 significans
1143 1073 118 32 potest
1226 1073 118 32 haberi
1309 1073 95 32 sine
1368 1073 189 32 compositione
1522 1073 83 32 vel
1558 1073 47 32 di

997 1099 153 34 uisione.
1112 1099 64 34 ⁋
1137 1099 153 34 Secundus
1252 1099 89 34 non
1303 1099 89 34 ymo
1354 1099 89 34 non
1405 1099 102 34 plus
1469 1099 102 34 iste
1520 1099 89 34 termi

998 1128 88 34 nus
1049 1128 176 34 aggregatus
1187 1128 75 34 in
1224 1128 113 34 mente
1299 1128 125 34 nostra
1387 1128 188 34 significans
1525 1128 88 34 illam

996 1157 89 31 rem
1047 1157 140 31 futuram
1149 1157 89 31 pro
1200 1157 89 31 qua
1250 1157 127 31 potest
1339 1157 165 31 supponere
1454 1157 152 31 significat

999 1185 107 28 illam
1070 1185 83 28 rem
1118 1185 95 28 fore
1177 1185 95 28 quam
1236 1185 83 28 non
1283 1185 107 28 fore.
1354 1185 59 28 ⁋
1378 1185 142 28 Alioquin
1485 1185 83 28 hec
1520 1185 95 28 propo-

995 1213 111 34 sitio
1068 1213 147 34 sacerdos
1179 1213 123 34 summus
1265 1213 123 34 primus
1351 1213 135 34 futurus
1449 1213 86 34 non
1498 1213 98 34 erit
1548 1213 61 34 es-

996 1239 81 38 set
1043 1239 184 38 impossibilis
1192 1239 69 38 et
1227 1239 219 38 contradictionem
1411 1239 161 38 includens.
1526 1239 81 38 Falsi

992 1270 88 33 tas
1043 1270 114 33 patet
1119 1270 101 33 quia
1182 1270 139 33 tempore
1283 1270 126 33 vltimi
1371 1270 101 33 pape
1434 1270 101 33 erit
1497 1270 101 33 vera
1548 1270 63 33 con

991 1296 151 38 sequentia.
1110 1296 54 38 ⁋
1131 1296 129 38 Probatur
1229 1296 86 38 quia
1282 1296 76 38 per
1326 1296 140 38 subiectum
1433 1296 151 38 sequaretur
1541 1296 65 38 fore

993 1324 91 37 aliqud
1057 1324 64 37 cui
1093 1324 128 37 conueniret
1194 1324 119 37 subiectum
1285 1324 55 37 in
1312 1324 91 37 futuro
1376 1324 55 37 et
1403 1324 64 37 per
1440 1324 128 37 consequens
1531 1324 82 37 praedi-

991 1356 98 32 catum
1056 1356 98 32 prout
1121 1356 119 32 dicitur
1208 1356 65 32 de
1241 1356 130 32 subiecto
1339 1356 195 32 significaretur
1501 1356 98 32 recte
1556 1356 54 32 con

994 1379 196 36 tradictorium.
1156 1379 92 36 Item
1213 1379 92 36 dato
1271 1379 92 36 sibi
1329 1379 81 36 hoc
1375 1379 92 36 toto
1432 1379 104 36 adhuc
1501 1379 92 36 ista
1547 1379 58 36 ag-

996 1412 128 35 gregatio
1092 1412 149 35 conceptuum
1209 1412 85 35 vere
1262 1412 64 35 in
1294 1412 96 35 nobis
1358 1412 75 35 vel
1401 1412 75 35 per
1443 1412 160 35 equalentiam
1560 1412 43 35 in

991 1442 77 28 deo
1035 1442 77 28 non
1079 1442 99 28 iuuat
1145 1442 66 28 ad
1179 1442 143 28 saluandum
1289 1442 99 28 modum
1355 1442 77 28 per
1399 1442 88 28 quem
1455 1442 55 28 a
1477 1442 99 28 verbo
1532 1442 66 28 cer-

997 1466 170 40 titudinaliter
1137 1466 60 40 et
1167 1466 130 40 euidenter
1267 1466 130 40 iudicetur
1366 1466 140 40 antixprism
1476 1466 80 40 fore
1526 1466 60 40 et
1556 1466 70 40 per

1001 1496 89 31 quem
1057 1496 100 31 modum
1123 1496 122 31 iudicii
1212 1496 78 31 seu
1257 1496 134 31 assensus
1357 1496 200 31 repraesentetur
1524 1496 56 31 a
1535 1496 67 31 ver-

996 1521 74 34 bo
1033 1521 74 34 et
1070 1521 99 34 ideo
1132 1521 111 34 adhuc
1206 1521 124 34 restat
1292 1521 111 34 illum
1366 1521 111 34 modum
1440 1521 161 34 inquirere
1552 1521 49 34 et

997 1547 116 38 videtur
1082 1547 148 38 consistere
1199 1547 64 38 in
1230 1547 74 38 hoc
1273 1547 64 38 vt
1305 1547 85 38 sepe
1357 1547 85 38 dixi
1410 1547 85 38 quod
1463 1547 106 38 diuina
1527 1547 74 38 scien

1002 1576 71 37 tia
1043 1576 112 37 immensa
1124 1576 71 37 sit
1165 1576 61 37 et
1196 1576 82 37 quod
1247 1576 92 37 simul
1308 1576 71 37 cum
1349 1576 71 37 hoc
1390 1576 133 37 antixpres
1482 1576 122 37 certitudi-

998 1609 105 34 nalitur
1075 1609 67 34 sit
1113 1609 114 34 futurus.
1199 1609 48 34 ⁋
1218 1609 86 34 Aliud
1275 1609 95 34 falsum
1342 1609 105 34 sumitur
1418 1609 105 34 videlet
1494 1609 76 34 quod
1532 1609 67 34 tales

995 1642 149 31 conceptus
1109 1642 69 31 in
1143 1642 103 31 mente
1212 1642 80 31 nfa
1258 1642 160 31 congregati
1384 1642 80 31 rex
1429 1642 126 31 bohemie
1509 1642 92 31 primus

1000 1662 115 36 futurus
1083 1662 73 36 vel
1125 1662 105 36 summus
1199 1662 126 36 sacerdos
1293 1662 105 36 primus
1367 1662 115 36 futurus
1451 1662 63 36 et
1482 1662 73 36 sic
1524 1662 63 36 de
1545 1662 63 36 simi

1000 1691 86 34 libus
1058 1691 133 34 significet
1162 1691 86 34 illos
1219 1691 67 34 qui
1257 1691 86 34 primo
1315 1691 124 34 succedent
1410 1691 67 34 iam
1448 1691 152 34 praesentibus
1562 1691 38 34 et

994 1719 69 36 non
1034 1719 79 36 plus
1083 1719 148 36 significant
1201 1719 89 36 illos
1260 1719 79 36 quam
1309 1719 79 36 iste
1358 1719 118 36 terminus
1447 1719 98 36 summus
1506 1719 98 36 pontifex

998 1749 101 40 prsenens
1074 1749 118 40 significat
1167 1749 101 40 praecise
1243 1749 85 40 grego.
1302 1749 59 40 xi.
1336 1749 76 40 licet
1387 1749 76 40 solum
1437 1749 59 40 pro
1471 1749 68 40 illo
1513 1749 68 40 nunc
1547 1749 51 40 vere

998 1776 124 34 supponat
1091 1776 124 34 respectu
1184 1776 93 34 verbi
1246 1776 62 34 de
1277 1776 135 34 praesenti
1381 1776 93 34 tamen
1443 1776 72 34 ita
1474 1776 124 34 significat

997 1807 151 32 preteritos
1116 1807 65 32 et
1148 1807 119 32 futuros
1235 1807 97 32 sicut
1300 1807 108 32 istum.
1375 1807 54 32 ⁋
1397 1807 130 32 Alioquin
1494 1807 76 32 hec
1526 1807 76 32 esset

997 1833 111 36 falsa
1071 1833 124 36 petrus
1158 1833 99 36 fuit
1220 1833 124 36 summus
1306 1833 149 36 sacerdos
1418 1833 136 36 presens
1517 1833 87 36 vel
1554 1833 37 36 a

996 1855 93 44 erit
1054 1855 116 44 summus
1135 1855 139 44 sacerdos
1239 1855 127 44 poenens
1332 1855 93 44 quod
1390 1855 104 44 patet
1459 1855 127 44 falsum.
1540 1855 81 44 Modus

1000 1885 92 40 autem
1061 1885 71 40 quo
1102 1885 122 40 concipio
1194 1885 112 40 quomodo
1275 1885 102 40 verbum
1347 1885 71 40 non
1387 1885 153 40 naturaliter
1510 1885 71 40 nec
1551 1885 61 40 ne
1571 1885 51 40 qua

995 1917 116 37 cessario
1082 1917 67 37 nec
1121 1917 96 37 semper
1188 1917 164 37 representabit
1323 1917 135 37 atecetpism
1429 1917 77 37 fore
1477 1917 67 37 est
1516 1917 77 37 quod
1564 1917 58 37 si
1583 1917 39 37 in

999 1947 74 36 cut
1042 1947 84 36 deus
1094 1947 84 36 vult
1147 1947 169 36 contingenter
1284 1947 53 36 a
1305 1947 84 36 fore
1358 1947 74 36 ita
1400 1947 84 36 erit
1452 1947 63 36 et
1484 1947 95 36 sicut
1547 1947 74 36 per
1579 1947 42 36 sd

997 1978 167 38 positionem.
1131 1978 67 38 a.
1164 1978 100 38 1esse
1231 1978 123 38 desinet
1320 1978 100 38 velle
1387 1978 67 38 a.
1420 1978 89 38 fore
1476 1978 78 38 ita
1510 1978 111 38 desinett

996 2001 102 35 icire
1064 2001 80 35 seu
1109 2001 193 35 scientialiter
1269 2001 182 35 representare
1416 2001 68 35 a.
1450 2001 91 35 fore
1507 2001 68 35 et
1530 2001 91 35 tamenr

991 2034 94 35 hec
1044 2034 121 35 omnia
1125 2034 94 35 per
1178 2034 134 35 vnicam
1272 2034 174 35 scientiam
1406 2034 174 35 increatam
1541 2034 94 35 que
1581 2034 40 35 d

997 2059 91 31 eadem
1058 2059 122 31 existens
1149 2059 102 31 omnino
1220 2059 102 31 posset
1291 2059 81 31 esse
1342 2059 112 31 volitio
1423 2059 61 31 et
1454 2059 122 31 cognitio
1535 2059 61 31 quod

993 2088 67 48 ita
1032 2088 77 48 erit
1080 2088 77 48 quod
1128 2088 86 48 etiam
1185 2088 77 48 erit
1233 2088 57 48 et
1262 2088 86 48 etiam
1319 2088 77 48 quod
1367 2088 67 48 non
1405 2088 67 48 ita
1444 2088 77 48 erit
1492 2088 57 48 et
1520 2088 67 48 ita
1549 2088 48 48 est
