1808 2500
362 242 75 56 ad
399 242 161 56 saluandum
523 242 87 56 eum
573 242 75 56 et
610 242 99 56 quin
672 242 99 56 iste
734 242 87 56 sic
784 242 137 56 credens
871 242 99 56 teneat

367 287 175 36 contrarium
504 287 137 36 illius.
603 287 112 36 Credo
678 287 75 36 in
716 287 100 36 deum
778 287 125 36 patrem
853 287 112 36 omnipo-

362 313 117 35 tentem
444 313 128 35 iudicio
537 313 163 35 plurimorum
666 313 70 35 et
701 313 93 35 quin
759 313 93 35 deus
817 313 70 35 vt
852 313 117 35 potest
922 313 47 35 ar

364 344 72 39 gui
405 344 62 39 in
436 344 82 39 isto
487 344 92 39 casue
548 344 62 39 in
579 344 92 39 aliis
641 344 103 39 facere
713 344 103 39 potest
784 344 62 39 se
815 344 92 39 nulli
866 344 103 39 potentem

369 369 75 40 que
412 369 85 40 sunt
465 369 192 40 inconvenientia
625 369 117 40 igitur.
710 369 53 40 â‹
732 369 64 40 Ad
764 369 117 40 quartum
849 369 96 40 dicit
902 369 64 40 quod

370 399 140 30 voluntas
475 399 82 30 dei
522 399 70 30 in
557 399 93 30 tali
615 399 93 30 casu
673 399 163 30 necessitat
801 399 128 30 euentum
894 399 82 30 rei
929 399 47 30 et

365 425 105 38 negat
435 425 93 38 hanc
493 425 198 38 consequentiam
657 425 175 38 vniformiter
796 425 70 38 se
831 425 105 38 habet
901 425 70 38 in
924 425 47 38 se

363 453 94 36 talis
425 453 126 36 scientia
520 453 84 36 nunc
572 453 94 36 sicut
635 453 94 36 prius
698 453 105 36 igitur
772 453 73 36 non
814 453 147 36 necessitat
919 453 52 36 ma-

360 476 80 44 gis
405 476 91 44 nunc
462 476 91 44 quam
519 476 102 44 prius
587 476 91 44 quia
644 476 80 44 quo
690 476 68 44 ad
724 476 102 44 extra
792 476 80 44 non
826 476 148 44 vniformiter

366 509 66 38 se
399 509 99 38 habet
465 509 66 38 et
498 509 77 38 ita
542 509 132 38 concedit
641 509 88 38 quod
695 509 88 38 deus
750 509 77 38 non
794 509 110 38 posset
860 509 110 38 reuelare

363 536 162 36 contingens
490 536 81 36 ita
537 536 92 36 quod
594 536 104 36 simul
663 536 115 36 maneat
744 536 162 36 contingens
871 536 69 36 et
894 536 81 36 reue-

365 561 115 41 latum
442 561 166 41 icluderet
569 561 102 41 enim
633 561 242 41 contradictione.
837 561 127 41 Contra
913 561 64 41 cum

367 590 81 41 deus
418 590 102 41 posset
489 590 122 41 reuelare
580 590 92 41 omnia
641 590 71 41 que
682 590 122 41 euenient
774 590 122 41 sequitur
865 590 81 41 quod
906 590 71 41 omnia

361 619 132 44 possent
457 619 168 44 necessario
589 619 132 44 euenire
685 619 84 44 ymo
733 619 108 44 secum
805 619 108 44 illos
877 619 84 44 qui
913 619 60 44 po-

363 646 91 41 nunt
419 646 102 41 anime
487 646 125 41 christi
578 646 102 41 omnia
646 646 113 41 futura
726 646 181 41 contingentia
873 646 91 41 esse
918 646 57 41 re-

365 675 117 43 uelata
447 675 82 43 vel
494 675 129 43 angelos
588 675 94 43 quia
647 675 141 43 secundum
752 675 153 43 veritatem
870 675 106 43 omnia
928 675 59 43 ne-

368 702 153 43 cessario
483 702 166 43 euenient.
611 702 102 43 Item
675 702 77 43 ad
713 702 102 43 alia
777 702 115 43 etiam
841 702 140 43 respondet

366 732 171 38 conformiter
502 732 148 38 predictis
616 732 68 38 et
651 732 148 38 singulari
765 732 80 38 ter
810 732 103 38 dicit
879 732 68 38 de
902 732 68 38 pec-

368 757 88 39 cato
423 757 99 39 dicit
489 757 88 39 quod
544 757 66 39 de
577 757 110 39 nondum
654 757 132 39 concepto
753 757 77 39 vel
797 757 66 39 de
830 757 143 39 existente
929 757 44 39 so

367 790 78 37 lum
411 790 67 37 in
445 790 145 37 originali
556 790 89 37 deus
612 790 111 37 potest
690 790 134 37 reuelare
790 790 89 37 quod
846 790 111 37 peccet
912 790 56 37 mor

370 813 136 40 taliter
469 813 111 40 media
543 813 111 40 tamen
617 813 111 40 erunt
691 813 111 40 plura
766 813 124 40 quorum
840 813 136 40 quodlibet

365 841 116 46 potest
447 841 116 46 vitare
528 841 70 46 et
563 841 105 46 adhuc
633 841 82 46 ita
680 841 140 46 peccabit
785 841 128 46 libere.
878 841 82 46 Set
913 841 58 46 hoc

362 877 149 33 reuelare
474 877 87 33 non
523 877 124 33 potest
610 877 75 33 de
648 877 112 33 certo
722 877 137 33 peccato
822 877 87 33 vna
872 877 87 33 cum
909 877 62 33 to-

365 896 74 44 to
402 896 147 44 processu
512 896 74 44 ad
549 896 111 44 istud
623 896 147 44 peccatum
733 896 98 44 quia
795 896 86 44 hoc
832 896 147 44 implicaret

368 926 196 39 contradictionem
533 926 124 39 scilicet
625 926 82 39 quod
677 926 93 39 talis
739 926 124 39 peccaret
832 926 62 39 et
863 926 93 39 tamen
914 926 62 39 nul-

369 958 67 34 lo
402 958 89 34 modo
458 958 112 34 vitare
536 958 112 34 posset
615 958 78 34 per
659 958 123 34 aliquam
749 958 156 34 potentiam.
871 958 67 34 si
894 958 78 34 autem

363 982 93 39 fiat
421 982 151 39 reuelatio
537 982 70 39 de
572 982 151 39 existente
688 982 70 39 in
723 982 128 39 mortali
816 982 128 39 actuali
908 982 70 39 de
932 982 46 39 ta

370 1009 68 46 li
404 1009 125 46 vtroque
494 1009 91 46 modo
551 1009 113 46 potest
631 1009 148 46 reuelari.
744 1009 79 46 Sed
789 1009 68 46 in
824 1009 125 46 secundo
903 1009 68 46 modo

367 1040 159 43 peccando
486 1040 93 43 non
539 1040 159 43 peccabit
659 1040 146 43 nouiter
765 1040 93 43 nec
818 1040 119 43 nouam
884 1040 93 43 penam

363 1070 146 36 merebitur
475 1070 90 36 nisi
531 1070 101 36 sicut
598 1070 134 36 dyabolus
699 1070 90 36 post
755 1070 146 36 iudicium.
867 1070 67 36 Si
890 1070 78 36 autem

372 1097 90 36 fiat
428 1097 67 36 de
462 1097 146 36 existente
574 1097 67 36 in
608 1097 124 36 veniali
698 1097 112 36 potest
777 1097 135 36 reuelari
878 1097 67 36 de
900 1097 79 36 venia

377 1123 69 41 li
412 1123 116 41 solum.
493 1123 69 41 Si
528 1123 104 41 autem
597 1123 93 41 fiat
655 1123 69 41 de
690 1123 150 41 existente
805 1123 104 41 extra
875 1123 93 41 omen
921 1123 58 41 pec

364 1153 108 42 catum
436 1153 96 42 tunc
496 1153 120 42 potest
580 1153 144 42 reuelari
689 1153 72 42 de
725 1153 132 42 peccato
821 1153 132 42 veniali
905 1153 72 42 pri-

368 1181 66 38 mo
401 1181 88 38 modo
456 1181 66 38 et
490 1181 77 38 non
534 1181 122 38 secundo
622 1181 100 38 sicut
689 1181 77 38 nec
733 1181 66 38 de
766 1181 144 38 existente
877 1181 88 38 fine
921 1181 55 38 mor

365 1209 89 40 tali
420 1209 111 40 potest
498 1209 133 40 reuelari
598 1209 67 40 de
632 1209 122 40 mortali
720 1209 122 40 secundo
809 1209 100 40 modo.
876 1209 67 40 Et
909 1209 67 40 si
932 1209 44 40 di

364 1239 104 41 catur
434 1239 116 41 nullus
515 1239 116 41 peccat
596 1239 70 41 in
631 1239 70 41 eo
666 1239 93 41 quod
724 1239 116 41 vitare
805 1239 81 41 non
851 1239 116 41 posset
921 1239 58 41 con

362 1264 103 45 cedit
430 1264 91 45 quod
487 1264 149 45 inquantum
602 1264 114 45 vitare
682 1264 80 45 non
727 1264 114 45 posset
807 1264 69 45 in
842 1264 80 45 hoc
888 1264 80 45 non
922 1264 57 45 pec

364 1296 101 37 cabit
431 1296 78 37 sed
476 1296 67 37 in
509 1296 78 37 hoc
554 1296 89 37 quod
610 1296 112 37 libere
688 1296 112 37 elicit
766 1296 112 37 medium
845 1296 67 37 ad
867 1296 112 37 peccatum

369 1323 94 40 tale
428 1323 94 40 quod
487 1323 118 40 quidem
569 1323 118 40 medium
652 1323 118 40 vitare
734 1323 129 40 potest.
828 1323 71 40 Et
863 1323 82 40 sic
899 1323 82 40 argui

365 1353 77 38 tur
409 1353 66 38 si
442 1353 100 38 esset
509 1353 100 38 totus
575 1353 144 38 processus
686 1353 144 38 reuelatus
796 1353 122 38 secundo
885 1353 88 38 modo
929 1353 44 38 de

364 1380 123 35 actuali
453 1380 123 35 peccato
542 1380 156 35 conceditur
665 1380 89 35 quod
721 1380 89 35 tunc
776 1380 78 35 non
821 1380 89 35 plus
866 1380 111 35 peccaret

375 1406 83 42 uam
422 1406 142 42 dyabolus
529 1406 95 42 etc.
588 1406 71 42 in
623 1406 83 42 hoc
671 1406 83 42 sed
718 1406 106 42 culpa
789 1406 106 42 solum
848 1406 130 42 originali

374 1439 156 32 precedente
497 1439 78 32 hoc
541 1439 100 32 fieri
608 1439 78 32 cum
653 1439 123 32 dicitur
742 1439 134 32 iusticia
842 1439 78 32 non
876 1439 100 32 potest.

372 1466 53 40 â‹
394 1466 64 40 Ex
426 1466 75 40 his
468 1466 128 40 sequitur
564 1466 85 40 quod
618 1466 96 40 anima
682 1466 117 40 Christi
767 1466 75 40 non
809 1466 107 40 potest
873 1466 107 40 prescire

371 1492 71 41 de
407 1492 118 41 aliquo
490 1492 154 41 existente
608 1492 71 41 in
643 1492 118 41 gratia
726 1492 83 41 vel
774 1492 71 41 de
809 1492 118 41 aliquo
892 1492 83 41 non
928 1492 47 41 na

372 1516 69 41 to
406 1516 92 41 quod
464 1516 138 41 peccabit
567 1516 161 41 mortaliter
694 1516 92 41 quia
751 1516 81 41 hoc
797 1516 115 41 aliter
878 1516 81 41 non
912 1516 69 41 pos-

373 1545 87 39 set
422 1545 100 39 nisi
485 1545 87 39 per
535 1545 199 39 reuelationem
696 1545 150 39 diuinam.
809 1545 62 39 â‹
834 1545 100 39 Item
883 1545 100 39 contra

373 1575 90 42 hoc
425 1575 129 42 deduci
515 1575 129 42 potest
605 1575 167 42 reuelatio
733 1575 116 42 facta
811 1575 116 42 petro
875 1575 103 42 nondum

374 1603 132 39 existenti
476 1603 61 39 in
506 1603 112 39 peccato
588 1603 112 39 mortali
669 1603 82 39 quod
720 1603 92 39 esset
781 1603 122 39 Christum
863 1603 112 39 negaturus

372 1631 82 41 per
419 1631 94 41 quod
478 1631 141 41 peccauit
584 1631 165 41 mortaliter
714 1631 71 41 vt
749 1631 106 41 patet
820 1631 71 41 in
855 1631 106 41 caneo
914 1631 59 41 di.

372 1659 80 43 10.
417 1659 91 43 cap.
474 1659 137 43 fidelior
577 1659 80 43 vbi
622 1659 125 43 dicitur
713 1659 137 43 fidelior
816 1659 114 43 factus
884 1659 91 43 petrus

376 1692 129 35 postquam
473 1692 97 35 fidem
538 1692 151 35 perdidisse
656 1692 65 35 se
688 1692 151 35 defleuerat
807 1692 118 35 ambroi.
893 1692 65 35 in
914 1692 65 35 ome.

378 1716 62 42 â‹
402 1716 99 42 Item
464 1716 148 42 sequitur
575 1716 99 42 quod
637 1716 99 42 deus
699 1716 86 42 non
748 1716 124 42 potest
835 1716 111 42 omnes
897 1716 86 42 homi-

375 1746 82 35 nes
422 1746 129 35 saluare
516 1746 94 35 quod
575 1746 82 35 est
622 1746 118 35 contra
705 1746 82 35 ma.
752 1746 141 35 expresse
857 1746 82 35 li.
893 1746 82 35 primo

373 1773 84 39 di.
421 1773 72 39 42
457 1773 84 39 ca.
505 1773 120 39 vltimo
589 1773 84 39 vbi
637 1773 108 39 dicit
709 1773 84 39 non
757 1773 96 39 vult
817 1773 96 39 deus
877 1773 108 39 omens
937 1773 48 39 ho

372 1799 119 45 mines
451 1799 198 45 iustificare
609 1799 119 45 tamen
688 1799 105 45 quis
754 1799 145 45 dubitat
859 1799 92 45 eum
899 1799 92 45 posse

375 1828 196 38 consequentia
534 1828 110 38 tenet
607 1828 98 38 quia
669 1828 86 38 nos
718 1828 122 38 scimus
803 1828 86 38 per
840 1828 147 38 scripturam

374 1855 119 43 sacram
457 1855 155 43 diuinitus
576 1855 155 43 reuelatam
695 1855 95 43 quod
755 1855 83 43 non
803 1855 107 43 omnes
862 1855 119 43 iustifi-

374 1883 138 39 cabuntur
477 1883 92 39 etc.
534 1883 57 39 â‹
557 1883 92 39 Ista
614 1883 115 39 igitur
694 1883 80 39 via
740 1883 80 39 non
786 1883 80 39 est
832 1883 126 39 tenenda
924 1883 80 39 sed

376 1919 111 33 teneo
450 1919 99 33 duas
511 1919 197 33 conclusiones
672 1919 86 33 iam
721 1919 160 33 probatas.
844 1919 111 33 Prima
906 1919 74 33 quod

376 1946 105 30 omne
442 1946 145 30 futurum
547 1946 184 30 contingens
692 1946 171 30 prescitum
811 1946 171 30 certitudina

376 1969 110 35 liter
449 1969 61 35 a
474 1969 86 35 deo
522 1969 98 35 fore
584 1969 122 35 potest
669 1969 98 35 deus
730 1969 147 35 reuelare
840 1969 86 35 dum
889 1969 98 35 modo
938 1969 49 35 il

383 1999 73 36 la
419 1999 158 36 reuelatio
541 1999 85 36 non
590 1999 122 36 tollat
675 1999 158 36 veritatem
796 1999 122 36 illius
869 1999 122 36 presciti

382 2026 94 34 quod
441 2026 94 34 addo
500 2026 82 34 pro
547 2026 130 34 talibus
641 2026 106 34 nihil
712 2026 94 34 tibi
771 2026 153 34 reuelatur
889 2026 71 34 et
912 2026 71 34 simi

386 2056 116 32 libus.
468 2056 58 32 â‹
491 2056 127 32 Secunda
583 2056 151 32 conclusio
699 2056 93 32 quod
757 2056 104 32 nulla
827 2056 151 32 reuelatio
931 2056 58 32 fa-

378 2082 88 47 cta
429 2082 88 47 vel
479 2082 176 47 factibilis
617 2082 88 47 non
667 2082 125 47 cadens
755 2082 113 47 super
830 2082 113 47 ipsam
893 2082 100 47 reuela

991 236 125 48 tionem
1079 236 88 48 vel
1129 236 113 48 actus
1204 236 125 48 mentis
1292 236 88 48 sed
1342 236 113 48 super
1417 236 175 48 extrinseca
1542 236 63 48 im-

1001 282 181 35 pertinentia
1145 282 96 35 ipsi
1206 282 181 35 reuelationi
1350 282 96 35 quod
1410 282 96 35 addo
1471 282 132 35 propter
1555 282 48 35 so

992 311 90 31 luta
1048 311 101 31 nulla
1115 311 112 31 inquam
1194 311 101 31 talis
1262 311 146 31 reuelatio
1374 311 67 31 de
1408 311 124 31 futuris
1487 311 112 31 necessi-

995 340 85 30 tat
1044 340 98 30 deum
1105 340 110 30 ipsum
1178 340 159 30 perficere
1300 340 159 30 reuelatum
1422 340 85 30 nec
1471 340 98 30 quod
1520 340 85 30 ipsum

994 365 164 33 reuelatum
1120 365 138 33 eueniat
1221 365 76 33 in
1259 365 126 33 futuro
1347 365 101 33 quia
1410 365 101 33 tunc
1473 365 76 33 vt
1510 365 101 33 dixi
1561 365 50 33 de

992 393 71 35 us
1028 393 154 35 potuisset
1147 393 71 35 se
1182 393 119 35 facere
1265 393 202 35 nullipotentem
1432 393 95 35 quia
1479 393 131 35 potuisset

1010 419 89 34 rimo
1066 419 122 34 creasse
1155 419 111 34 vnicam
1233 419 100 34 solam
1299 419 200 34 intelligentiam
1466 419 67 34 et
1500 419 89 34 illi
1544 419 67 34 reue

995 454 109 29 lasse
1068 454 182 29 reuelatione
1214 454 146 29 absoluta
1323 454 122 29 qualem
1408 454 97 29 isti
1469 454 122 29 ponunt
1542 454 61 29 re-

999 478 115 35 spectu
1079 478 206 35 resurrectionis
1251 478 115 35 vltime
1331 478 92 35 quod
1388 478 103 35 illam
1446 478 160 35 annichilaret

999 505 79 36 pro
1044 505 101 36 culpa
1111 505 79 36 qua
1156 505 90 36 illa
1213 505 146 36 potuisset
1325 505 135 36 peccasse
1427 505 68 36 et
1461 505 124 36 nunquam
1539 505 68 36 post

999 534 140 33 aliquam
1101 534 166 33 creaturam
1229 534 178 33 produceret
1369 534 89 33 quo
1420 534 115 33 facto
1484 534 127 33 secundum

999 562 118 32 illam
1077 562 105 32 viam
1143 562 183 32 contrariam
1287 562 105 32 deus
1352 562 144 32 fuisset
1444 562 170 32 nullipotens

1006 592 101 32 luod
1070 592 89 32 est
1120 592 216 32 inconueniens.
1298 592 63 32 â‹
1323 592 127 32 Primum
1412 592 178 32 principale
1539 592 76 32 pro-

997 615 81 36 bat
1044 615 116 36 primam
1125 615 185 36 conclusionem
1275 615 104 36 primi
1344 615 150 36 articuli.
1460 615 58 36 â‹
1471 615 139 36 Argumentum

1002 644 64 49 n
1028 644 166 49 oppositum
1156 644 128 49 probat
1245 644 154 49 secundam
1361 644 77 49 et
1399 644 141 49 tertiam
1489 644 115 49 eiusdem

994 679 55 28 te.

1259 699 176 66 Uinto
1377 699 176 66 quaeo
1474 699 137 66 circa

1263 753 107 36 istam
1335 753 84 36 di.
1382 753 143 36 quartam.
1490 753 107 36 vtrum
1549 753 60 36 ali

1266 784 111 33 cuius
1340 784 111 33 prius
1414 784 197 33 contingentis
1562 784 49 33 fu

1265 813 99 35 turi
1326 813 148 35 absoluta
1438 813 161 35 reuelatio
1549 813 62 35 se

1270 842 115 34 quens
1347 842 128 34 tollat
1424 842 192 34 contingentiam

1267 869 127 34 reuelati.
1365 869 58 34 Et
1394 869 107 34 videtur
1472 869 78 34 quod
1520 869 68 34 sic
1550 869 58 34 quia

1234 898 65 40 â‹
1260 898 181 40 augustinus
1402 898 129 40 quinto
1493 898 78 40 de
1519 898 91 40 ciui.

1231 924 67 37 it
1264 924 89 37 dei.
1320 924 100 37 capt.
1386 924 78 37 10.
1431 924 133 37 tractans
1530 924 67 37 an
1553 924 55 37 om-

1236 948 90 39 nia
1287 948 115 39 fiant
1364 948 115 39 fato.
1441 948 64 39 â‹
1467 948 77 39 Et
1493 948 115 39 respon-

1000 979 75 38 det
1043 979 85 38 quod
1096 979 75 38 non
1139 979 75 38 ymo
1182 979 96 38 nulla
1246 979 85 38 fato
1299 979 117 38 dicimus
1384 979 96 38 fieri
1448 979 85 38 uisi
1501 979 96 38 forte
1565 979 64 38 in

1008 1010 90 33 iuit
1064 1010 67 33 vt
1097 1010 101 33 fatum
1165 1010 56 33 a
1187 1010 101 33 fando
1254 1010 179 33 intelligamus
1400 1010 134 33 scilicet
1501 1010 56 33 a
1512 1010 101 33 loquen-

992 1039 78 31 do
1031 1039 78 31 et
1070 1039 104 31 isto
1135 1039 104 31 modo
1200 1039 117 31 fatum
1278 1039 143 31 abimere
1382 1039 91 31 non
1434 1039 156 31 possumus
1538 1039 78 31 quia

995 1068 138 33 scriptum
1099 1068 81 33 est
1145 1068 104 33 semel
1215 1068 127 33 locutus
1307 1068 81 33 est
1353 1068 92 33 deus
1411 1068 92 33 etc.
1469 1068 58 33 â‹
1492 1068 69 33 Et
1515 1068 92 33 subdit

998 1094 69 33 ad
1032 1094 161 33 propositum
1159 1094 92 33 quod
1216 1094 115 33 dictum
1297 1094 81 33 est
1343 1094 104 33 semel
1412 1094 127 33 locutus
1504 1094 81 33 est
1538 1094 69 33 deus

1001 1120 72 36 et
1037 1120 193 36 intelligitur
1194 1120 181 36 immobiliter
1339 1120 85 36 hoc
1387 1120 85 36 est
1424 1120 193 36 incommutabili-

999 1154 83 32 ter
1047 1154 131 32 locutus
1142 1154 83 32 est
1190 1154 107 32 sicut
1261 1154 107 32 nouit
1333 1154 238 32 incommutabiliter
1524 1154 83 32 omnia

1004 1177 81 39 que
1051 1177 116 39 futura
1132 1177 69 39 et
1166 1177 81 39 que
1212 1177 92 39 ipse
1270 1177 81 39 est
1317 1177 139 39 facturus
1421 1177 81 39 hec
1467 1177 104 39 ille.
1536 1177 69 39 Ex
1559 1177 58 39 hoc

1000 1210 112 32 dicto
1074 1210 149 32 sequitur
1186 1210 112 32 istam
1260 1210 211 32 consequentiam
1434 1210 99 32 esse
1496 1210 112 32 bonam
1558 1210 50 32 de

997 1234 65 34 us
1030 1234 76 34 est
1073 1234 120 34 locutus
1161 1234 87 34 tale
1215 1234 87 34 fore
1270 1234 65 34 vt
1303 1234 87 34 puta
1357 1234 87 34 quod
1412 1234 109 34 reddet
1488 1234 142 34 vnicuique

993 1265 143 32 secundum
1100 1265 107 32 opera
1172 1265 83 32 sua
1220 1265 95 32 quia
1279 1265 83 32 ibi
1327 1265 131 32 dicitur
1422 1265 119 32 igitur
1506 1265 83 32 sic
1541 1265 72 32 eue-

999 1290 105 37 niet
1064 1290 78 37 et
1103 1290 183 37 antecedens
1247 1290 91 37 est
1299 1290 196 37 necessarium
1456 1290 105 37 quia
1508 1290 105 37 incom-

1000 1319 194 34 mutabiliter
1155 1319 129 34 dictum
1245 1319 129 34 igitur
1336 1319 77 34 et
1375 1319 181 34 consequens
1504 1319 103 34 igitur

1002 1345 152 36 tollitur
1117 1345 203 36 contingentia
1282 1345 165 36 reuelati.
1409 1345 127 36 Contra
1498 1345 89 36 hoc
1536 1345 76 36 tunc

997 1378 114 32 esset
1073 1378 202 32 impossibilis
1237 1378 101 32 deus
1301 1378 139 32 reuelat
1402 1378 139 32 aliquod
1490 1378 114 32 futurum

1000 1404 180 34 contingens.
1144 1404 60 34 â‹
1168 1404 72 34 Ad
1204 1404 180 34 questionem.
1348 1404 60 34 â‹
1372 1404 156 34 Respondeo
1492 1404 96 34 quod
1540 1404 60 34 non

1000 1434 110 35 prout
1073 1434 196 35 sufficienter
1232 1434 135 35 probant
1330 1434 122 35 media.
1416 1434 61 35 q
1440 1434 135 35 proxime
1526 1434 73 35 pre-

998 1459 157 36 cedentis
1116 1459 144 36 reducta
1220 1459 131 36 contra
1312 1459 105 36 viam
1377 1459 183 36 oppositam.
1521 1459 65 36 â‹
1534 1459 79 36 Item

1002 1489 101 34 hanc
1066 1489 203 34 conclusionem
1230 1489 127 34 probat
1319 1489 139 34 syrens.
1420 1489 101 34 quia
1471 1489 139 34 oppositum

1002 1519 84 36 non
1050 1519 133 36 videtur
1147 1519 96 36 bene
1207 1519 121 36 sapere
1291 1519 96 36 quia
1352 1519 133 36 excusat
1448 1519 109 36 iudam
1521 1519 60 36 a
1533 1519 72 36 pec-

996 1543 96 38 cato
1056 1543 72 38 et
1092 1543 132 38 pilatum
1187 1543 72 38 et
1223 1543 132 38 milites
1319 1543 203 38 crucifigentes
1486 1543 72 38 et
1510 1543 96 38 petrum

1003 1575 155 33 negantem
1119 1575 78 33 et
1158 1575 116 33 omnes
1236 1575 116 33 alios
1314 1575 129 33 quorum
1404 1575 142 33 peccata
1495 1575 116 33 fuerunt

1003 1602 140 33 reuelata
1108 1602 58 33 a
1131 1602 128 33 christo
1225 1602 70 33 vt
1260 1602 105 33 patet
1329 1602 70 33 in
1364 1602 140 33 diuersis
1469 1602 105 33 locis
1527 1602 82 33 euan-

1002 1634 111 31 gelii
1076 1634 98 31 quia
1137 1634 123 31 nullus
1223 1634 123 31 peccat
1309 1634 74 31 in
1346 1634 74 31 eo
1383 1634 98 31 quod
1445 1634 123 31 cauere
1531 1634 86 31 non
1568 1634 49 31 po

1005 1656 95 32 test
1064 1656 142 32 secundum
1171 1656 166 32 augustinum
1302 1656 119 32 tertio
1385 1656 71 32 de
1420 1656 83 32 li.
1468 1656 107 32 arbi.
1527 1656 83 32 capi.

1002 1684 75 35 2.
1039 1684 150 35 Falsitas
1151 1684 112 35 patet
1226 1684 75 35 de
1264 1684 100 35 iuda
1326 1684 87 35 per
1376 1684 112 35 illud
1451 1684 162 35 euangelum
1563 1684 50 35 de

1001 1715 90 34 iuda
1057 1715 67 34 ve
1091 1715 112 34 homini
1169 1715 90 34 illi
1225 1715 90 34 etc.
1281 1715 79 34 pro
1326 1715 90 34 tunc
1382 1715 112 34 nullus
1461 1715 123 34 electus
1540 1715 67 34 pos-

1003 1741 85 36 set
1052 1741 134 36 peccare
1149 1741 158 36 finaliter
1271 1741 73 36 et
1307 1741 134 36 damnari
1405 1741 97 36 quod
1466 1741 134 36 falsum.
1551 1741 61 36 con

1000 1770 154 31 sequentia
1118 1770 106 31 patet
1189 1770 95 31 quia
1248 1770 130 31 christo
1343 1770 154 31 reuelatum
1461 1770 83 31 est
1509 1770 83 31 qui
1544 1770 71 31 sunt

1003 1797 79 33 sui
1048 1797 113 33 electi
1127 1797 68 33 et
1162 1797 136 33 saluandi
1264 1797 91 33 quia
1320 1797 159 33 frequenter
1445 1797 79 33 pro
1491 1797 102 33 illis
1547 1797 57 33 ora

1007 1830 88 30 uit
1058 1830 75 30 et
1095 1830 188 30 commendauit
1246 1830 88 30 eos
1296 1830 113 30 patri
1372 1830 75 30 et
1410 1830 63 30 o
1435 1830 75 30 10
1472 1830 88 30 ego
1510 1830 88 30 cogno

999 1858 88 32 sco
1050 1858 100 32 oues
1112 1858 100 32 meas
1175 1858 75 32 et
1212 1858 75 32 po
1250 1858 88 32 10.
1300 1858 113 32 pater
1375 1858 125 32 sancte
1462 1858 113 32 serua
1525 1858 75 32 eos.

998 1888 113 31 Contra
1077 1888 181 31 conclusionem
1224 1888 68 31 si
1258 1888 102 31 esset
1326 1888 90 31 vera
1382 1888 136 31 sequitur
1484 1888 90 31 quod
1529 1888 68 31 deus

1009 1910 109 36 posset
1085 1910 109 36 negare
1162 1910 120 36 seipsum
1249 1910 120 36 ponitur
1336 1910 87 36 enim
1390 1910 87 36 quod
1445 1910 131 36 Christus
1532 1910 87 36 alicui

1009 1943 116 34 reuelet
1094 1943 84 34 quod
1146 1943 63 34 a.
1178 1943 84 34 erit
1230 1943 74 34 quo
1272 1943 95 34 facto
1335 1943 63 34 si
1367 1943 95 34 adhuc
1430 1943 74 34 hec
1472 1943 74 34 est
1503 1943 116 34 contigens

1010 1967 58 34 4.
1039 1967 77 34 erit
1088 1967 97 34 igitur
1156 1967 58 34 et
1185 1967 77 34 hec.
1233 1967 48 34 A
1252 1967 68 34 non
1291 1967 87 34 erit.
1349 1967 116 34 falsitas
1436 1967 116 34 probatur
1524 1967 77 34 quia
1562 1967 39 34 si

1002 1997 78 31 aiter
1054 1997 60 31 non
1089 1997 69 31 erit
1132 1997 60 31 cum
1166 1997 60 31 sit
1201 1997 130 31 necessarium
1305 1997 104 31 Christum
1382 1997 95 31 dixisse
1452 1997 69 31 quod
1495 1997 52 31 a.
1521 1997 69 31 erit
1555 1997 52 31 igi-

1004 2027 68 35 tur
1043 2027 87 35 illud
1101 2027 78 35 quod
1150 2027 116 35 Christus
1237 2027 87 35 dicit
1295 2027 78 35 esse
1344 2027 107 35 futurum
1422 2027 68 35 non
1460 2027 107 35 euenmet
1538 2027 58 35 et
1557 2027 49 35 ita

1010 2054 117 32 Christus
1098 2054 108 32 negaret
1177 2054 127 32 seipesum.
1274 2054 157 32 Consequentia
1402 2054 78 32 ista
1450 2054 98 32 vltima
1519 2054 59 32 et
1539 2054 68 32 conse

1002 2084 127 39 quentis
1095 2084 208 39 impossibilitas
1269 2084 104 39 patet
1338 2084 81 39 per
1384 2084 116 39 glosam
1465 2084 104 39 super
1535 2084 93 39 illo
