1797 2500
191 237 89 57 niri
247 237 67 57 si
280 237 145 57 peccarent
392 237 78 57 sed
436 237 89 57 quod
492 237 78 57 ita
537 237 156 57 punirentur
660 237 67 57 si
682 237 123 57 peccarent

188 285 97 37 scire
253 285 75 37 non
296 285 151 37 debuerunt.
414 285 97 37 Etiam
479 285 86 37 mihi
532 285 140 37 probabile
640 285 75 37 est
683 285 86 37 quod
726 285 75 37 omnia

189 315 96 33 actu
249 315 180 33 considerent
393 315 144 33 respectu
501 315 120 33 quorum
585 315 96 33 sunt
645 315 72 33 in
681 315 120 33 habitu
753 315 48 33 de

194 344 146 30 terminato
306 344 67 30 et
339 344 168 30 particulari
474 344 134 30 impresso
575 344 78 30 vel
620 344 146 30 acquisito
721 344 78 30 licet

189 372 73 35 non
230 372 94 35 vnico
293 372 84 35 actu
345 372 94 35 solum
408 372 84 35 modo
460 372 94 35 secus
523 372 94 35 autem
586 372 73 35 est
627 372 63 35 de
659 372 104 35 habitu
721 372 84 35 etuali

202 400 77 33 iue
246 400 77 33 est
290 400 121 33 ipsamet
379 400 155 33 substantia
500 400 99 33 anime
566 400 143 33 habituata
666 400 132 33 singulari-

193 427 80 34 bus
238 427 138 34 noticiis
342 427 103 34 rerum
411 427 80 34 vel
457 427 80 34 est
502 427 115 34 verbum
583 427 80 34 dei
629 427 69 34 in
663 427 80 34 quo
698 427 103 34 virtua-

192 454 97 32 liter
257 454 108 32 sciunt
332 454 97 32 omnia
397 454 129 32 scibilia
493 454 65 32 ab
526 454 75 32 eis
569 454 129 32 secundum
665 454 118 32 naturam
741 454 65 32 suam

187 484 98 28 secum
253 484 76 28 hoc
296 484 142 28 intelligo
405 484 142 28 anselmum.
514 484 55 28 ⁋
536 484 109 28 Aliter
613 484 98 28 tamen
678 484 98 28 dicit
744 484 87 28 quod

193 511 70 37 non
233 511 160 37 ignorauerunt
363 511 60 37 id
393 511 70 37 est
433 511 130 37 habuerunt
533 511 110 37 habitum
613 511 140 37 virtualem.
723 511 70 37 sed
753 511 50 37 non

188 543 138 30 oportet
289 543 101 30 quod
352 543 151 30 formalem
465 543 76 30 de
503 543 101 30 pena
566 543 126 30 secuta
654 543 126 30 quando
730 543 76 30 actu

183 569 194 32 peccauerunt
338 569 168 32 habuerant
467 569 103 32 enim
532 569 129 32 satis.
622 569 103 32 vnde
674 569 129 32 cogitare

189 599 156 32 potuissent
311 599 67 32 si
345 599 145 32 peccarent
456 599 100 32 digni
523 599 111 32 essent
601 599 111 32 puniri
679 599 78 32 vel
723 599 67 32 si
745 599 56 32 hoc

189 624 188 37 cognouerunt
339 624 100 37 actu
401 624 88 37 non
451 624 150 37 ardebant
564 624 100 37 actu
626 624 88 37 ita
676 624 100 37 esse
726 624 75 37 futu

188 656 84 34 rum
236 656 96 34 vnde
296 656 145 34 breuiter
405 656 145 34 quicquid
514 656 121 34 fuerit
598 656 72 34 in
634 656 109 34 causa
707 656 121 34 quando

193 683 135 31 ruerunt
291 683 86 31 non
340 683 98 31 actu
401 683 196 31 cogitauerant
561 683 147 31 firmiter
671 683 147 31 credendo

186 711 79 31 ita
231 711 90 31 fore
287 711 90 31 quod
343 711 157 31 punirentur
466 711 67 31 si
500 711 157 31 peccarent.
624 711 56 31 ⁋
646 711 146 31 Argumenta
747 711 45 31 ac

189 738 65 31 ad
222 738 109 31 primam
298 738 109 31 partem
375 738 109 31 probat
451 738 87 31 quod
505 738 76 31 non
549 738 142 31 potuerunt
658 738 98 31 scire
724 738 76 31 vel
756 738 44 31 su

193 765 108 37 spicari
272 765 147 37 naturaliter
389 765 59 37 et
418 765 78 37 fine
467 765 147 37 reuelatione
585 765 78 37 quod
634 765 108 37 ruerent
712 765 59 37 et
741 765 78 37 quod

188 796 81 34 non
235 796 92 34 erat
292 796 69 34 in
327 796 139 34 naturali
431 796 150 34 potestate
547 796 104 34 eorum
616 796 81 34 dum
662 796 127 34 duraret
755 796 69 34 in

189 822 89 33 eis
240 822 102 33 amor
304 822 165 33 electiuus
431 822 76 33 et
469 822 153 33 libertas
584 822 102 33 bene
647 822 127 33 agendi
736 822 89 33 non

190 853 108 35 velle
262 853 132 35 aliquid
358 853 96 35 vnde
418 853 96 35 actu
478 853 132 35 scirent
574 853 84 35 vel
622 853 144 35 firmiter
718 853 84 35 crede

188 877 85 38 rent
241 877 95 38 sequi
305 877 170 38 damnnationem
443 877 64 38 et
475 877 95 38 penam
538 877 95 38 eorum
602 877 138 38 perpetuam
708 877 64 38 et
729 877 64 38 quod

186 907 104 31 secum
256 907 81 31 dei
302 907 150 31 potentiam
417 907 150 31 ordinatam
532 907 92 31 tunc
590 907 81 31 non
636 907 150 31 potuerunt
751 907 69 31 in

187 935 138 37 nocentes
290 935 127 37 puniri.
382 935 58 37 ⁋
405 935 69 37 Et
440 935 81 37 per
486 935 81 37 hoc
532 935 104 37 patet
601 935 69 37 ad
635 935 115 37 primam
704 935 92 37 formam

185 965 124 29 anselmi
275 965 90 29 quia
331 965 135 29 secundum
432 965 146 29 potentiam
545 965 79 29 dei
590 965 146 29 absolutam
691 965 101 29 potuis-

187 989 76 34 set
230 989 151 34 incurrisse
349 989 97 34 penam
414 989 86 34 sine
468 989 97 34 culpa
532 989 76 34 sua
576 989 162 34 praecedente
705 989 76 34 vel
737 989 65 34 tunc

181 1017 115 37 habita
261 1017 80 37 nec
307 1017 80 37 hoc
353 1017 126 37 fuisset
445 1017 172 37 impossibile
582 1017 138 37 plusquam
686 1017 92 37 nunc
732 1017 57 37 bru

181 1049 66 32 ta
214 1049 88 32 fine
269 1049 77 32 sua
314 1049 100 32 culpa
380 1049 155 32 suscipiunt
502 1049 100 32 penas
568 1049 66 32 de
601 1049 100 32 facto
667 1049 100 32 tamen
723 1049 66 32 alii

186 1074 97 33 deus
246 1074 170 33 ordinauit.
380 1074 61 33 ⁋
404 1074 73 33 Ad
440 1074 145 33 secundam
550 1074 121 33 formam
634 1074 85 33 est
671 1074 121 33 dicendum

183 1105 85 35 quod
237 1105 64 35 si
269 1105 96 35 talis
332 1105 149 35 credulitas
450 1105 117 35 fuisset
535 1105 85 35 sibi
588 1105 128 35 impressa
684 1105 53 35 a
705 1105 75 35 deo
737 1105 64 35 ipse

179 1131 109 37 adhuc
251 1131 169 37 reputasset
384 1131 72 37 se
420 1131 109 37 posse
493 1131 121 37 vitare
577 1131 109 37 casum
649 1131 133 37 futurum
734 1131 60 37 cum

180 1158 77 34 hoc
224 1158 99 34 tamen
290 1158 153 34 reputasset
410 1158 88 34 quod
465 1158 66 34 de
497 1158 99 34 facto
563 1158 99 34 casum
629 1158 142 34 huiusmodi
738 1158 77 34 non

188 1190 137 34 vitaret.
290 1190 68 34 Ad
324 1190 91 34 alia
381 1190 102 34 satis
449 1190 102 34 patet
518 1190 68 34 ex
552 1190 125 34 dictis.
643 1190 57 34 ⁋
666 1190 68 34 Ad
689 1190 102 34 princi-

190 1217 80 36 pale
240 1217 109 36 dicitur
319 1217 80 36 quod
369 1217 60 36 in
399 1217 80 36 illo
449 1217 80 36 casu
498 1217 139 36 desperatio
608 1217 70 36 non
648 1217 90 36 esset
698 1217 100 36 peccatum

181 1241 84 37 sed
229 1241 108 37 solum
301 1241 96 37 pena
350 1241 72 37 etc.

444 1278 195 64 Eptimo
581 1278 176 64 circa
679 1278 117 64 han-

460 1333 184 34 distictionem
609 1333 104 34 quero
678 1333 104 34 vtrum
736 1333 58 34 bea

454 1364 72 35 to
490 1364 120 35 possit
574 1364 144 35 reuelari
683 1364 72 35 in
707 1364 84 35 verbo

457 1395 146 31 eternitas
569 1395 78 31 sue
614 1395 168 31 beatitudis.
737 1395 56 31 Ute

460 1422 88 36 detur
519 1422 78 36 quod
567 1422 68 36 non
606 1422 78 36 quia
655 1422 68 36 cum
684 1422 107 36 eternitas

456 1446 166 39 btitudinis
587 1446 202 39 apprehendatur
741 1446 59 39 sub

452 1474 123 40 tratione
544 1474 165 40 delectabilis
678 1474 62 40 et
698 1474 93 40 commodi

445 1491 111 50 magni
518 1491 74 50 ex
555 1491 98 50 tali
605 1491 184 50 assecuratione

422 1528 172 39 naturaliter
559 1528 137 39 sequitur
651 1528 137 39 delectatio

177 1560 69 38 cu
212 1560 162 38 delectatio
339 1560 139 38 sequatur
443 1560 208 38 apprehensionem
616 1560 104 38 sicut
686 1560 104 38 vmbra
743 1560 58 38 cor

182 1586 81 35 pus
229 1586 81 35 per
275 1586 208 35 commentatorem.
449 1586 81 35 xu.
495 1586 185 35 methaphisice
646 1586 139 35 commento
750 1586 69 35 2.

179 1615 74 37 Sit
222 1615 106 37 igitur
296 1615 85 37 ista
349 1615 149 37 delectatio
466 1615 159 37 naturaliter
593 1615 127 37 sequens.
689 1615 64 37 a.
721 1615 64 37 et
742 1615 53 37 sit

175 1644 161 33 eternitas
298 1644 198 33 beatitudinis
459 1644 161 33 reuelata.
582 1644 74 33 b.
619 1644 74 33 et
656 1644 111 33 arguo
718 1644 74 33 tunc

179 1670 107 38 primo
251 1670 190 38 reuelationem
405 1670 119 38 factam
489 1670 83 38 sic
536 1670 95 38 iste
596 1670 131 38 angelus
691 1670 83 38 non
727 1670 71 38 erit

182 1702 154 32 eternaliter
305 1702 102 32 beatus
376 1702 102 32 igitur
448 1702 72 32 non
489 1702 82 32 fuit
540 1702 61 32 b.
571 1702 82 32 sibi
622 1702 133 32 reuelatum
724 1702 61 32 in
745 1702 51 32 ver

178 1723 57 37 bo
206 1723 94 37 igitur
272 1723 57 37 a.
300 1723 66 37 non
338 1723 85 37 fuit.
395 1723 113 37 Falsitas
480 1723 85 37 patet
536 1723 76 37 quia
584 1723 57 37 a.
612 1723 94 37 fuisse
678 1723 66 37 est
706 1723 76 37 preter

179 1754 55 36 tum
211 1754 79 36 igitur
266 1754 55 36 non
298 1754 79 36 potest
353 1754 55 36 non
385 1754 79 36 fuisse
440 1754 127 36 consequentia
543 1754 71 36 patet
591 1754 63 36 quia
631 1754 55 36 non
662 1754 79 36 potest
718 1754 48 36 in
734 1754 55 36 verbo

185 1781 122 40 reuelari
277 1781 102 40 aliter
348 1781 112 40 futurum
430 1781 82 40 esse
481 1781 82 40 quam
532 1781 92 40 erit.
593 1781 112 40 Secunda
675 1781 82 40 pars
716 1781 71 40 patet

174 1816 86 34 quia
228 1816 65 34 a.
261 1816 76 34 non
304 1816 86 34 fuit
358 1816 108 34 cantum
433 1816 65 34 in
465 1816 86 34 isto
519 1816 108 34 angelo
595 1816 86 34 nisi
649 1816 86 34 quia
703 1816 86 34 sibi
746 1816 43 34 fu

178 1836 57 37 it
206 1836 123 37 reuelatum
300 1836 57 37 in
329 1836 85 37 verbo
385 1836 76 37 quod
432 1836 85 37 foret
489 1836 142 37 eternaliter
602 1836 94 37 beatus
668 1836 85 37 patet
716 1836 76 37 igitur

187 1865 58 41 quo
220 1865 116 41 consequene
311 1865 66 41 sunt
352 1865 66 41 bone
394 1865 58 41 sed
427 1865 83 41 primum
485 1865 116 41 antecedens
576 1865 58 41 est
609 1865 124 41 impossibile
708 1865 83 41 igitur
758 1865 33 41 et

188 1897 102 33 vltimum
262 1897 139 33 consequens.
373 1897 65 33 Sed
410 1897 65 33 hoc
447 1897 65 33 est
484 1897 93 33 falsum
549 1897 74 33 quia
595 1897 74 33 deus
641 1897 65 33 non
678 1897 93 33 potest
734 1897 56 33 face

181 1921 61 38 re
211 1921 92 38 illud
273 1921 82 38 quod
324 1921 153 38 praeteritum
446 1921 71 38 est
487 1921 71 38 non
528 1921 102 38 fuisse
599 1921 92 38 sicut
661 1921 92 38 dicit
712 1921 71 38 ansel

173 1952 69 39 mus
212 1952 59 39 in
242 1952 118 39 prosolo.
330 1952 69 39 ca.
369 1952 49 39 7
389 1952 59 39 et
418 1952 59 39 pr
448 1952 147 39 philosophum
565 1952 118 39 sextoret
654 1952 88 39 hicor
712 1952 69 39 hoc
742 1952 39 39 so

177 1976 61 44 lo
207 1976 122 44 priuatur
299 1976 92 44 deus.
360 1976 51 44 ⁋
381 1976 82 44 Item
432 1976 143 44 argumentum
544 1976 102 44 potest
616 1976 92 44 fieri
677 1976 61 44 de
697 1976 92 44 sangui-

177 2010 67 34 neo
216 2010 96 34 sudore
283 2010 106 34 Christi
360 2010 58 34 ex
389 2010 144 34 praeuisione
504 2010 96 34 mortis
572 2010 67 34 pro
610 2010 106 34 tempone
687 2010 87 34 medio
735 2010 58 34 intf

177 2033 113 40 sudorem
259 2033 113 40 emissum
341 2033 61 40 et
371 2033 113 40 tempous
453 2033 102 40 mortis
525 2033 61 40 et
556 2033 61 40 de
586 2033 82 40 eius
638 2033 123 40 naturali
720 2033 61 40 dolo

180 2063 53 39 re
207 2063 79 39 etiam
259 2063 53 39 ex
285 2063 131 39 praeuisione
390 2063 96 39 mortis.
460 2063 61 39 sic
495 2063 105 39 Christus
574 2063 61 39 non
609 2063 105 39 morietur
688 2063 88 39 igitur
740 2063 44 39 non

168 2092 108 54 puidit
244 2092 65 54 se
276 2092 129 54 moriturm
373 2092 108 54 igitur
449 2092 76 54 nec
492 2092 86 54 iste
546 2092 97 54 dolor
611 2092 86 54 fuit
665 2092 76 54 nec
708 2092 86 54 iste
751 2092 43 54 su

829 243 66 58 dor
866 243 76 58 quia
914 243 85 58 solum
971 243 57 58 ex
999 243 76 58 ista
1046 243 142 58 praeuisione
1160 243 123 58 canbatur.
1255 243 123 58 Similiter
1349 243 95 58 potest
1406 243 38 58 ar

824 292 66 38 gui
861 292 56 38 de
889 292 103 38 actuali
965 292 94 38 gaudio
1031 292 75 38 quod
1078 292 85 38 habet
1134 292 103 38 aliquis
1209 292 94 38 beatus
1275 292 103 38 propter
1350 292 66 38 hoc
1379 292 56 38 quod

831 322 129 37 reuelatum
930 322 69 37 est
970 322 79 37 illi
1019 322 79 37 quod
1069 322 109 37 aliquis
1148 322 119 37 peccator
1237 322 168 37 conuerteretur
1376 322 59 37 ad
1395 322 50 37 pe-

820 347 119 38 nitentiam
912 347 55 38 et
939 347 119 38 finaliter
1031 347 129 38 saluabitur
1132 347 55 38 et
1159 347 55 38 in
1187 347 92 38 multis
1251 347 101 38 casibus
1325 347 119 38 similibus
1407 347 37 38 ea

826 372 77 36 dem
870 372 99 36 forma
936 372 131 36 arguendi
1034 372 99 36 habet
1100 372 109 36 locum.
1176 372 109 36 Contra
1253 372 66 36 de
1286 372 99 36 facto
1351 372 77 36 sic
1384 372 55 36 est

831 402 86 45 gitur
889 402 134 45 antecedens
994 402 115 45 probatur
1080 402 77 45 quia
1128 402 124 45 securitas
1224 402 124 45 requisita
1320 402 67 45 est
1358 402 57 45 ad
1377 402 67 45 beati

820 433 116 35 tudinem
905 433 95 35 sicut
968 433 95 35 dicit
1032 433 84 35 augu
1084 433 63 35 et
1116 433 106 35 probat
1190 433 63 35 12
1222 433 63 35 de
1253 433 95 35 cmis.
1317 433 74 35 dei
1359 433 74 35 ca.
1391 433 42 35 12

820 460 78 42 vbi
864 460 100 42 dicit
931 460 67 42 in
965 460 89 42 fine
1020 460 89 42 quod
1076 460 78 42 hoc
1120 460 78 42 est
1165 460 67 42 de
1198 460 167 42 beatitudine
1321 460 122 42 angelorum

815 483 79 41 vt
854 483 105 41 bono
920 483 224 41 incommutabili
1104 483 105 41 quod
1170 483 105 41 deus
1236 483 105 41 fine
1301 483 105 41 vlla
1354 483 79 41 mole

822 514 94 41 stia
881 514 176 41 perfruantur
1022 514 106 41 etiam
1092 514 70 41 in
1127 514 82 41 quo
1174 514 70 41 se
1209 514 152 41 ineternum
1315 514 117 41 mansuros

820 541 88 35 fine
875 541 88 35 vlla
930 541 165 35 dubitatione
1062 541 154 35 cognoscunt
1183 541 77 35 et.
1227 541 77 35 13.
1271 541 66 35 de
1304 541 88 35 tri.
1359 541 77 35 ca.
1403 541 55 35 7

820 570 121 39 loquens
908 570 165 39 augustinus.
1040 570 66 39 de
1073 570 165 39 beatitudine
1204 570 99 39 dicit
1270 570 99 39 omnen
1336 570 88 39 quod
1380 570 55 39 ibi

823 603 94 38 erit
882 603 106 38 bonum
953 603 94 38 erit
1012 603 71 38 et
1047 603 118 38 summus
1130 603 94 38 deus
1189 603 118 38 summum
1271 603 106 38 bonum
1342 603 94 38 erit
1389 603 47 38 at

828 627 74 39 que
871 627 63 39 ad
902 627 126 39 fruendum
997 627 137 39 amantibus
1102 627 116 39 praesto
1186 627 74 39 ita
1228 627 95 39 etiam
1292 627 84 39 quod
1344 627 63 39 et
1365 627 74 39 omnno

824 660 187 35 beatissimum
973 660 87 35 ita
1023 660 124 35 semper
1110 660 100 35 fore
1172 660 124 35 certum
1259 660 100 35 erit
1309 660 124 35 beatitu-

819 685 73 40 do
855 685 122 40 igitur
940 685 146 40 requirit
1050 685 195 40 certitudinem
1208 685 182 40 eternitatis
1342 685 97 40 ipsius

816 711 179 40 beatitudinis
961 711 67 40 et
995 711 78 40 hoc
1040 711 78 40 non
1085 711 112 40 potest
1163 711 90 40 esse
1219 711 90 40 nisi
1275 711 78 40 per
1309 711 123 40 reuelatio

815 744 87 36 nem
864 744 111 36 talis
938 744 124 36 igitur
1025 744 161 36 reuelatio
1149 744 87 36 non
1199 744 111 36 solum
1273 744 136 36 videtur
1360 744 74 36 esse

815 771 165 36 possibilis
945 771 82 36 sed
992 771 165 36 necessaria
1121 771 71 36 ad
1156 771 200 36 beatitudinem.
1321 771 59 36 ⁋
1344 771 71 36 In
1368 771 71 36 ista

826 801 167 39 questione
955 801 116 39 patet
1031 801 103 39 quid
1096 801 90 39 sit
1147 801 154 39 dicendum
1263 801 77 39 ex
1288 801 167 39 precedenti-

824 830 74 39 bus
867 830 126 39 scilicet
961 830 84 39 quod
1014 830 74 39 sic
1056 830 95 39 licet
1119 830 147 39 contrarium
1234 830 105 39 faciat
1297 830 158 39 diffinitatemn

819 854 89 43 hic
870 854 177 43 tractandum
1009 854 177 43 argumentum
1149 854 190 43 principale.
1301 854 63 43 ⁋
1326 854 101 43 Unde
1377 854 76 43 quae

816 887 132 34 concesso
915 887 88 34 quod
970 887 77 34 hoc
1014 887 99 34 ipsum
1080 887 88 34 quod
1136 887 110 34 angeli
1213 887 88 34 sunt
1268 887 99 34 beati
1323 887 110 34 requirat

820 912 204 35 certitudinem
986 912 191 35 eternitatis
1139 912 89 35 sue
1190 912 178 35 beatitudis
1317 912 115 35 videtur

815 939 98 44 sequi
881 939 87 44 quod
935 939 65 44 ex
968 939 164 44 certitudine
1099 939 98 44 talis
1164 939 164 44 eternitatis
1295 939 109 44 pendet
1372 939 87 44 quod

817 966 78 46 ipsi
866 966 88 46 beati
924 966 78 46 sint
973 966 58 46 et
1002 966 78 46 tunc
1051 966 117 46 sequitur
1139 966 78 46 quod
1187 966 68 46 hec
1226 966 68 46 sit
1265 966 127 46 contigens
1353 966 78 46 angeli

816 994 126 46 fuerunt
907 994 103 46 beati
976 994 91 46 quia
1033 994 91 46 deus
1090 994 114 46 posset
1170 994 80 46 eos
1216 994 183 46 annichilare.
1353 994 80 46 Falsi

819 1023 62 40 tas
855 1023 80 40 patet
908 1023 71 40 quia
952 1023 80 40 talis
1006 1023 107 40 qualibet
1086 1023 53 40 de
1112 1023 124 40 praeterito
1210 1023 98 40 videtur
1281 1023 71 40 modo
1325 1023 71 40 esse
1361 1023 71 40 neces-

818 1050 84 36 saria.
876 1050 117 36 Conceditur
968 1050 117 36 communiter
1060 1050 50 36 et
1085 1050 67 36 bene
1127 1050 58 36 quo
1160 1050 117 36 consequens
1252 1050 58 36 est
1286 1050 75 36 verum
1336 1050 58 36 non
1361 1050 75 36 loquen-

815 1081 64 40 do
847 1081 128 40 praecise
943 1081 64 40 de
975 1081 160 40 beatitudine
1103 1081 75 40 pro
1145 1081 85 40 actu
1199 1081 128 40 visionis
1295 1081 75 40 dei
1337 1081 75 40 vel
1369 1081 64 40 frui

821 1109 111 36 tionis
899 1109 78 36 sed
943 1109 155 36 supponendo
1065 1109 89 36 quod
1120 1109 100 36 istud
1187 1109 100 36 nomen
1254 1109 144 36 beatitudo
1353 1109 78 36 conno

818 1136 72 40 tat
859 1136 164 40 certitudinem
992 1136 154 40 eternitatis
1115 1136 113 40 illorum
1197 1136 103 40 actuum
1269 1136 62 40 in
1300 1136 103 40 quibus
1361 1136 72 40 consi

817 1162 83 44 stit
869 1162 156 44 essentialis
993 1162 146 44 beatitudo.
1108 1162 73 44 Set
1149 1162 104 44 contra
1222 1162 104 44 arguit
1295 1162 125 44 sprensis
1378 1162 52 44 sup

820 1194 115 43 ponatur
903 1194 94 43 sicut
966 1194 73 43 est
1008 1194 147 43 verisimile
1123 1194 84 43 quod
1175 1194 84 43 ista
1228 1194 136 43 securitas
1332 1194 73 43 sit
1364 1194 73 43 clara

819 1224 68 39 dei
858 1224 107 39 noticia
936 1224 58 39 in
965 1224 87 39 verbo
1023 1224 58 39 et
1052 1224 78 39 quod
1101 1224 78 39 ipsa
1149 1224 87 39 auget
1208 1224 107 39 gaudium
1285 1224 87 39 beati
1334 1224 97 39 secundum

814 1251 160 41 auctoritates
944 1251 160 41 praeacceptas
1074 1251 140 41 augustinus
1185 1251 70 41 vel
1225 1251 80 41 quod
1275 1251 80 41 ipsa
1325 1251 100 41 causat
1385 1251 50 41 gau

819 1276 78 46 dium
868 1276 108 46 aliquod
946 1276 108 46 spieale
1024 1276 98 46 igitur
1093 1276 108 46 propter
1171 1276 78 46 ista
1220 1276 147 46 securitatem
1327 1276 108 46 gabrielhm

820 1306 87 43 maius
878 1306 107 43 gaudium
956 1306 126 43 intensiue
1053 1306 78 43 quod
1101 1306 107 43 haberet
1179 1306 58 43 si
1208 1306 68 43 non
1247 1306 107 43 haberet
1324 1306 87 43 istam
1373 1306 58 43 secu

819 1335 123 40 ritatem
908 1335 78 40 vel
953 1335 123 40 gaudium
1042 1335 123 40 aliquod
1131 1335 156 40 sunadditum
1254 1335 111 40 gaudio
1321 1335 111 40 essentia

813 1363 75 43 lis
856 1363 170 43 beatitudinis
994 1363 106 43 igitur
1069 1363 64 43 ex
1101 1363 128 43 opposito
1197 1363 64 43 si
1229 1363 117 43 gabriel
1314 1363 75 43 non
1346 1363 85 43 habuit

815 1391 89 42 istam
875 1391 149 42 securitatem
994 1391 119 42 sequitur
1083 1391 79 42 quod
1133 1391 79 42 ipse
1183 1391 70 42 non
1222 1391 99 42 habuit
1292 1391 109 42 gaudium
1361 1391 70 42 illud

811 1422 165 41 demonstrato
943 1422 110 41 gaudio
1020 1422 88 41 quod
1075 1422 88 41 ipse
1129 1422 110 41 habuit
1206 1422 77 41 vel
1250 1422 110 41 saltem
1316 1422 110 41 sequitur

813 1452 83 39 quod
865 1452 73 39 non
906 1452 104 39 habuit
979 1452 115 39 gaudium
1063 1452 63 39 in
1094 1452 83 39 illo
1146 1452 94 39 gradu
1209 1452 115 39 alioqui
1292 1452 104 39 habens
1355 1452 73 39 illam

815 1483 144 35 securitatem
930 1483 57 35 et
959 1483 67 35 non
997 1483 96 35 habens
1064 1483 67 35 eam
1103 1483 105 35 ceteris
1179 1483 105 35 paribus
1256 1483 124 35 equaliter
1351 1483 96 35 omnino

815 1512 131 31 gauderent
916 1512 81 31 quod
966 1512 70 31 est
1006 1512 151 31 impossibile
1127 1512 81 31 quia
1177 1512 81 31 tunc
1228 1512 131 31 securitas
1328 1512 81 31 ista
1379 1512 70 31 non

817 1540 119 34 auxisset
907 1540 109 34 gaudium
986 1540 129 34 gabrielis
1086 1540 100 34 contra
1155 1540 139 34 augustinus
1265 1540 60 34 vt
1295 1540 100 34 prius.
1364 1540 50 34 ⁋
1374 1540 50 34 Hic

816 1566 78 40 pono
865 1566 117 40 imprimis
952 1566 78 40 hanc
1001 1566 156 40 conclusionem
1127 1566 78 40 quod
1176 1566 68 40 non
1215 1566 117 40 sufficit
1302 1566 97 40 dicere
1361 1566 58 40 quod

814 1597 80 32 idem
864 1597 100 32 omnino
934 1597 90 32 actus
994 1597 80 32 sine
1044 1597 80 32 omni
1094 1597 60 32 ad
1124 1597 80 32 dito
1173 1597 70 32 qui
1213 1597 70 32 est
1253 1597 110 32 gaudium
1323 1597 100 32 remissum

818 1621 93 38 potest
883 1621 74 38 esse
929 1621 102 38 gaudium
1004 1621 112 38 intensum
1087 1621 56 38 et
1115 1621 121 38 econuerso
1208 1621 93 38 contra
1273 1621 102 38 quosdam
1348 1621 65 38 qui
1376 1621 46 38 hoc

824 1651 83 41 ponunt
882 1651 50 41 et
906 1651 91 41 propter
972 1651 58 41 hoc
1005 1651 91 41 negatnt
1071 1651 140 41 consequentiam
1187 1651 58 41 iam
1220 1651 83 41 factam
1278 1651 66 41 quia
1319 1651 83 41 dicunt
1368 1651 50 41 quod

815 1680 177 34 demonstrato
957 1680 95 34 toto
1016 1680 118 34 gaudio
1099 1680 154 34 gabrielis
1217 1680 83 34 hec
1264 1680 83 34 est
1300 1680 118 34 necessa-

815 1704 72 44 ria
856 1704 72 44 hec
897 1704 82 44 fuit
948 1704 72 44 vel
989 1704 61 44 a.
1020 1704 82 44 fuit
1071 1704 113 44 ponendo
1153 1704 82 44 quod
1204 1704 61 44 a.
1234 1704 72 44 sit
1275 1704 123 44 proprium
1357 1704 72 44 nomen

810 1733 106 38 illius
885 1733 106 38 gaudim
959 1733 74 38 nec
1001 1733 127 38 sequitur
1097 1733 117 38 gabriel
1182 1733 74 38 non
1224 1733 106 38 habuit
1299 1733 96 38 istam
1352 1733 74 38 secu-

818 1761 98 46 ritatem
889 1761 89 46 igitur
952 1761 53 46 a.
979 1761 62 46 non
1014 1761 80 46 fuit.
1068 1761 62 46 Set
1103 1761 71 46 bene
1148 1761 107 46 sequitur
1228 1761 71 46 quod
1273 1761 53 46 a.
1299 1761 62 46 non
1335 1761 71 46 fuit
1371 1761 62 46 inten

812 1788 75 46 sum
855 1788 64 46 in
887 1788 64 46 b.
919 1788 96 46 gradu
983 1788 107 46 posito
1058 1788 85 46 quod
1111 1788 64 46 b.
1143 1788 75 46 sit
1186 1788 85 46 ille
1239 1788 107 46 gradus
1314 1788 64 46 a.
1336 1788 85 46 gaudum

814 1817 74 38 quem
860 1817 74 38 ipse
906 1817 83 38 habet
962 1817 55 38 et
989 1817 92 38 habuit
1054 1817 55 38 et
1082 1817 120 38 concedunt
1174 1817 74 38 quod
1221 1817 65 38 hec
1258 1817 65 38 est
1295 1817 120 38 contigens
1378 1817 46 38 ga-

810 1844 97 46 briel
875 1844 108 46 habuit
951 1844 65 46 a.
983 1844 119 46 gaudium
1069 1844 65 46 in
1102 1844 65 46 b.
1134 1844 97 46 gradu
1199 1844 97 46 licet
1264 1844 76 46 hec
1307 1844 76 46 sit
1340 1844 86 46 neces-

814 1873 98 44 saria
879 1873 120 44 gabriel
966 1873 109 44 habuit
1042 1873 65 44 a.
1075 1873 130 44 gaudium.
1173 1873 54 44 ⁋
1195 1873 76 44 Set
1238 1873 109 44 contra
1314 1873 98 44 istam
1369 1873 54 44 re-

810 1902 160 44 sponsionem
935 1902 103 44 argui
1004 1902 114 44 potest
1084 1902 103 44 sicut
1153 1902 103 44 argui
1221 1902 114 44 contra
1301 1902 80 44 hoc
1347 1902 69 44 in
1370 1902 57 44 ma-

811 1931 104 44 teria
881 1931 69 44 de
915 1931 162 44 intensione
1043 1931 139 44 formarum
1147 1931 69 44 et
1181 1931 150 44 similiter
1297 1931 81 44 per
1332 1931 92 44 media.

814 1960 48 43 p
834 1960 58 43 q.
863 1960 87 43 huius
921 1960 68 43 di.
959 1960 116 43 praecise
1046 1960 58 43 de
1075 1960 116 43 transitu
1162 1960 48 43 a
1181 1960 174 43 contradictonio
1326 1960 58 43 in
1346 1960 77 43 contra

808 1994 149 31 dictonium.
925 1994 128 31 Probatur
1021 1994 96 31 sicut
1085 1994 106 31 arguit
1159 1994 128 31 syiensis
1255 1994 64 31 si
1287 1994 74 31 hec
1329 1994 74 31 sit
1361 1994 64 31 nunc

814 2016 145 42 contigens
925 2016 122 42 gabriel
1014 2016 111 42 habuit
1092 2016 122 42 gaudium
1181 2016 67 42 in
1215 2016 67 42 b.
1248 2016 100 42 gradu
1315 2016 89 42 tunc
1359 2016 67 42 posi

815 2046 59 44 to
845 2046 78 44 quod
893 2046 107 44 fuisset
971 2046 107 44 aliquis
1049 2046 107 44 angelus
1127 2046 78 44 quae
1176 2046 98 44 nullum
1244 2046 107 44 gaudium
1313 2046 107 44 habuisset

813 2077 84 37 nisi
865 2077 115 37 propter
949 2077 168 37 reuelationem
1085 2077 84 37 quod
1137 2077 105 37 postea
1211 2077 94 37 foret
1273 2077 136 37 habiturus
1368 2077 52 37 gau

812 2101 89 54 dium
867 2101 122 54 eternum
956 2101 66 54 et
989 2101 89 54 quod
1044 2101 66 54 ex
1078 2101 89 54 illa
1133 2101 89 54 sola
1188 2101 166 54 reuelatione
1321 2101 66 54 in
1343 2101 78 54 verbo
