1802 2500
339 234 133 56 haberet
435 234 96 56 iste
496 234 133 56 angelus
592 234 84 56 .c.
640 234 133 56 gaudium
737 234 145 56 sequitur
845 234 96 56 quod
894 234 72 56 nunc

346 282 106 35 esset
417 282 166 35 contingens
547 282 95 35 iste
606 282 130 35 angelus
701 282 118 35 habuit
784 282 142 35 gaudium.
890 282 71 35 c.
914 282 47 35 et

346 308 76 38 hec
390 308 141 38 similiter
498 308 87 38 iste
552 308 119 38 angelus
639 308 109 38 habuit
715 308 119 38 gaudium
802 308 152 38 consequens
911 308 54 38 est

349 335 141 42 impossibile
462 335 56 42 et
490 335 151 42 consequentia
612 335 85 42 patet
669 335 122 42 persmodum
763 335 94 42 illius
819 335 132 42 responsionis

351 364 54 43 ⁋
373 364 76 43 Sed
416 364 76 43 hic
460 364 142 43 respondet
569 364 109 43 quidam
645 364 87 43 quod
700 364 87 43 deus
754 364 76 43 est
798 364 120 43 gaudium
874 364 87 43 illius

354 395 72 45 qui
395 395 92 45 videt
456 395 62 45 in
487 395 92 45 verbo
549 395 103 45 tantum
621 395 62 45 et
652 395 82 45 quod
703 395 82 45 deus
754 395 72 45 est
796 395 72 45 sua
837 395 123 45 cognitio
919 395 41 45 et

348 423 74 37 sua
391 423 117 37 nolitio
476 423 64 37 et
508 423 74 37 sua
550 423 149 37 delectatio
667 423 64 37 et
699 423 85 37 ideo
752 423 106 37 dicunt
827 423 85 37 quod
880 423 74 37 hec
922 423 64 37 in

344 456 88 33 isto
399 456 88 33 casu
454 456 77 33 est
498 456 77 33 nec
542 456 132 33 essaria.
641 456 66 33 c.
673 456 121 33 gaudium
761 456 88 33 fuit
816 456 99 33 sicut
882 456 66 33 et
904 456 55 33 hec

347 479 125 40 gaudium
438 479 91 40 quod
495 479 80 40 est
540 479 91 40 deus
597 479 91 40 fuit
654 479 68 40 et
688 479 102 40 tamen
756 479 80 40 hec
802 479 80 40 est
836 479 125 40 contigens

345 504 91 39 iste
402 504 125 39 angelus
493 504 137 39 gaudebat
595 504 102 39 sicut
663 504 68 39 et
697 504 80 39 hec
743 504 91 39 ista
800 504 148 39 reuelatio
902 504 57 39 fu-

348 534 70 38 it
383 534 105 38 facta
453 534 93 38 isti
512 534 128 38 angelo.
605 534 58 38 ⁋
628 534 82 38 Sed
675 534 93 38 hanc
733 534 93 38 viam
792 534 163 38 reprobati.
908 534 47 38 p-

344 563 83 37 qe.
391 563 106 37 huius
462 563 83 37 di.
509 563 142 37 Probatur
616 563 94 37 tunc
675 563 94 37 pari
734 563 130 37 ratione
828 563 71 37 si
864 563 94 37 deus
911 563 47 37 re

347 594 136 36 uelaret
445 594 123 36 alteri
532 594 123 36 angelo
618 594 136 36 nouiter
717 594 123 36 creato
803 594 74 36 in
841 594 111 36 verbo
902 594 62 36 su-

345 622 79 35 am
384 622 197 35 damnationem
542 622 144 35 futuram
647 622 79 35 ex
686 622 92 35 qua
739 622 197 35 reuelatione
883 622 79 35 iste

348 650 125 36 doleret
439 650 137 36 sequitur
541 650 91 36 pari
598 650 125 36 ratione
689 650 91 36 quod
746 650 91 36 deus
803 650 103 36 esset
860 650 103 36 tristi-

344 676 81 37 cia
391 676 116 37 illius
472 676 116 37 angeli
553 676 70 37 et
588 676 93 37 eius
646 676 128 37 miseria
739 676 93 37 quod
797 676 81 37 non
843 676 104 37 esset
901 676 58 37 con

347 705 130 35 cedendum
445 705 65 35 ab
477 705 108 35 aliquo
553 705 152 35 Christiano
672 705 108 35 igitur
748 705 87 35 etc.
802 705 87 35 Item
856 705 97 35 istam
910 705 54 35 re-

345 736 126 34 sponsio
436 736 80 34 non
482 736 114 34 soluit
562 736 160 34 argumentum
688 736 69 34 de
722 736 114 34 sudore
802 736 126 34 Christi
893 736 69 34 et
916 736 46 34 de

340 764 132 32 dolore.
436 764 96 32 Item
496 764 96 32 stat
557 764 181 32 difficultas
701 764 132 32 similis
797 764 72 32 de
834 764 120 32 factis
906 764 60 32 ga-

347 789 126 37 brielis
438 789 160 37 existentis
564 789 103 37 circa
632 789 206 37 denunciationem
792 789 172 37 incarnationis

348 815 85 43 Item
402 815 117 43 ponatur
487 815 85 43 quod
540 815 64 43 ex
572 815 106 43 aliqua
646 815 85 43 tali
699 815 159 43 reuelatione
827 815 117 43 propter
901 815 64 43 dolo

339 843 72 46 rem
380 843 72 46 vel
421 843 176 46 delectationem
566 843 134 46 sequentem
669 843 62 46 et
700 843 72 46 non
742 843 83 46 alia
793 843 62 46 de
824 843 93 46 causa
876 843 93 46 aliquis

345 876 152 36 occidisset
465 876 65 36 se
497 876 76 36 vel
541 876 98 36 alium
606 876 76 36 vel
650 876 185 36 construxisset
802 876 109 36 castra
878 876 76 36 vel
911 876 54 36 ci-

347 901 103 35 uitates
422 901 85 35 anede
478 901 103 35 euentum
553 901 94 35 istius
619 901 113 35 reuelati
704 901 75 35 tunc
751 901 113 35 sequitur
835 901 75 35 quod
882 901 75 35 iste
920 901 47 35 pos

346 928 71 44 set
386 928 71 44 non
427 928 101 44 fuisse
497 928 111 44 occisus
578 928 61 44 et
608 928 81 44 ista
659 928 101 44 castra
729 928 111 44 possent
810 928 71 44 non
850 928 101 44 fuisse
911 928 50 44 fa-

344 961 69 33 cta
383 961 78 33 quia
432 961 98 33 potest
501 961 78 33 esse
550 961 78 33 quod
599 961 78 33 iste
648 961 166 33 nullungaudium
785 961 69 33 vel
824 961 108 33 dolonem
892 961 69 33 habu-

346 987 56 37 it
374 987 94 37 igitur
440 987 66 37 non
477 987 113 37 euaditur
562 987 150 37 difficultas.
684 987 56 37 Et
712 987 56 37 si
740 987 103 37 ponatur
816 987 85 37 omnis
872 987 85 37 actus
928 987 56 37 in

344 1015 110 36 terior
421 1015 88 36 esse
476 1015 88 36 deus
531 1015 110 36 igitur
608 1015 88 36 ista
664 1015 121 36 positio
752 1015 77 36 tam
796 1015 77 36 est
840 1015 99 36 falsa
895 1015 66 36 quam

341 1050 193 32 impertinens.
497 1050 60 32 ⁋
522 1050 120 32 Tertio
606 1050 120 32 arguit
690 1050 144 32 sprensis
798 1050 120 32 contra
871 1050 96 32 predi-

347 1069 76 40 ctam
395 1069 153 40 responsionem
519 1069 76 40 quae
567 1069 86 40 dicit
624 1069 76 40 quod
672 1069 67 40 hec
710 1069 67 40 est
748 1069 76 40 nunc
795 1069 76 40 cont
843 1069 95 40 ingens
900 1069 67 40 gabri

344 1101 71 37 el
380 1101 129 37 habuit.
474 1101 141 37 agaudium
579 1101 71 37 in
615 1101 71 37 b.
650 1101 106 37 gradu
720 1101 94 37 quia
779 1101 165 37 supponatur
897 1101 71 37 quod

345 1134 126 30 quando
434 1134 139 30 gabriel
534 1134 126 30 habuit
623 1134 76 30 a.
661 1134 139 30 gaudium
761 1134 76 30 in
799 1134 76 30 b.
837 1134 113 30 gradu
900 1134 63 30 sic

341 1162 107 30 nunc
407 1162 120 30 habet
488 1162 80 30 et
528 1162 134 30 semper
621 1162 134 30 habuit
715 1162 107 30 post
782 1162 107 30 suam
835 1162 134 30 confirma

349 1187 110 32 tionem
426 1187 88 32 quod
481 1187 88 32 deus
537 1187 155 32 preceperit
658 1187 88 32 sibi
713 1187 88 32 quod
768 1187 177 32 delectaretur
912 1187 77 32 in.

347 1213 70 35 b.
382 1213 105 35 gradu
453 1213 94 35 tunc
511 1213 82 35 sic
558 1213 70 35 si
593 1213 82 35 hec
640 1213 82 35 est
687 1213 164 35 contingens
816 1213 129 35 gabriel
898 1213 70 35 habu

338 1244 76 35 it
376 1244 139 35 gaudium
478 1244 76 35 in
515 1244 76 35 b.
553 1244 114 35 gradu
629 1244 127 35 ititur
718 1244 76 35 et
756 1244 89 35 sua
794 1244 177 35 contradicto-

344 1269 72 40 ria
385 1269 72 40 est
426 1269 145 40 contingens
540 1269 83 40 hec.
591 1269 124 40 scilicet
684 1269 114 40 gabriel
767 1269 72 40 non
808 1269 103 40 habuit
870 1269 93 40 gaudium

345 1298 72 35 in
381 1298 72 35 b.
417 1298 108 35 gradu
489 1298 120 35 igitur
574 1298 72 35 et
610 1298 84 35 hec
658 1298 96 35 erit
718 1298 169 35 contingens
851 1298 96 35 isto
899 1298 72 35 casu

345 1324 107 41 stante
420 1324 118 41 gabriel
506 1324 107 41 peccat
580 1324 150 41 mortaliter
698 1324 150 41 consequens
815 1324 75 41 est
847 1324 118 41 inconveni

346 1354 75 33 ens
389 1354 86 33 dato
443 1354 86 33 quod
496 1354 118 33 nunquam
582 1354 96 33 aliud
646 1354 118 33 fecerit
732 1354 75 33 nec
774 1354 107 33 faciet
849 1354 86 33 nisi
903 1354 86 33 quod

347 1387 144 33 positum
451 1387 105 33 est.
517 1387 157 33 Probatur
634 1387 91 33 non
687 1387 118 33 magis
765 1387 131 33 pendet
843 1387 118 33 delecta

352 1412 81 31 tio
399 1412 81 31 quo
445 1412 70 31 ad
480 1412 116 31 gradum
561 1412 104 31 suuma
631 1412 116 31 futuro
712 1412 93 31 quam
770 1412 128 31 pendeat
863 1412 58 31 a
874 1412 93 31 futuro

346 1433 148 42 secundum
457 1433 99 42 suam
519 1433 161 42 essentiam
642 1433 99 42 quia
704 1433 87 42 tam
754 1433 198 42 determinatus
902 1433 62 42 est

347 1464 101 39 gradus
417 1464 81 39 eius
468 1464 81 39 quam
518 1464 151 39 determinata
639 1464 70 39 est
679 1464 121 39 essentia
770 1464 81 39 eius
820 1464 101 39 igitur
891 1464 70 39 si.
921 1464 40 39 a.

349 1495 140 33 delectatio
459 1495 70 33 non
499 1495 100 33 potest
570 1495 70 33 non
610 1495 100 33 fuisse
680 1495 120 33 sequitur
770 1495 80 33 quod
821 1495 60 33 a.
841 1495 120 33 delectatio

355 1523 70 34 non
395 1523 99 34 potest
464 1523 70 34 non
504 1523 99 34 fuisse
574 1523 60 34 in
603 1523 79 34 isto
653 1523 89 34 gradu
713 1523 60 34 in
743 1523 70 34 quo
782 1523 119 34 secundum
862 1523 109 34 veritatem

348 1549 99 40 fuit.
414 1549 55 40 ⁋
436 1549 121 40 Secundo
524 1549 88 40 mihi
579 1549 121 40 videtur
668 1549 88 40 quod
723 1549 77 40 non
767 1549 132 40 sufficit
866 1549 66 40 ad
888 1549 77 40 diffi

354 1579 130 39 cultatem
452 1579 141 39 soluendam
560 1579 109 39 dicere
636 1579 76 39 cum
680 1579 119 39 syrensi
767 1579 65 39 in
799 1579 76 39 sua
843 1579 119 39 lectura
919 1579 43 39 l-

358 1609 170 37 contradixerit
498 1609 60 37 in
528 1609 140 37 quaestione
638 1609 110 37 biblica
719 1609 80 37 quod
769 1609 80 37 iste
819 1609 80 37 idem
859 1609 110 37 conceptus

347 1639 122 32 creatus
436 1639 67 32 in
469 1639 100 32 beato
535 1639 78 32 qui
580 1639 78 32 est
624 1639 67 32 et
657 1639 111 32 fuerit
735 1639 111 32 firmum
813 1639 133 32 iudicium
901 1639 67 32 quod

356 1670 81 32 sua
403 1670 174 32 essentialis
542 1670 151 32 beatitudo
658 1670 197 32 perpetuabitur
821 1670 116 32 potest
891 1670 81 32 adhuc

351 1695 139 35 nunquam
453 1695 127 35 fuisse
541 1695 101 35 tale
605 1695 165 35 iudicium.
731 1695 63 35 ⁋
757 1695 89 35 Pro
807 1695 89 35 quo
845 1695 127 35 notandum

357 1726 78 33 est
402 1726 134 33 secundum
502 1726 78 33 eum
547 1726 89 33 quod
603 1726 145 33 reuelatio
714 1726 67 33 in
748 1726 101 33 verbo
815 1726 78 33 est
859 1726 89 33 vnus
904 1726 67 33 sim-

352 1754 99 39 plex
414 1754 161 39 conceptus
537 1754 198 39 representans
698 1754 161 39 essentiam
822 1754 136 39 diuinam
909 1754 62 39 qua

359 1778 103 36 clare
427 1778 149 36 apparante
541 1778 137 36 apparent
644 1778 103 36 clare
713 1778 91 36 isti
770 1778 114 36 futura
838 1778 126 36 contingen

356 1808 85 37 tia
404 1808 73 37 in
441 1808 85 37 ipa
489 1808 85 37 que
537 1808 121 37 futura
622 1808 97 37 ipsa
683 1808 97 37 vult
743 1808 97 37 illi
792 1808 182 37 comprehensori

354 1837 134 31 ostendere
457 1837 62 31 et
488 1837 82 31 quod
539 1837 82 31 ille
591 1837 82 31 vnus
642 1837 134 31 conceptus
745 1837 134 31 complexus
848 1837 72 31 est
879 1837 93 31 securi-

353 1860 74 41 tas
396 1860 64 41 et
428 1860 138 41 certitudo
534 1860 106 41 illius
609 1860 191 41 comprehensoris
768 1860 128 41 respectu
864 1860 106 41 omnium
927 1860 43 41 fu

357 1896 118 32 turorum
443 1896 75 32 que
486 1896 129 32 apparent
583 1896 86 32 sibi
636 1896 64 32 in
669 1896 86 32 ista
722 1896 129 32 essentia
819 1896 64 32 et
851 1896 86 32 ista
894 1896 75 32 cogni

357 1926 80 33 tio
402 1926 91 33 siue
459 1926 103 33 visio
528 1926 126 33 simplex
619 1926 80 33 est
665 1926 148 33 securitas
779 1926 68 33 de
813 1926 160 33 eternitate
927 1926 46 33 be

349 1945 161 40 atitudinis
476 1945 173 40 includentis
615 1945 104 40 ipsam
684 1945 69 40 et
718 1945 173 40 dilectionem
845 1945 127 40 fruitiuam

356 1979 67 34 et
389 1979 191 34 delectationem
547 1979 157 34 sequentem.
671 1979 90 34 Ideo
727 1979 79 34 hec
772 1979 79 34 est
817 1979 146 34 contigens
918 1979 56 34 hec

354 2006 80 34 est
399 2006 149 34 beatitudo
514 2006 92 34 fuit
572 2006 126 34 proprie
664 2006 138 34 loquendo
767 2006 69 34 de
802 2006 172 34 beatitudine
928 2006 46 34 et

358 2039 115 29 quuista
441 2039 126 29 cognitio
536 2039 73 29 seu
578 2039 94 29 visio
641 2039 84 29 quae
693 2039 73 29 est
735 2039 136 29 securitas
840 2039 63 29 de
861 2039 105 29 eternita

353 2062 63 37 te
385 2062 169 37 beatitudinis
522 2062 105 37 potest
596 2062 74 37 non
638 2062 84 37 esse
691 2062 137 37 securitas
796 2062 84 37 quia
849 2062 105 37 potest
912 2062 53 37 fi-

357 2092 64 47 ri
389 2092 64 47 si
422 2092 86 47 deus
475 2092 128 47 noluerit
571 2092 86 47 quod
625 2092 128 47 essentia
721 2092 118 47 nunquam
796 2092 182 47 representauerit

980 236 92 50 istam
1041 236 163 50 beatitudinem
1173 236 81 50 fore
1224 236 112 50 eternam
1305 236 81 50 quia
1356 236 102 50 potest
1427 236 102 50 facere
1498 236 81 50 quod
1539 236 61 50 ipsa

980 276 107 34 desinat
1058 276 98 34 igitur
1127 276 98 34 potest
1195 276 78 34 esse
1244 276 78 34 quod
1293 276 117 34 essentia
1380 276 98 34 diuina
1449 276 107 34 nunquam
1517 276 78 34 repre-

986 305 111 33 sentabit
1069 305 83 33 illam
1125 305 74 33 fore
1171 305 102 33 eternam
1245 305 56 33 et
1273 305 65 33 per
1310 305 130 33 consequens
1412 305 74 33 quod
1458 305 74 33 illa
1504 305 83 33 visio
1551 305 46 33 bea

980 333 115 33 tifica
1061 333 81 33 non
1107 333 115 33 fuerit
1188 333 150 33 securitas
1304 333 69 33 de
1338 333 162 33 eternitate
1465 333 115 33 totius
1534 333 58 33 bea

984 363 114 32 titudinis
1072 363 131 32 includentis
1177 363 70 32 tres
1221 363 79 32 actus
1273 363 123 32 praedictos
1369 363 53 32 et
1396 363 61 32 per
1431 363 123 32 consequens
1527 363 70 32 quod
1562 363 35 32 il

983 391 81 34 lud
1030 391 163 34 aggregatum
1158 391 128 34 nunquam
1251 391 116 34 fuerit
1332 391 151 34 beatitudo
1448 391 105 34 prout
1518 391 70 34 ly
1541 391 58 34 bea

979 418 131 35 titudo
1071 418 157 35 connotat
1188 418 118 35 illud
1267 418 183 35 aggregatum
1411 418 105 35 esse
1463 418 131 35 securita

981 447 88 30 tem
1032 447 126 30 eterne
1120 447 202 30 beatitudinis
1284 447 76 30 et
1322 447 88 30 per
1372 447 101 30 hunc
1435 447 113 30 modum
1498 447 101 30 saluat

988 476 96 34 hanc
1048 476 96 34 esse
1108 476 192 34 contingentem
1264 476 84 34 hec
1311 476 156 34 beatitudo
1431 476 96 34 fuit
1491 476 72 34 et
1515 476 84 34 tamen

980 504 95 34 hanc
1039 504 95 34 esse
1098 504 177 34 necessariam
1240 504 83 34 hoc
1288 504 95 34 fuit
1347 504 177 34 demonstrato
1489 504 95 34 isto
1536 504 59 34 aga

981 534 142 33 gregato
1084 534 103 33 quia
1149 534 155 33 secundum
1265 534 90 33 rei
1316 534 168 33 veritatem
1445 534 90 33 est
1497 534 77 33 et
1523 534 77 33 fuit

982 559 91 34 hec
1034 559 168 34 beatitudo
1163 559 116 34 licet
1241 559 220 34 contingenter.
1422 559 65 34 ⁋
1448 559 129 34 Contra
1525 559 78 34 hanc

981 590 197 31 responsionem
1141 590 98 31 fuit
1202 590 123 31 posita
1288 590 160 31 conclusio
1411 590 160 31 antedicta
1522 590 74 31 quam

981 616 106 35 probo
1052 616 95 35 quia
1111 616 106 35 licet
1182 616 130 35 aliquod
1277 616 142 35 iudicium
1383 616 142 35 postquam
1490 616 83 35 non
1525 616 71 35 fuit

988 648 112 32 verum
1062 648 112 32 fieri
1137 648 125 32 possit
1224 648 112 32 verum
1299 648 100 32 sine
1361 648 100 32 omni
1424 648 162 32 mutatione
1536 648 62 32 iu-

979 678 113 31 dicum
1055 678 88 31 vel
1105 678 176 31 iudicantis
1244 678 138 31 propter
1344 678 189 31 variationem
1495 678 63 31 a
1508 678 88 31 parte

987 702 82 33 rei
1034 702 129 33 signate
1128 702 82 33 per
1175 702 176 33 aristotelem
1316 702 70 33 in
1351 702 200 33 predicamentis
1516 702 70 33 et
1539 702 59 33 hoc

981 731 113 32 etiam
1057 731 113 32 docet
1132 731 188 32 experientia
1282 731 88 32 tum
1332 731 100 32 quia
1394 731 125 32 absque
1482 731 125 32 aliqua
1557 731 50 32 ta

987 758 72 30 li
1023 758 157 30 mutatione
1143 758 84 30 vel
1192 758 144 30 nouitate
1300 758 72 30 in
1336 758 72 30 re
1372 758 84 30 vel
1420 758 157 30 iudicante
1529 758 72 30 crea

982 787 89 31 tura
1038 787 78 31 hoc
1082 787 100 31 fieri
1149 787 145 31 diceretur
1260 787 89 31 pari
1316 787 122 31 ratione
1405 787 122 31 dicerem
1494 787 89 31 quod
1538 787 67 31 pri-

986 817 112 31 usquam
1064 817 123 31 nunquam
1153 817 112 31 habens
1232 817 145 31 albedinem
1343 817 112 31 fieret
1421 817 101 31 albus
1488 817 89 31 fine
1533 817 67 31 noui

984 845 98 30 tate
1045 845 159 30 albedinis
1168 845 74 30 et
1204 845 98 30 fine
1266 845 147 30 nouitate
1376 845 172 30 inherentie
1499 845 110 30 albedis

984 869 173 36 praexistentis.
1128 869 77 36 Item
1176 869 96 36 obuiat
1244 869 86 36 illud
1301 869 106 36 commune
1378 869 134 36 principium
1484 869 58 36 de
1503 869 96 36 transitu

992 903 48 31 a
1012 903 174 31 contradictorio
1157 903 58 31 in
1186 903 184 31 contradictorium
1341 903 78 31 quae
1390 903 87 31 fieri
1448 903 68 31 non
1487 903 97 31 potest
1545 903 58 31 sine

988 930 99 31 aliqua
1057 930 69 31 sex
1097 930 99 31 casrum
1166 930 89 31 alibi
1226 930 149 31 expressarum
1345 930 119 31 scilicet
1434 930 158 31 productionis
1552 930 50 31 de-

981 955 172 34 structionis
1118 955 103 34 motus
1187 955 126 34 localis
1278 955 80 34 aut
1324 955 137 34 temponis
1427 955 126 34 propter
1507 955 92 34 causam

985 984 117 31 finalem
1070 984 64 31 et
1102 984 159 31 efficientem
1230 984 74 31 hic
1272 984 96 31 autem
1336 984 74 31 non
1378 984 127 31 occurrit
1474 984 106 31 aliqua
1537 984 64 31 ista

986 1011 85 34 rum
1035 1011 85 34 per
1083 1011 98 34 quam
1144 1011 85 34 hic
1193 1011 122 34 possit
1279 1011 98 34 dari
1340 1011 110 34 ratio
1413 1011 110 34 huius
1474 1011 134 34 transitus

991 1041 147 32 Probatur
1101 1041 74 32 si
1138 1041 86 32 sic
1187 1041 86 32 hoc
1236 1041 111 32 esset
1310 1041 160 32 potissime
1433 1041 86 32 per
1482 1041 98 32 viam
1531 1041 74 32 quam

986 1068 112 31 tangit
1064 1068 79 31 iam
1109 1068 112 31 posita
1188 1068 146 31 responsio
1300 1068 135 31 syrensis
1401 1068 90 31 quia
1457 1068 146 31 videlicet
1558 1068 45 31 es

986 1098 109 28 sentia
1062 1098 109 28 diuina
1139 1098 87 28 sibi
1193 1098 163 28 representat
1324 1098 174 28 contingenter
1465 1098 87 28 quod
1520 1098 65 28 a.
1542 1098 65 28 erit

992 1126 79 33 vel
1037 1126 112 33 simile
1115 1126 123 33 futurum
1205 1126 79 33 sed
1250 1126 79 33 hoc
1295 1126 79 33 non
1340 1126 135 33 sufficit
1441 1126 90 33 quia
1497 1126 101 33 anima
1553 1126 56 33 vel

984 1155 129 30 angelus
1078 1155 82 30 non
1125 1155 117 30 potest
1207 1155 164 30 cognoscere
1336 1155 70 30 a.
1371 1155 94 30 fore
1429 1155 164 30 formaliter
1546 1155 59 30 per

992 1183 149 29 cognitionem
1111 1183 80 29 quae
1161 1183 80 29 deus
1211 1183 70 29 est
1251 1183 70 29 sed
1291 1183 70 29 per
1330 1183 119 29 noticiam
1420 1183 109 29 creatam
1500 1183 100 29 potest
1559 1183 50 29 iu-

988 1211 105 33 dicari
1061 1211 84 33 nisi
1114 1211 84 33 quod
1166 1211 63 33 de
1198 1211 95 33 facto
1261 1211 74 33 per
1303 1211 74 33 eam
1345 1211 137 33 iudicatur
1450 1211 147 33 quandiuipa
1555 1211 53 33 ma-

986 1241 100 34 net.
1048 1241 150 34 Probatur
1160 1241 100 34 ista
1222 1241 112 34 ratio
1297 1241 175 34 necessitat
1434 1241 75 34 ad
1472 1241 112 34 fugam
1547 1241 87 34 non

984 1268 177 34 intelligibilem
1132 1268 118 34 scilicet
1220 1268 79 34 quod
1269 1268 108 34 gabriel
1348 1268 108 34 propter
1426 1268 88 34 istam
1475 1268 128 34 securitatem

991 1294 132 36 haberet
1087 1294 156 36 intensius
1207 1294 132 36 gaudium
1303 1294 96 36 quam
1362 1294 132 36 baberet
1458 1294 72 36 si
1494 1294 84 36 non
1530 1294 72 36 asse

985 1325 149 32 curaretur
1099 1325 69 32 et
1134 1325 103 32 tamen
1203 1325 80 32 pro
1249 1325 126 32 ceteris
1341 1325 126 32 paribus
1433 1325 126 32 haberet
1513 1325 92 32 semper

986 1351 109 33 illud
1059 1351 133 33 gaudium
1155 1351 73 33 et
1192 1351 73 33 in
1228 1351 109 33 eodem
1301 1351 109 33 gradu
1373 1351 109 33 etiam
1446 1351 73 33 si
1482 1351 85 33 non
1518 1351 85 33 habe-

990 1376 72 36 ret
1031 1376 83 36 hanc
1083 1376 165 36 securitatem.
1217 1376 52 36 ⁋
1238 1376 93 36 Tamen
1300 1376 124 36 sprensis
1392 1376 145 36 respondens
1506 1376 62 36 ad
1527 1376 72 36 aucto

991 1407 101 32 ritatem
1064 1407 128 32 augustinus
1165 1407 73 32 quae
1211 1407 83 32 dicit
1266 1407 73 32 quod
1312 1407 119 32 securitas
1403 1407 64 32 est
1440 1407 101 32 optimum
1513 1407 55 32 in
1532 1407 73 32 beati-

989 1436 110 32 tudine
1066 1436 132 32 concedit
1164 1436 88 32 quod
1219 1436 143 32 securitas
1329 1436 77 32 est
1373 1436 110 32 optima
1450 1436 88 32 pars
1493 1436 110 32 beatitu-

987 1464 93 35 dinis
1049 1464 93 35 inter
1111 1464 155 35 cognitiones
1235 1464 83 35 quod
1287 1464 93 35 tamen
1349 1464 73 35 est
1391 1464 104 35 falsum
1463 1464 73 35 cum
1494 1464 104 35 cognitis

995 1491 70 34 sit
1035 1491 90 34 multo
1095 1491 141 34 perfectior
1206 1491 80 34 quia
1256 1491 70 34 est
1296 1491 60 34 in
1327 1491 131 34 infinitum
1427 1491 121 34 melioris
1508 1491 90 34 obiecti

992 1520 67 32 et
1025 1520 112 32 postea
1104 1520 101 32 dicit
1171 1520 89 32 quod
1227 1520 123 32 gabriel
1316 1520 123 32 propter
1406 1520 101 32 istam
1462 1520 145 32 securitatem

993 1549 125 36 quando
1081 1549 125 36 fuerit
1169 1549 188 36 confirmatus
1319 1549 113 36 maius
1394 1549 150 36 habuerit
1494 1549 113 36 gaudium

996 1577 82 33 quam
1047 1577 61 33 si
1077 1577 71 33 non
1118 1577 112 33 haberet
1200 1577 153 33 securitatem
1322 1577 82 33 hanc
1373 1577 61 33 et
1404 1577 92 33 notat
1465 1577 102 33 connam
1526 1577 82 33 igitur

997 1606 68 32 si
1031 1606 125 32 gabriel
1122 1606 80 32 non
1167 1606 114 32 habuit
1247 1606 91 32 hanc
1304 1606 171 32 securitatem
1441 1606 80 32 non
1486 1606 114 32 habuit
1554 1606 46 32 il

993 1631 61 36 lud
1028 1631 96 36 gaudium
1098 1631 70 36 quia
1142 1631 123 36 antecedens
1239 1631 61 36 est
1274 1631 123 36 contingens
1370 1631 53 36 et
1396 1631 123 36 consequens
1484 1631 114 36 impossibile

989 1666 121 32 gaudium
1077 1666 88 32 enim
1132 1666 99 32 illud
1197 1666 77 32 est
1241 1666 77 32 vna
1285 1666 110 32 passio
1362 1666 99 32 facta
1428 1666 66 32 in
1460 1666 143 32 voluntate
1559 1666 44 32 et

995 1692 78 33 ideo
1044 1692 146 33 impossibile
1161 1692 68 33 est
1200 1692 88 33 illud
1258 1692 68 33 non
1297 1692 97 33 fuisse
1365 1692 68 33 nec
1404 1692 97 33 potest
1472 1692 97 33 fuisse
1531 1692 68 33 minus

989 1721 123 36 gaudium
1079 1721 90 36 quam
1135 1721 67 36 in
1168 1721 67 36 b.
1202 1721 112 36 gradu.
1281 1721 56 36 ⁋
1303 1721 67 36 Et
1337 1721 90 36 ideo
1393 1721 135 36 concedit
1494 1721 90 36 quod
1539 1721 67 36 tunc

993 1750 97 34 esset
1058 1750 140 34 possibile
1166 1750 86 34 quod
1220 1750 108 34 habens
1296 1750 162 34 securitatem
1425 1750 97 34 istam
1490 1750 65 34 et
1523 1750 76 34 non
1555 1750 54 34 ha-

991 1775 99 35 bens
1052 1775 111 35 istam
1126 1775 136 35 ceteris
1225 1775 136 35 paribus
1323 1775 148 35 haberent
1434 1775 123 35 equale
1508 1775 99 35 gaudi-

996 1803 62 34 um
1027 1803 62 34 et
1058 1803 73 34 hoc
1100 1803 62 34 in
1131 1803 83 34 tali
1183 1803 83 34 casu
1235 1803 73 34 vbi
1276 1803 114 34 gaudium
1359 1803 135 34 huiusmodi
1463 1803 125 34 prouenit
1557 1803 52 34 a
1567 1803 42 34 co

996 1836 104 36 gnitione
1075 1836 52 36 in
1101 1836 78 36 verbo
1153 1836 61 36 sed
1188 1836 122 36 augustinus
1283 1836 104 36 loquitur
1362 1836 96 36 secudum
1431 1836 87 36 cursum
1492 1836 87 36 nature
1553 1836 70 36 quod

992 1867 156 30 securitas
1112 1867 120 30 addita
1196 1867 108 30 addit
1268 1867 132 30 gaudium
1363 1867 84 30 sed
1411 1867 84 30 hoc
1459 1867 84 30 non
1495 1867 108 30 obstan-

993 1888 64 36 te
1025 1888 85 36 deus
1079 1888 107 36 potest
1154 1888 107 36 facere
1228 1888 85 36 nunc
1282 1888 85 36 quod
1335 1888 117 36 gaudium
1420 1888 75 36 non
1463 1888 107 36 habuit
1527 1888 75 36 secu-

998 1922 107 31 ritatem
1076 1922 136 31 praedictam
1182 1922 58 31 et
1212 1922 87 31 tamen
1270 1922 145 31 necessarium
1386 1922 68 31 est
1425 1922 78 31 quod
1473 1922 97 31 habuit
1531 1922 78 31 tantum

994 1946 127 35 gaudium
1087 1946 104 35 sicut
1156 1946 139 35 raphael:
1261 1946 104 35 alius
1330 1946 127 35 angelus
1422 1946 81 35 sit
1469 1946 127 35 raphael
1550 1946 46 35 ce

991 1976 93 33 teris
1052 1976 113 33 omnibus
1135 1976 113 33 paribus
1217 1976 103 33 habens
1289 1976 154 33 securitatem
1413 1976 62 33 de
1444 1976 144 33 eternitate
1547 1976 51 33 sue

998 2002 157 34 beatitudinis
1126 2002 98 34 igitur
1195 2002 98 34 inquit
1264 2002 69 34 hec
1303 2002 138 34 copulatiua
1411 2002 69 34 est
1451 2002 79 34 nunc
1490 2002 108 34 contigens

994 2027 115 45 gabriel
1077 2027 94 45 hunit
1140 2027 104 45 equale
1213 2027 115 45 gaudium
1297 2027 73 45 cum
1338 2027 125 45 raphaele
1432 2027 63 45 et
1464 2027 73 45 ga.
1506 2027 73 45 non
1537 2027 73 45 hunit

996 2062 138 33 securitatem
1106 2062 55 33 et
1134 2062 110 33 sequitur
1217 2062 74 33 quod
1263 2062 55 33 si
1290 2062 110 33 adherent
1373 2062 110 33 gabrieli
1456 2062 120 33 certitudo
1548 2062 74 33 quod

989 2094 87 44 plus
1043 2094 76 44 non
1087 2094 130 44 gauderet
1184 2094 87 44 quam
1238 2094 119 44 raphael
1325 2094 87 44 quia
1379 2094 119 44 fuerant
1465 2094 87 44 tunc
1509 2094 97 44 equales
