1797 2500
341 221 72 42 de
377 221 120 42 futuro
461 221 84 42 non
509 221 120 42 valet.
593 221 60 42 ⁋
617 221 120 42 Contra
700 221 132 42 ponatur
796 221 96 42 quod
844 221 108 42 aliquis

341 262 108 34 voueat
417 262 86 34 quod
471 262 119 34 nunquam
557 262 108 34 perdat
633 262 194 34 perseuerantiam
795 262 65 34 in
817 262 140 34 virginitate

346 289 84 36 vel
394 289 179 36 inreligione
537 289 119 36 deinde
621 289 107 36 semel
692 289 131 36 labatur
788 289 72 36 in
812 289 143 36 fornicatio

341 317 88 35 nem
391 317 88 35 vel
441 317 75 35 in
478 317 175 35 apostasiam
616 317 113 35 quero
691 317 75 35 an
728 317 125 35 perdit
803 317 150 35 perseueram

349 346 98 39 tiam
410 346 98 39 quam
471 346 146 39 promisit
581 346 85 39 vel
629 346 85 39 non
678 346 73 39 si
715 346 85 39 sic
764 346 134 39 habetur
849 346 110 39 proposi

342 374 82 35 tum
389 374 70 35 si
424 374 82 35 non
471 374 94 35 tunc
530 374 105 35 talis
600 374 82 35 non
647 374 152 35 fregisset
764 374 105 35 votum
834 374 94 35 suum
881 374 70 35 quod

345 405 91 32 est
397 405 156 32 absurdum
514 405 156 32 probatur
631 405 104 32 pari
696 405 143 32 ratione
800 405 104 32 deus
865 405 91 32 non
904 405 52 32 po

346 430 96 36 test
406 430 144 36 reuelare
514 430 132 36 aliquid
610 430 96 36 fore
671 430 96 36 quod
731 430 84 36 non
779 430 108 36 erit.
851 430 60 36 ⁋
875 430 72 36 Ad
899 430 60 36 pri

337 457 82 35 mum
384 457 140 35 dicendum
489 457 82 35 est
535 457 93 35 quod
594 457 70 35 si
629 457 105 35 talis
699 457 70 35 in
734 457 128 35 vouendo
815 457 140 35 intenderet

340 489 124 30 tantum
426 489 124 30 facere
513 489 111 30 votum
587 489 111 30 sicut
662 489 173 30 pretendunt
798 489 111 30 verba
872 489 74 30 ad
897 489 62 30 vim

340 511 150 39 sermonis
453 511 113 39 talis
528 511 88 39 nec
578 511 163 39 frangeret
704 511 113 39 votum
779 511 100 39 suum
841 511 88 39 nec
879 511 75 39 fram

340 549 96 31 gere
400 549 120 31 pesset
484 549 84 31 nec
532 549 108 31 esset
604 549 108 31 votum
677 549 156 31 rationale
797 549 84 31 sed
833 549 120 31 derisori

341 571 74 34 um
378 571 74 34 si
415 571 111 34 autem
489 571 136 34 taliter
588 571 136 34 obliget
687 571 74 34 se
724 571 74 34 ad
761 571 124 34 semper
836 571 111 34 continu

339 600 119 34 andum
418 600 79 34 et
458 600 79 34 ad
498 600 225 34 perambulandum
683 600 79 34 in
723 600 172 34 religione
855 600 93 34 per
895 600 66 34 to-

340 627 92 33 tam
392 627 118 33 vitam
471 627 105 33 suam
537 627 105 33 tunc
602 627 92 33 per
655 627 105 33 vnum
721 627 131 33 lapsum
799 627 158 33 contrarium

341 656 177 33 frangeret
478 656 123 33 votum
560 656 123 33 suum.
641 656 68 33 ⁋
669 656 82 33 Ad
710 656 164 33 secundum
819 656 136 33 concedi-

340 684 83 34 tur
387 684 130 34 illatum
482 684 71 34 in
518 684 106 34 sensu
588 684 166 34 composito.
719 684 59 34 ⁋
742 684 118 34 Aliter
825 684 118 34 igitur
896 684 59 34 est

339 716 144 31 dicendum
447 716 72 31 ad
483 716 205 31 difficultatem
652 716 181 31 principalem
796 716 108 31 sicut
869 716 72 31 in
893 716 60 31 pri

339 744 103 32 cipio
407 744 92 32 quod
465 744 80 32 hec
510 744 80 32 non
556 744 80 32 est
602 744 92 32 modo
659 744 160 32 necessaria
785 744 80 32 sed
820 744 137 32 contingens

338 772 128 33 gabriel
432 772 117 33 beatus
513 772 93 33 fuit
571 772 70 33 et
606 772 82 33 hec
653 772 152 33 similiter
770 772 93 33 ista
828 772 152 33 beatitudo

338 799 116 32 fuit.
416 799 65 32 ⁋
442 799 78 32 Et
480 799 78 32 ad
519 799 181 32 argumentum
661 799 78 32 in
700 799 181 32 contrarium
843 799 91 32 cum
881 799 65 32 sui

343 824 118 40 ponitur
429 824 97 40 primo
494 824 86 40 quod
548 824 86 40 ista
602 824 140 40 securitas
709 824 75 40 non
752 824 75 40 sit
795 824 97 40 aliud
860 824 86 40 quam
903 824 54 40 cla

342 855 64 35 ra
374 855 118 35 noticia
460 855 64 35 in
492 855 96 35 verbo
557 855 129 35 dicendum
653 855 75 35 est
696 855 86 35 quod
749 855 139 35 possibile
857 855 75 35 est
889 855 64 35 quod

346 882 88 35 ista
401 882 143 35 securitas
512 882 77 35 sit
556 882 121 35 noticia
644 882 77 35 non
688 882 66 35 in
721 882 99 35 verbo
787 882 99 35 etiam
843 882 110 35 possibi-

341 910 69 34 le
375 910 81 34 est
421 910 92 34 quod
479 910 81 34 sit
525 910 127 34 noticia
617 910 69 34 in
651 910 104 34 verbo
720 910 81 34 non
766 910 104 34 autem
835 910 81 34 per
870 910 81 34 modun

341 942 111 33 prius
414 942 172 33 improbatum
550 942 160 33 videlicet
672 942 98 33 quod
734 942 111 33 eadem
808 942 135 33 simplex
894 942 61 33 vi-

346 969 75 34 sio
389 969 96 34 verbi
453 969 85 34 nunc
506 969 75 34 sit
549 969 117 34 noticia
634 969 85 34 quod
687 969 117 34 aliquid
772 969 85 34 erit
825 969 64 34 et
857 969 85 34 nunc
900 969 53 34 non

339 998 84 32 vel
387 998 96 32 quod
447 998 107 32 eadem
518 998 131 32 noticia
614 998 119 32 manens
697 998 119 32 possit
781 998 96 32 esse
829 998 119 32 iudiciun

338 1025 79 35 quod
388 1025 59 35 a.
417 1025 79 35 erit
467 1025 59 35 et
497 1025 69 35 non
536 1025 79 35 esse
586 1025 119 35 iudicium
675 1025 79 35 quod
724 1025 59 35 a.
754 1025 79 35 erit
803 1025 129 35 securitas
893 1025 59 35 igit

339 1056 90 30 tur
390 1056 90 30 aut
442 1056 90 30 est
493 1056 102 30 vnum
557 1056 153 30 iudicium
672 1056 64 30 a
697 1056 90 30 deo
748 1056 115 30 beato
812 1056 141 30 impressum

338 1081 89 32 vel
389 1081 127 32 aliter
478 1081 191 32 mediantibus
631 1081 127 32 signis
721 1081 204 32 exterioribus
874 1081 76 32 modo

338 1110 176 34 communis
470 1110 234 34 reuelationis
660 1110 176 34 causatum
777 1110 176 34 quodquidem

342 1138 138 36 iudicium
445 1138 80 36 non
491 1138 80 36 est
537 1138 103 36 visio
605 1138 103 36 verbi
674 1138 80 36 vel
720 1138 69 36 si
755 1138 126 36 ponatur
846 1138 92 36 quod
892 1138 69 36 iudi

341 1171 96 28 cium
401 1171 155 28 huiusmodi
520 1171 108 28 etiam
592 1171 84 28 sit
640 1171 108 28 visio
712 1171 108 28 verbi
784 1171 96 28 tunc
843 1171 108 28 illud
903 1171 60 28 iu-

339 1195 122 33 dicium
424 1195 98 33 quod
485 1195 110 33 simul
559 1195 86 33 est
608 1195 110 33 huius
681 1195 147 33 iudicium
791 1195 73 33 et
828 1195 110 33 visio
889 1195 61 33 ver

341 1221 71 36 bi
377 1221 83 36 non
424 1221 118 36 potest
507 1221 107 36 alias
578 1221 154 36 solummodo
696 1221 95 36 esse
756 1221 107 36 visio
827 1221 107 36 verbi
886 1221 71 36 pro-

350 1253 97 32 pter
411 1253 97 32 quam
472 1253 122 32 causam
557 1253 146 32 superius
667 1253 122 32 tactum
752 1253 85 32 est
801 1253 73 32 et
837 1253 110 32 illud
910 1253 73 32 iu

344 1285 119 30 dicium
428 1285 83 30 est
475 1285 107 30 firma
547 1285 72 30 et
582 1285 167 30 indubitata
714 1285 167 30 credulitas
833 1285 119 30 eternita

340 1307 79 35 tis
385 1307 157 35 beatitudis
508 1307 79 35 non
553 1307 101 35 autem
621 1307 124 35 euidens
711 1307 124 35 noticia
801 1307 79 35 nec
846 1307 67 35 ob
868 1307 79 35 aliuo

340 1337 128 31 poterit
433 1337 93 31 dici
492 1337 105 31 clara
561 1337 128 31 noticia
655 1337 93 31 nisi
713 1337 93 31 quia
771 1337 105 31 nihil
829 1337 128 31 dubietati

348 1365 88 35 habet
407 1365 118 35 admixtum
495 1365 59 35 et
525 1365 78 35 nisi
574 1365 78 35 quia
623 1365 69 35 est
662 1365 88 35 clara
721 1365 88 35 visio
780 1365 69 35 dei
819 1365 69 35 non
858 1365 88 35 autem
907 1365 49 35 est

339 1393 97 35 clara
404 1393 65 35 et
436 1393 118 35 euidens
522 1393 118 35 adhesio
608 1393 65 35 eo
640 1393 86 35 modo
694 1393 75 35 quo
737 1393 129 35 scientia
834 1393 118 35 proprie
909 1393 43 35 di

349 1423 76 30 cta
392 1423 76 30 vel
436 1423 162 30 intellectus
566 1423 151 30 principior
685 1423 76 30 est
728 1423 119 30 euidens
814 1423 65 30 et
847 1423 97 30 clara
901 1423 54 30 ad-

344 1449 90 34 hesio
404 1449 90 34 istud
465 1449 90 34 autem
525 1449 121 34 iudicium
615 1449 70 34 non
656 1449 101 34 potest
726 1449 80 34 esse
776 1449 90 34 simul
836 1449 60 34 in
857 1449 101 34 potentia

350 1476 71 32 nata
394 1476 106 32 iudicare
474 1476 62 32 per
509 1476 62 32 eam
544 1476 53 32 et
571 1476 62 32 non
606 1476 71 32 esse
650 1476 115 32 huiusmodi
738 1476 106 32 iudicium
818 1476 88 32 potest
880 1476 79 32 tamen
924 1476 35 32 es

342 1506 65 34 se
375 1506 65 34 et
407 1506 76 34 non
450 1506 86 34 esse
504 1506 140 34 reuelatio
612 1506 76 34 vel
655 1506 86 34 esse
709 1506 65 34 et
742 1506 76 34 non
785 1506 86 34 esse
828 1506 119 34 securitas

345 1534 77 31 quia
393 1534 58 31 si
422 1534 67 31 sit
461 1534 125 31 reuelatio
557 1534 67 31 vel
595 1534 125 31 securitas
691 1534 77 31 vera
739 1534 67 31 est
777 1534 106 31 adhesio
854 1534 86 31 tamen
912 1534 58 31 ad

341 1559 77 35 huc
385 1559 77 35 est
429 1559 153 35 contingens
549 1559 77 35 hec
593 1559 120 35 noticia
680 1559 77 35 vel
724 1559 77 35 hoc
768 1559 131 35 iudicium
866 1559 77 35 est
899 1559 55 35 se-

340 1594 131 29 curitas
436 1594 84 29 vel
483 1594 155 29 reuelatio
603 1594 84 29 vel
651 1594 143 29 iudicium
758 1594 119 29 veram.
842 1594 84 29 Sed
877 1594 72 29 gau-

342 1615 95 31 dium
401 1615 83 31 vel
449 1615 118 31 gradus
531 1615 118 31 gaudii
614 1615 83 31 non
661 1615 118 31 exigit
744 1615 154 31 veritatem
862 1615 83 31 sed
898 1615 59 31 suf

340 1645 107 39 ficit
411 1645 142 39 firmitas
518 1645 130 39 iudicui
613 1645 154 39 excludens
732 1645 107 39 omnem
791 1645 166 39 hesitationem

343 1679 66 28 et
376 1679 175 28 dubitationem
518 1679 66 28 et
551 1679 87 28 bene
605 1679 87 28 volo
660 1679 87 28 quod
715 1679 76 28 sic
758 1679 131 28 iudicans
857 1679 98 28 habet
911 1679 44 28 ma

341 1702 78 30 ius
386 1702 168 30 gaudiumquam
520 1702 67 30 si
553 1702 78 30 sic
598 1702 78 30 non
642 1702 145 30 iudicaret
754 1702 78 30 non
799 1702 78 30 quo
843 1702 101 30 magis
899 1702 56 30 gau

345 1731 85 35 deat
399 1731 139 35 beatifice
505 1731 181 35 essentialiter
655 1731 75 35 sed
697 1731 96 35 magis
761 1731 139 35 beatifice
857 1731 96 35 acciden

349 1760 126 32 taliter
440 1760 69 32 et
475 1760 92 32 quia
532 1760 103 32 istud
601 1760 149 32 crementum
715 1760 115 32 gaudum
796 1760 160 32 proueniens
910 1760 46 32 ex

346 1787 172 34 assecuratione
487 1787 71 34 non
528 1787 121 34 prouenit
619 1787 61 34 ex
649 1787 81 34 illa
699 1787 61 34 ex
730 1787 61 34 eo
760 1787 81 34 quod
811 1787 81 34 ipsa
861 1787 71 34 est
891 1787 61 34 secu

341 1815 91 33 ritas
401 1815 70 33 sed
442 1815 70 33 per
482 1815 70 33 hoc
522 1815 81 33 quod
572 1815 81 33 ipsa
623 1815 70 33 est
663 1815 101 33 firmum
734 1815 121 33 iudicium
824 1815 101 33 potest
885 1815 70 33 autem

347 1846 123 30 iudicium
439 1846 92 30 istud
501 1846 82 30 esse
552 1846 134 30 securitas
655 1846 62 30 et
686 1846 103 30 potest
758 1846 72 30 non
799 1846 82 30 esse
840 1846 113 30 securitas

341 1871 57 35 et
369 1871 76 35 ideo
416 1871 85 35 satis
473 1871 66 35 est
511 1871 123 35 possibile
606 1871 76 35 quod
653 1871 95 35 habens
719 1871 142 35 securitatem
833 1871 123 35 huiusmodi
918 1871 38 35 et

340 1896 90 39 non
392 1896 129 39 habens
482 1896 116 39 talem
559 1896 193 39 securitatem
713 1896 141 39 ceteris
816 1896 141 39 paribus
906 1896 51 39 ha

349 1925 90 39 beant
409 1925 100 39 equale
479 1925 110 39 gaudium
558 1925 60 39 et
588 1925 80 39 tunc
638 1925 80 39 ista
688 1925 159 39 consequentia
817 1925 70 39 non
857 1925 90 39 valet
907 1925 50 39 hec

343 1957 82 32 est
390 1957 164 32 contingens
519 1957 106 32 istud
590 1957 129 32 gaudium
683 1957 94 32 fuit
742 1957 82 32 vel
789 1957 70 32 in
824 1957 94 32 tali
871 1957 82 32 gradu

339 1985 95 31 fuit.
403 1985 53 31 ⁋
424 1985 63 31 Ex
455 1985 74 31 hac
498 1985 158 31 responsione
624 1985 127 31 sequitur
719 1985 74 31 hec
761 1985 116 31 finalis
835 1985 116 31 conclusio

337 2012 89 35 quod
392 2012 100 35 licet
459 2012 78 35 hec
503 2012 144 35 estimatio
614 2012 144 35 prehabita
725 2012 133 35 respectu
825 2012 111 35 futuri
892 2012 55 35 non

341 2043 108 34 possit
417 2043 75 34 non
460 2043 108 34 fuisse
535 2043 75 34 nec
578 2043 97 34 etiam
643 2043 75 34 non
686 2043 108 34 fuisse
761 2043 140 34 estimatio
869 2043 86 34 quod
912 2043 43 34 il

346 2071 76 42 lud
390 2071 87 42 erit
444 2071 109 42 potest
521 2071 98 42 tamen
586 2071 76 42 non
630 2071 109 42 fuisse
707 2071 142 42 securitas
816 2071 76 42 vel
849 2071 109 42 preuisio

977 214 66 59 vel
1014 214 151 59 praescientia
1137 214 56 59 et
1165 214 66 59 sic
1202 214 56 59 de
1231 214 122 59 similibus
1325 214 75 59 quod
1372 214 85 59 illud
1428 214 85 59 erit.
1485 214 66 59 Sed
1513 214 75 59 contra

974 262 84 32 hoc
1022 262 120 32 arguit
1106 262 157 32 syriensis
1227 262 72 32 si
1263 262 84 32 per
1311 262 108 32 solam
1383 262 181 32 preuisionem
1516 262 72 32 ver-

972 291 74 33 bi
1009 291 172 33 presciatur
1144 291 135 33 aliquid
1242 291 135 33 futurum
1341 291 185 33 delectabile
1488 291 98 33 fore
1538 291 62 33 sit

978 318 62 38 b.
1009 318 83 38 tunc
1061 318 93 38 nulla
1123 318 93 38 causa
1185 318 73 38 est
1226 318 145 38 estimanda.
1340 318 62 38 b.
1371 318 83 38 fore
1423 318 83 38 siue
1475 318 93 38 ipsum
1527 318 62 38 ade-

978 349 104 32 pturum.
1053 349 56 32 b.
1081 349 75 32 nisi
1128 349 75 32 quia
1175 349 104 32 relucet
1251 349 75 32 este
1298 349 56 32 si
1326 349 66 32 sic
1364 349 66 32 non
1401 349 122 32 reluceret
1495 349 94 32 omnino
1561 349 56 32 in

980 380 87 33 verbo
1038 380 68 33 non
1077 380 87 33 esset
1135 380 126 33 estimatum
1232 380 97 33 igitur
1300 380 58 33 si
1329 380 116 33 tollatur
1417 380 145 33 prescientia
1523 380 68 33 tolle

972 406 75 36 tur
1015 406 150 36 estimatio.
1133 406 85 36 Item
1186 406 64 36 si
1218 406 85 36 stat
1271 406 85 36 quod
1325 406 85 36 ipse
1378 406 75 36 non
1421 406 118 36 prescit
1507 406 64 36 b.
1528 406 64 36 fore

979 434 81 40 nec
1026 434 69 40 se
1060 434 162 40 adepturum.
1188 434 69 40 b.
1223 434 69 40 et
1257 434 104 40 tamen
1327 434 127 40 estimat
1419 434 81 40 hoc
1466 434 116 40 saltem
1535 434 58 40 per

979 459 148 41 simplicem
1093 459 137 41 visionem
1195 459 68 41 in
1230 459 103 41 verbo
1298 459 137 41 sequitur
1401 459 91 41 quod
1458 459 126 41 estimat
1538 459 57 41 il-

983 489 86 37 lud
1032 489 98 37 quod
1093 489 86 37 non
1142 489 134 37 apparet
1239 489 98 37 sibi
1301 489 110 37 verum
1374 489 98 37 quod
1435 489 86 37 est
1472 489 122 37 impossi-

976 517 101 37 bile.
1043 517 179 37 Consequentia
1188 517 101 37 patet
1255 517 89 37 quia
1311 517 112 37 ablata
1390 517 168 37 prescientia
1524 517 67 37 et
1546 517 56 37 po-

981 546 98 31 nendo
1047 546 65 31 b.
1079 546 76 31 non
1123 546 87 31 fore
1177 546 76 31 non
1221 546 120 31 apparet
1308 546 87 31 sibi
1363 546 98 31 verum
1428 546 87 31 quod
1483 546 87 31 ipse
1527 546 65 31 adi-

982 576 152 29 piscetur
1096 576 76 29 b.
1134 576 88 29 cum
1185 576 126 29 nullam
1273 576 177 29 euidentiam
1412 576 126 29 habeat
1501 576 76 29 ad
1526 576 63 29 hoc

976 599 93 36 quin
1034 599 116 36 potius
1116 599 128 36 deberet
1208 599 93 36 dici
1266 599 93 36 quod
1324 599 81 36 hoc
1371 599 151 36 appareret
1487 599 93 36 sibi
1533 599 58 36 fal

974 630 87 32 sum
1023 630 74 32 et
1060 630 99 32 suum
1122 630 161 32 oppositum
1246 630 124 32 verum.
1333 630 149 32 Probatur
1444 630 124 32 quando
1519 630 74 32 esti

974 657 81 38 mat
1021 657 70 38 se
1056 657 163 38 adepturum.
1183 657 70 38 b.
1218 657 70 38 et
1253 657 81 38 non
1300 657 70 38 in
1334 657 128 38 visione
1427 657 70 38 in
1462 657 116 38 verbo.
1532 657 58 38 Aut

980 686 117 33 estimat
1066 686 96 33 illud
1130 686 117 33 tanquam
1215 686 117 33 aliquid
1300 686 75 33 per
1343 686 64 33 se
1375 686 128 33 apparens
1471 686 64 33 et
1503 686 75 33 hoc
1535 686 53 33 non

978 716 81 29 cum
1025 716 81 29 sit
1071 716 127 29 falsum.
1163 716 81 29 Aut
1209 716 127 29 estimat
1302 716 81 29 hoc
1348 716 127 29 propter
1440 716 104 29 aliam
1498 716 92 29 cogni-

985 741 117 39 tionem
1067 741 70 39 et
1102 741 82 39 hoc
1149 741 82 39 non
1196 741 94 39 quia
1255 741 129 39 ponatur
1348 741 94 39 quod
1407 741 82 39 non
1454 741 105 39 habet
1512 741 82 39 cogni

984 770 113 33 tionem
1063 770 91 33 nisi
1120 770 68 33 in
1153 770 102 33 verbo
1221 770 68 33 et
1255 770 136 33 mediante
1357 770 91 33 ista
1414 770 79 33 non
1459 770 136 33 estimat.
1550 770 45 33 b.

981 797 96 32 fore
1041 797 84 32 cum
1089 797 96 32 ista
1149 797 84 32 non
1197 797 180 32 representet
1340 797 72 32 b.
1376 797 96 32 fore
1436 797 84 32 sed
1484 797 108 32 magis
1544 797 48 32 b.

976 828 79 35 non
1021 828 101 35 fore.
1088 828 79 35 Aut
1133 828 124 35 estimat
1223 828 79 35 hoc
1268 828 112 35 libere
1347 828 90 35 quia
1403 828 90 35 vult
1459 828 67 35 et
1482 828 112 35 sequitur

976 859 80 32 quod
1026 859 130 32 estimatio
1126 859 70 32 sit
1165 859 60 32 in
1195 859 100 32 libera
1265 859 130 32 potestate
1365 859 100 32 contra
1435 859 150 32 philosophum
1544 859 50 32 se-

979 883 110 35 cundo
1052 883 74 35 de
1089 883 110 35 anima
1163 883 74 35 in
1200 883 98 35 fine
1261 883 86 35 ymo
1310 883 98 35 tunc
1371 883 98 35 homo
1433 883 123 35 posset
1506 883 86 35 libe-

975 913 75 32 re
1012 913 149 32 estimare
1124 913 174 32 quodcunque
1260 913 124 32 falsum
1347 913 99 32 quod
1409 913 87 32 est
1446 913 137 32 absurdum.

986 940 51 35 ⁋
1006 940 61 35 Ad
1037 940 101 35 primum
1108 940 112 35 istorum
1189 940 112 35 negatur
1270 940 162 35 consequentia
1402 940 81 35 quia
1452 940 91 35 visio
1513 940 61 35 in
1533 940 51 35 ver

982 969 71 30 bo
1018 969 83 30 non
1065 969 83 30 est
1112 969 142 30 istomodo
1219 969 83 30 quo
1266 969 95 30 ipse
1326 969 166 30 ymaginatur
1456 969 95 30 quod
1503 969 83 30 lege-

983 998 85 32 ret
1032 998 85 32 .q.
1080 998 73 32 in
1117 998 110 32 libro
1190 998 85 32 per
1239 998 122 32 vnicum
1325 998 110 32 actum
1398 998 159 32 simplicem
1508 998 85 32 viden

973 1025 76 32 di
1011 1025 88 32 sed
1062 1025 152 32 aliomodo
1175 1025 114 32 sicut
1251 1025 101 32 post
1314 1025 139 32 tangam.
1415 1025 63 32 ⁋
1441 1025 76 32 Ad
1466 1025 126 32 secundum

980 1053 94 32 dico
1039 1053 94 32 quod
1098 1053 82 32 non
1145 1053 141 32 sequitur
1251 1053 94 32 quod
1310 1053 129 32 estimet
1404 1053 106 32 illud
1474 1053 94 32 quod
1533 1053 82 32 non

973 1084 142 30 apparet
1077 1084 103 30 sibi
1141 1084 116 30 verum
1219 1084 91 30 ymo
1271 1084 91 30 ibi
1322 1084 91 30 est
1374 1084 116 30 firma
1439 1084 155 30 apparentia

982 1112 98 28 quod
1043 1112 110 28 illud
1116 1112 98 28 quod
1177 1112 134 28 apparet
1275 1112 98 28 sibi
1336 1112 110 28 verum
1409 1112 110 28 licet
1482 1112 85 28 ibi
1531 1112 85 28 non

974 1139 83 34 sit
1021 1139 142 34 omnimoda
1128 1139 166 34 euidentia.
1258 1139 59 34 ⁋
1282 1139 71 34 Ad
1317 1139 130 34 tertium
1412 1139 95 34 dico
1471 1139 95 34 quod
1518 1139 71 34 esti

974 1166 85 32 mat
1022 1166 109 32 illud
1095 1166 85 32 per
1144 1166 109 32 solam
1216 1166 194 32 estimationem
1374 1166 61 32 a
1398 1166 85 32 deo
1447 1166 97 32 sibi
1495 1166 97 32 impres

971 1195 95 32 sam
1026 1195 108 32 deus
1093 1195 108 32 enim
1161 1195 176 32 immediate
1296 1195 95 32 non
1350 1195 149 32 precise
1458 1195 95 32 per
1498 1195 95 32 modum

971 1225 139 30 obiecti
1072 1225 88 30 sed
1123 1225 114 30 sicut
1199 1225 114 30 causa
1274 1225 177 30 voluntaria
1413 1225 164 30 omipotens
1527 1225 63 30 cau

975 1251 109 33 saret
1048 1251 158 33 immediate
1169 1251 73 33 in
1205 1251 97 33 illo
1266 1251 97 33 casu
1326 1251 145 33 visionem
1435 1251 85 33 sui
1484 1251 85 33 que
1520 1251 73 33 siml

971 1281 110 31 esset
1044 1281 147 31 iudicium
1154 1281 86 31 vel
1203 1281 159 31 estimatio
1326 1281 171 31 huiusmodi.
1461 1281 61 31 ⁋
1485 1281 73 31 Et
1510 1281 73 31 dico

982 1308 117 34 vlterius
1070 1308 78 34 quod
1119 1308 78 34 illa
1168 1308 88 34 visio
1226 1308 166 34 repraesentat.
1363 1308 59 34 b.
1392 1308 78 34 fore
1441 1308 68 34 nec
1480 1308 98 34 potest
1538 1308 49 34 op-

975 1336 117 35 positum
1060 1336 170 35 representare
1198 1336 95 35 sicut
1262 1336 85 35 iste
1314 1336 95 35 dicit
1378 1336 64 35 et
1410 1336 117 35 accepit
1495 1336 85 35 quia
1537 1336 53 35 cum

975 1368 78 31 sit
1019 1368 111 31 signum
1097 1368 89 31 mere
1153 1368 167 31 naturaliter
1286 1368 167 31 significans
1419 1368 78 31 non
1464 1368 111 31 potest
1530 1368 56 31 per

974 1395 59 33 se
1004 1395 148 33 significare
1122 1395 79 33 nisi
1171 1395 79 33 quod
1220 1395 69 33 per
1260 1395 59 33 se
1289 1395 138 33 significat
1398 1395 59 33 et
1427 1395 148 33 representat
1536 1395 49 33 eti

979 1421 66 33 am
1012 1421 76 33 non
1056 1421 76 33 est
1099 1421 66 33 in
1132 1421 109 33 ptante
1209 1421 153 33 voluntatis
1329 1421 109 33 stante
1405 1421 87 33 ista
1460 1421 120 33 visione
1547 1421 66 33 in

980 1449 90 31 ipsa
1036 1449 158 31 subiectiue
1160 1449 113 31 aliter
1239 1449 135 31 iudicare
1340 1449 90 31 siue
1397 1449 56 31 b
1419 1449 90 31 erit
1475 1449 90 31 siue
1520 1449 68 31 non-

996 1479 60 33 ⁋
1020 1479 72 33 Ad
1056 1479 167 33 argumentum
1187 1479 167 33 principale
1318 1479 107 33 satis
1390 1479 107 33 patet
1462 1479 72 33 ex
1486 1479 96 33 respon

973 1504 104 34 sione
1043 1504 150 34 inferente
1158 1504 115 34 sextam
1238 1504 184 34 conclusionem
1388 1504 92 34 quia
1446 1504 127 34 neganda
1526 1504 58 34 est

975 1533 119 34 secunda
1062 1533 173 34 consequentia
1202 1533 65 34 et
1235 1533 97 34 causa
1300 1533 130 34 exstitit
1397 1533 97 34 satis
1451 1533 130 34 assignata.

1245 1564 169 61 Etatio
1364 1564 169 61 quaero
1465 1564 119 61 btrum

1260 1617 136 38 gabrieli
1362 1617 159 38 incarnatio
1486 1617 102 38 verbi
1543 1617 45 38 po

1255 1649 84 35 tuit
1308 1649 63 35 in
1340 1649 95 35 verbo
1403 1649 137 35 reuelari.
1508 1649 63 35 Et
1529 1649 53 35 vi-

1258 1677 64 31 detur
1300 1677 57 31 quod
1336 1677 50 31 non
1364 1677 57 31 quia
1400 1677 43 31 si
1421 1677 50 31 sic
1449 1677 50 31 sit
1478 1677 71 31 igitur
1527 1677 57 31 quod
1556 1677 28 31 de

1254 1705 75 30 us
1292 1705 188 30 reuelauerit
1430 1705 163 30 incarnatio-

1253 1733 77 31 nem
1297 1733 87 31 suam
1351 1733 142 31 gloriosam
1461 1733 131 31 gabrieli
1548 1733 44 31 et

1258 1759 60 39 hoc
1293 1759 102 39 praecise
1369 1759 51 39 in
1395 1759 77 39 verbo
1446 1759 51 39 et
1471 1759 68 39 quod
1514 1759 51 39 ex
1531 1759 51 39 illa

1247 1790 198 29 rreuelatione
1407 1790 136 29 gabriel
1494 1790 99 29 venis-

1213 1797 91 55 set
1265 1797 78 55 ad
1304 1797 130 55 mariam
1395 1797 78 55 et
1433 1797 91 55 non
1485 1797 78 55 ex
1511 1797 78 55 alia

974 1847 101 31 causa
1041 1847 67 31 et
1075 1847 90 31 quod
1131 1847 123 31 locutus
1220 1847 112 31 fuerit
1299 1847 67 31 ad
1332 1847 78 31 eam
1377 1847 101 31 sicut
1445 1847 101 31 dicit
1501 1847 78 31 scri-

972 1872 124 39 ptura.
1059 1872 62 39 ⁋
1084 1872 100 39 Tunc
1146 1872 149 39 arguitur
1258 1872 87 39 sic
1307 1872 87 39 pro
1357 1872 137 39 tempore
1457 1872 112 39 medio
1531 1872 75 39 in

975 1907 85 33 ter
1023 1907 195 33 salutationem
1182 1907 109 33 beate
1255 1907 146 33 virginis
1364 1907 73 33 et
1401 1907 122 33 tempus
1486 1907 73 33 in
1522 1907 85 33 quo

974 1933 86 30 illa
1028 1933 130 30 concepit
1125 1933 76 30 sub
1169 1933 76 30 hac
1212 1933 97 30 forma
1277 1933 130 30 Christus
1374 1933 76 30 non
1417 1933 76 30 est
1449 1933 130 30 incarnatus

976 1961 120 34 igitur
1060 1961 132 34 gabriel
1156 1961 84 34 non
1204 1961 108 34 vidit
1276 1961 144 34 christum
1383 1961 96 34 fore
1431 1961 156 34 incarnandum

972 1989 80 30 ista
1022 1989 160 30 consequentia
1152 1989 60 30 in
1182 1989 110 30 tempore
1262 1989 90 30 medio
1323 1989 80 30 erat
1373 1989 140 30 necessaria
1483 1989 80 30 quia
1523 1989 60 30 ver-

976 2016 74 37 bum
1019 2016 74 37 non
1061 2016 190 37 repraesentauit
1220 2016 127 37 gabrieli
1315 2016 116 37 aliquid
1399 2016 85 37 fore
1452 2016 85 37 nisi
1505 2016 95 37 illud

970 2047 87 37 quod
1024 2047 87 37 fuit
1079 2047 119 37 futurum
1165 2047 65 37 et
1198 2047 152 37 antecedens
1317 2047 87 37 fuit
1371 2047 152 37 contingens
1490 2047 65 37 in
1512 2047 65 37 illo

964 2074 145 42 tempore
1070 2074 119 42 medio
1149 2074 106 42 quia
1215 2074 106 42 tunc
1281 2074 185 42 incarnatio
1426 2074 106 42 fuit
1479 2074 106 42 futura
