<?xml version="1.0" encoding="UTF-8"?>
<alto xmlns:xsi="http://www.w3.org/2001/XMLSchema-instance"
      xmlns="http://www.loc.gov/standards/alto/ns-v2#"
      xmlns:page="http://schema.primaresearch.org/PAGE/gts/pagecontent/2013-07-15"
      xsi:schemaLocation="http://www.loc.gov/standards/alto/ns-v2# http://www.loc.gov/standards/alto/alto.xsd">
   <Description>
      <MeasurementUnit>pixel</MeasurementUnit>
      <OCRProcessing ID="IdOcr">
         <ocrProcessingStep>
            <processingDateTime>2021-02-17T08:20:18.748-05:00</processingDateTime>
            <processingSoftware>
               <softwareCreator>READ COOP</softwareCreator>
               <softwareName>Transkribus</softwareName>
            </processingSoftware>
         </ocrProcessingStep>
      </OCRProcessing>
   </Description>
   <Tags/>
   <Layout>
      <Page ID="Page1" PHYSICAL_IMG_NR="1" HEIGHT="2500" WIDTH="1789">
         <TopMargin HEIGHT="0" WIDTH="1789" VPOS="0" HPOS="0"/>
         <LeftMargin HEIGHT="2500" WIDTH="0" VPOS="0" HPOS="0"/>
         <RightMargin HEIGHT="2500" WIDTH="0" VPOS="0" HPOS="1789"/>
         <BottomMargin HEIGHT="0" WIDTH="1789" VPOS="2500" HPOS="0"/>
         <PrintSpace HEIGHT="2500" WIDTH="1789" VPOS="0" HPOS="0">
            <TextBlock ID="TextRegion_1612380400558_3052"
                       HEIGHT="1962"
                       WIDTH="637"
                       VPOS="163"
                       HPOS="192">
               <Shape>
                  <Polygon POINTS="192,163 829,163 812,2125 192,2125"/>
               </Shape>
               <TextLine ID="r2l3"
                         BASELINE="265"
                         HEIGHT="49"
                         WIDTH="608"
                         VPOS="216"
                         HPOS="215">
                  <String HEIGHT="49" WIDTH="79" VPOS="216" HPOS="202" CONTENT="in"/>
                  <SP HEIGHT="49" WIDTH="13" VPOS="216" HPOS="281"/>
                  <String HEIGHT="49"
                          WIDTH="106"
                          VPOS="216"
                          HPOS="241"
                          CONTENT="casu"/>
                  <SP HEIGHT="49" WIDTH="13" VPOS="216" HPOS="347"/>
                  <String HEIGHT="49"
                          WIDTH="185"
                          VPOS="216"
                          HPOS="308"
                          CONTENT="principali"/>
                  <SP HEIGHT="49" WIDTH="13" VPOS="216" HPOS="493"/>
                  <String HEIGHT="49" WIDTH="79" VPOS="216" HPOS="453" CONTENT="et"/>
                  <SP HEIGHT="49" WIDTH="13" VPOS="216" HPOS="532"/>
                  <String HEIGHT="49"
                          WIDTH="185"
                          VPOS="216"
                          HPOS="493"
                          CONTENT="argumentum"/>
                  <SP HEIGHT="49" WIDTH="13" VPOS="216" HPOS="678"/>
                  <String HEIGHT="49"
                          WIDTH="159"
                          VPOS="216"
                          HPOS="638"
                          CONTENT="supponit"/>
                  <SP HEIGHT="49" WIDTH="13" VPOS="216" HPOS="797"/>
                  <String HEIGHT="49" WIDTH="79" VPOS="216" HPOS="744" CONTENT="deum"/>
               </TextLine>
               <TextLine ID="r2l5"
                         BASELINE="294"
                         HEIGHT="33"
                         WIDTH="612"
                         VPOS="261"
                         HPOS="208">
                  <String HEIGHT="33"
                          WIDTH="110"
                          VPOS="261"
                          HPOS="196"
                          CONTENT="posse"/>
                  <SP HEIGHT="33" WIDTH="12" VPOS="261" HPOS="306"/>
                  <String HEIGHT="33"
                          WIDTH="147"
                          VPOS="261"
                          HPOS="269"
                          CONTENT="reuelare"/>
                  <SP HEIGHT="33" WIDTH="12" VPOS="261" HPOS="416"/>
                  <String HEIGHT="33"
                          WIDTH="122"
                          VPOS="261"
                          HPOS="379"
                          CONTENT="futura"/>
                  <SP HEIGHT="33" WIDTH="12" VPOS="261" HPOS="502"/>
                  <String HEIGHT="33"
                          WIDTH="196"
                          VPOS="261"
                          HPOS="465"
                          CONTENT="contingentia"/>
                  <SP HEIGHT="33" WIDTH="12" VPOS="261" HPOS="661"/>
                  <String HEIGHT="33"
                          WIDTH="122"
                          VPOS="261"
                          HPOS="624"
                          CONTENT="igitur"/>
                  <SP HEIGHT="33" WIDTH="12" VPOS="261" HPOS="747"/>
                  <String HEIGHT="33" WIDTH="86" VPOS="261" HPOS="710" CONTENT="Sed"/>
                  <SP HEIGHT="33" WIDTH="12" VPOS="261" HPOS="796"/>
                  <String HEIGHT="33" WIDTH="73" VPOS="261" HPOS="747" CONTENT="huic"/>
               </TextLine>
               <TextLine ID="r2l7"
                         BASELINE="322"
                         HEIGHT="33"
                         WIDTH="600"
                         VPOS="289"
                         HPOS="211">
                  <String HEIGHT="33"
                          WIDTH="105"
                          VPOS="289"
                          HPOS="200"
                          CONTENT="potest"/>
                  <SP HEIGHT="33" WIDTH="11" VPOS="289" HPOS="306"/>
                  <String HEIGHT="33"
                          WIDTH="147"
                          VPOS="289"
                          HPOS="274"
                          CONTENT="Responderi"/>
                  <SP HEIGHT="33" WIDTH="11" VPOS="289" HPOS="422"/>
                  <String HEIGHT="33" WIDTH="84" VPOS="289" HPOS="390" CONTENT="quod"/>
                  <SP HEIGHT="33" WIDTH="11" VPOS="289" HPOS="474"/>
                  <String HEIGHT="33"
                          WIDTH="95"
                          VPOS="289"
                          HPOS="443"
                          CONTENT="licet"/>
                  <SP HEIGHT="33" WIDTH="11" VPOS="289" HPOS="537"/>
                  <String HEIGHT="33" WIDTH="84" VPOS="289" HPOS="506" CONTENT="iste"/>
                  <SP HEIGHT="33" WIDTH="11" VPOS="289" HPOS="590"/>
                  <String HEIGHT="33"
                          WIDTH="116"
                          VPOS="289"
                          HPOS="558"
                          CONTENT="angelus"/>
                  <SP HEIGHT="33" WIDTH="11" VPOS="289" HPOS="674"/>
                  <String HEIGHT="33" WIDTH="63" VPOS="289" HPOS="643" CONTENT="de"/>
                  <SP HEIGHT="33" WIDTH="11" VPOS="289" HPOS="706"/>
                  <String HEIGHT="33"
                          WIDTH="95"
                          VPOS="289"
                          HPOS="674"
                          CONTENT="facto"/>
                  <SP HEIGHT="33" WIDTH="11" VPOS="289" HPOS="769"/>
                  <String HEIGHT="33"
                          WIDTH="84"
                          VPOS="289"
                          HPOS="727"
                          CONTENT="posset"/>
               </TextLine>
               <TextLine ID="r2l9"
                         BASELINE="348"
                         HEIGHT="29"
                         WIDTH="601"
                         VPOS="319"
                         HPOS="210">
                  <String HEIGHT="29"
                          WIDTH="106"
                          VPOS="319"
                          HPOS="198"
                          CONTENT="istud"/>
                  <SP HEIGHT="29" WIDTH="12" VPOS="319" HPOS="304"/>
                  <String HEIGHT="29"
                          WIDTH="153"
                          VPOS="319"
                          HPOS="269"
                          CONTENT="preceptum"/>
                  <SP HEIGHT="29" WIDTH="12" VPOS="319" HPOS="422"/>
                  <String HEIGHT="29"
                          WIDTH="130"
                          VPOS="319"
                          HPOS="387"
                          CONTENT="implere"/>
                  <SP HEIGHT="29" WIDTH="12" VPOS="319" HPOS="516"/>
                  <String HEIGHT="29" WIDTH="71" VPOS="319" HPOS="481" CONTENT="et"/>
                  <SP HEIGHT="29" WIDTH="12" VPOS="319" HPOS="552"/>
                  <String HEIGHT="29" WIDTH="82" VPOS="319" HPOS="516" CONTENT="hoc"/>
                  <SP HEIGHT="29" WIDTH="12" VPOS="319" HPOS="599"/>
                  <String HEIGHT="29" WIDTH="82" VPOS="319" HPOS="564" CONTENT="deo"/>
                  <SP HEIGHT="29" WIDTH="12" VPOS="319" HPOS="646"/>
                  <String HEIGHT="29"
                          WIDTH="130"
                          VPOS="319"
                          HPOS="611"
                          CONTENT="volente"/>
                  <SP HEIGHT="29" WIDTH="12" VPOS="319" HPOS="740"/>
                  <String HEIGHT="29" WIDTH="94" VPOS="319" HPOS="705" CONTENT="quod"/>
                  <SP HEIGHT="29" WIDTH="12" VPOS="319" HPOS="799"/>
                  <String HEIGHT="29" WIDTH="59" VPOS="319" HPOS="752" CONTENT="ita"/>
               </TextLine>
               <TextLine ID="r2l11"
                         BASELINE="376"
                         HEIGHT="31"
                         WIDTH="606"
                         VPOS="345"
                         HPOS="206">
                  <String HEIGHT="31"
                          WIDTH="117"
                          VPOS="345"
                          HPOS="194"
                          CONTENT="fieret"/>
                  <SP HEIGHT="31" WIDTH="12" VPOS="345" HPOS="311"/>
                  <String HEIGHT="31"
                          WIDTH="105"
                          VPOS="345"
                          HPOS="276"
                          CONTENT="sicut"/>
                  <SP HEIGHT="31" WIDTH="12" VPOS="345" HPOS="381"/>
                  <String HEIGHT="31"
                          WIDTH="128"
                          VPOS="345"
                          HPOS="346"
                          CONTENT="angelus"/>
                  <SP HEIGHT="31" WIDTH="12" VPOS="345" HPOS="474"/>
                  <String HEIGHT="31" WIDTH="93" VPOS="345" HPOS="439" CONTENT="vult"/>
                  <SP HEIGHT="31" WIDTH="12" VPOS="345" HPOS="532"/>
                  <String HEIGHT="31"
                          WIDTH="105"
                          VPOS="345"
                          HPOS="497"
                          CONTENT="fieri"/>
                  <SP HEIGHT="31" WIDTH="12" VPOS="345" HPOS="602"/>
                  <String HEIGHT="31"
                          WIDTH="117"
                          VPOS="345"
                          HPOS="567"
                          CONTENT="stante"/>
                  <SP HEIGHT="31" WIDTH="12" VPOS="345" HPOS="684"/>
                  <String HEIGHT="31"
                          WIDTH="140"
                          VPOS="345"
                          HPOS="649"
                          CONTENT="predicto"/>
                  <SP HEIGHT="31" WIDTH="12" VPOS="345" HPOS="789"/>
                  <String HEIGHT="31" WIDTH="70" VPOS="345" HPOS="742" CONTENT="casu"/>
               </TextLine>
               <TextLine ID="r2l13"
                         BASELINE="403"
                         HEIGHT="29"
                         WIDTH="604"
                         VPOS="374"
                         HPOS="206">
                  <String HEIGHT="29"
                          WIDTH="113"
                          VPOS="374"
                          HPOS="193"
                          CONTENT="tamen"/>
                  <SP HEIGHT="29" WIDTH="13" VPOS="374" HPOS="307"/>
                  <String HEIGHT="29" WIDTH="88" VPOS="374" HPOS="269" CONTENT="hoc"/>
                  <SP HEIGHT="29" WIDTH="13" VPOS="374" HPOS="357"/>
                  <String HEIGHT="29" WIDTH="88" VPOS="374" HPOS="319" CONTENT="non"/>
                  <SP HEIGHT="29" WIDTH="13" VPOS="374" HPOS="407"/>
                  <String HEIGHT="29"
                          WIDTH="151"
                          VPOS="374"
                          HPOS="370"
                          CONTENT="obstante"/>
                  <SP HEIGHT="29" WIDTH="13" VPOS="374" HPOS="521"/>
                  <String HEIGHT="29"
                          WIDTH="164"
                          VPOS="374"
                          HPOS="483"
                          CONTENT="preceptum"/>
                  <SP HEIGHT="29" WIDTH="13" VPOS="374" HPOS="646"/>
                  <String HEIGHT="29"
                          WIDTH="113"
                          VPOS="374"
                          HPOS="609"
                          CONTENT="illud"/>
                  <SP HEIGHT="29" WIDTH="13" VPOS="374" HPOS="722"/>
                  <String HEIGHT="29" WIDTH="88" VPOS="374" HPOS="684" CONTENT="non"/>
                  <SP HEIGHT="29" WIDTH="13" VPOS="374" HPOS="772"/>
                  <String HEIGHT="29"
                          WIDTH="88"
                          VPOS="374"
                          HPOS="722"
                          CONTENT="esset"/>
               </TextLine>
               <TextLine ID="r2l15"
                         BASELINE="438"
                         HEIGHT="34"
                         WIDTH="610"
                         VPOS="404"
                         HPOS="209">
                  <String HEIGHT="34"
                          WIDTH="155"
                          VPOS="404"
                          HPOS="197"
                          CONTENT="rationale"/>
                  <SP HEIGHT="34" WIDTH="12" VPOS="404" HPOS="353"/>
                  <String HEIGHT="34" WIDTH="96" VPOS="404" HPOS="317" CONTENT="quia"/>
                  <SP HEIGHT="34" WIDTH="12" VPOS="404" HPOS="412"/>
                  <String HEIGHT="34"
                          WIDTH="132"
                          VPOS="404"
                          HPOS="376"
                          CONTENT="obligat"/>
                  <SP HEIGHT="34" WIDTH="12" VPOS="404" HPOS="508"/>
                  <String HEIGHT="34" WIDTH="84" VPOS="404" HPOS="472" CONTENT="sub"/>
                  <SP HEIGHT="34" WIDTH="12" VPOS="404" HPOS="556"/>
                  <String HEIGHT="34" WIDTH="96" VPOS="404" HPOS="520" CONTENT="pena"/>
                  <SP HEIGHT="34" WIDTH="12" VPOS="404" HPOS="616"/>
                  <String HEIGHT="34"
                          WIDTH="132"
                          VPOS="404"
                          HPOS="580"
                          CONTENT="peccati"/>
                  <SP HEIGHT="34" WIDTH="12" VPOS="404" HPOS="711"/>
                  <String HEIGHT="34"
                          WIDTH="144"
                          VPOS="404"
                          HPOS="675"
                          CONTENT="mortalis"/>
                  <SP HEIGHT="34" WIDTH="12" VPOS="404" HPOS="819"/>
                  <String HEIGHT="34" WIDTH="48" VPOS="404" HPOS="771" CONTENT="ad"/>
               </TextLine>
               <TextLine ID="r2l17"
                         BASELINE="464"
                         HEIGHT="34"
                         WIDTH="615"
                         VPOS="430"
                         HPOS="202">
                  <String HEIGHT="34"
                          WIDTH="186"
                          VPOS="430"
                          HPOS="190"
                          CONTENT="obseruantiam"/>
                  <SP HEIGHT="34" WIDTH="12" VPOS="430" HPOS="376"/>
                  <String HEIGHT="34" WIDTH="93" VPOS="430" HPOS="341" CONTENT="sui."/>
                  <SP HEIGHT="34" WIDTH="12" VPOS="430" HPOS="434"/>
                  <String HEIGHT="34" WIDTH="93" VPOS="430" HPOS="399" CONTENT="Ideo"/>
                  <SP HEIGHT="34" WIDTH="12" VPOS="430" HPOS="492"/>
                  <String HEIGHT="34" WIDTH="70" VPOS="430" HPOS="457" CONTENT="ad"/>
                  <SP HEIGHT="34" WIDTH="12" VPOS="430" HPOS="527"/>
                  <String HEIGHT="34" WIDTH="81" VPOS="430" HPOS="492" CONTENT="hoc"/>
                  <SP HEIGHT="34" WIDTH="12" VPOS="430" HPOS="573"/>
                  <String HEIGHT="34" WIDTH="93" VPOS="430" HPOS="539" CONTENT="quod"/>
                  <SP HEIGHT="34" WIDTH="12" VPOS="430" HPOS="631"/>
                  <String HEIGHT="34" WIDTH="81" VPOS="430" HPOS="597" CONTENT="sit"/>
                  <SP HEIGHT="34" WIDTH="12" VPOS="430" HPOS="678"/>
                  <String HEIGHT="34"
                          WIDTH="151"
                          VPOS="430"
                          HPOS="643"
                          CONTENT="rationale"/>
                  <SP HEIGHT="34" WIDTH="12" VPOS="430" HPOS="794"/>
                  <String HEIGHT="34" WIDTH="81" VPOS="430" HPOS="759" CONTENT="non"/>
                  <SP HEIGHT="34" WIDTH="12" VPOS="430" HPOS="840"/>
                  <String HEIGHT="34" WIDTH="23" VPOS="430" HPOS="794" CONTENT=""/>
               </TextLine>
               <TextLine ID="r2l19"
                         BASELINE="490"
                         HEIGHT="32"
                         WIDTH="604"
                         VPOS="458"
                         HPOS="207">
                  <String HEIGHT="32"
                          WIDTH="134"
                          VPOS="458"
                          HPOS="196"
                          CONTENT="sufficit"/>
                  <SP HEIGHT="32" WIDTH="11" VPOS="458" HPOS="330"/>
                  <String HEIGHT="32" WIDTH="89" VPOS="458" HPOS="296" CONTENT="quod"/>
                  <SP HEIGHT="32" WIDTH="11" VPOS="458" HPOS="386"/>
                  <String HEIGHT="32" WIDTH="89" VPOS="458" HPOS="352" CONTENT="ille"/>
                  <SP HEIGHT="32" WIDTH="11" VPOS="458" HPOS="442"/>
                  <String HEIGHT="32" WIDTH="78" VPOS="458" HPOS="408" CONTENT="cui"/>
                  <SP HEIGHT="32" WIDTH="11" VPOS="458" HPOS="487"/>
                  <String HEIGHT="32"
                          WIDTH="157"
                          VPOS="458"
                          HPOS="453"
                          CONTENT="precipitur"/>
                  <SP HEIGHT="32" WIDTH="11" VPOS="458" HPOS="610"/>
                  <String HEIGHT="32"
                          WIDTH="112"
                          VPOS="458"
                          HPOS="576"
                          CONTENT="valeat"/>
                  <SP HEIGHT="32" WIDTH="11" VPOS="458" HPOS="688"/>
                  <String HEIGHT="32"
                          WIDTH="101"
                          VPOS="458"
                          HPOS="654"
                          CONTENT="ipsum"/>
                  <SP HEIGHT="32" WIDTH="11" VPOS="458" HPOS="755"/>
                  <String HEIGHT="32"
                          WIDTH="101"
                          VPOS="458"
                          HPOS="710"
                          CONTENT="implere"/>
               </TextLine>
               <TextLine ID="r2l21"
                         BASELINE="520"
                         HEIGHT="31"
                         WIDTH="612"
                         VPOS="489"
                         HPOS="204">
                  <String HEIGHT="31"
                          WIDTH="159"
                          VPOS="489"
                          HPOS="193"
                          CONTENT="casualiter"/>
                  <SP HEIGHT="31" WIDTH="11" VPOS="489" HPOS="351"/>
                  <String HEIGHT="31" WIDTH="79" VPOS="489" HPOS="317" CONTENT="sed"/>
                  <SP HEIGHT="31" WIDTH="11" VPOS="489" HPOS="397"/>
                  <String HEIGHT="31"
                          WIDTH="102"
                          VPOS="489"
                          HPOS="363"
                          CONTENT="etiam"/>
                  <SP HEIGHT="31" WIDTH="11" VPOS="489" HPOS="465"/>
                  <String HEIGHT="31"
                          WIDTH="159"
                          VPOS="489"
                          HPOS="431"
                          CONTENT="requiritur"/>
                  <SP HEIGHT="31" WIDTH="11" VPOS="489" HPOS="589"/>
                  <String HEIGHT="31" WIDTH="91" VPOS="489" HPOS="555" CONTENT="quod"/>
                  <SP HEIGHT="31" WIDTH="11" VPOS="489" HPOS="646"/>
                  <String HEIGHT="31"
                          WIDTH="113"
                          VPOS="489"
                          HPOS="612"
                          CONTENT="subsit"/>
                  <SP HEIGHT="31" WIDTH="11" VPOS="489" HPOS="725"/>
                  <String HEIGHT="31" WIDTH="91" VPOS="489" HPOS="691" CONTENT="eius"/>
                  <SP HEIGHT="31" WIDTH="11" VPOS="489" HPOS="782"/>
                  <String HEIGHT="31"
                          WIDTH="79"
                          VPOS="489"
                          HPOS="737"
                          CONTENT="facul"/>
               </TextLine>
               <TextLine ID="r2l23"
                         BASELINE="547"
                         HEIGHT="31"
                         WIDTH="616"
                         VPOS="516"
                         HPOS="203">
                  <String HEIGHT="31" WIDTH="99" VPOS="516" HPOS="191" CONTENT="tati"/>
                  <SP HEIGHT="31" WIDTH="12" VPOS="516" HPOS="289"/>
                  <String HEIGHT="31"
                          WIDTH="111"
                          VPOS="516"
                          HPOS="252"
                          CONTENT="illud"/>
                  <SP HEIGHT="31" WIDTH="12" VPOS="516" HPOS="363"/>
                  <String HEIGHT="31"
                          WIDTH="136"
                          VPOS="516"
                          HPOS="326"
                          CONTENT="implere"/>
                  <SP HEIGHT="31" WIDTH="12" VPOS="516" HPOS="462"/>
                  <String HEIGHT="31"
                          WIDTH="160"
                          VPOS="516"
                          HPOS="425"
                          CONTENT="quacunque"/>
                  <SP HEIGHT="31" WIDTH="12" VPOS="516" HPOS="585"/>
                  <String HEIGHT="31"
                          WIDTH="160"
                          VPOS="516"
                          HPOS="548"
                          CONTENT="mutatione"/>
                  <SP HEIGHT="31" WIDTH="12" VPOS="516" HPOS="708"/>
                  <String HEIGHT="31"
                          WIDTH="111"
                          VPOS="516"
                          HPOS="671"
                          CONTENT="facta"/>
                  <SP HEIGHT="31" WIDTH="12" VPOS="516" HPOS="782"/>
                  <String HEIGHT="31" WIDTH="74" VPOS="516" HPOS="745" CONTENT="in"/>
                  <SP HEIGHT="31" WIDTH="12" VPOS="516" HPOS="819"/>
                  <String HEIGHT="31" WIDTH="49" VPOS="516" HPOS="770" CONTENT="fu"/>
               </TextLine>
               <TextLine ID="r2l25"
                         BASELINE="573"
                         HEIGHT="32"
                         WIDTH="616"
                         VPOS="541"
                         HPOS="198">
                  <String HEIGHT="32" WIDTH="88" VPOS="541" HPOS="187" CONTENT="turo"/>
                  <SP HEIGHT="32" WIDTH="11" VPOS="541" HPOS="275"/>
                  <String HEIGHT="32"
                          WIDTH="99"
                          VPOS="541"
                          HPOS="242"
                          CONTENT="circa"/>
                  <SP HEIGHT="32" WIDTH="11" VPOS="541" HPOS="341"/>
                  <String HEIGHT="32" WIDTH="88" VPOS="541" HPOS="308" CONTENT="alia"/>
                  <SP HEIGHT="32" WIDTH="11" VPOS="541" HPOS="396"/>
                  <String HEIGHT="32" WIDTH="77" VPOS="541" HPOS="363" CONTENT="sed"/>
                  <SP HEIGHT="32" WIDTH="11" VPOS="541" HPOS="440"/>
                  <String HEIGHT="32" WIDTH="77" VPOS="541" HPOS="407" CONTENT="sic"/>
                  <SP HEIGHT="32" WIDTH="11" VPOS="541" HPOS="484"/>
                  <String HEIGHT="32" WIDTH="77" VPOS="541" HPOS="451" CONTENT="non"/>
                  <SP HEIGHT="32" WIDTH="11" VPOS="541" HPOS="528"/>
                  <String HEIGHT="32" WIDTH="77" VPOS="541" HPOS="495" CONTENT="est"/>
                  <SP HEIGHT="32" WIDTH="11" VPOS="541" HPOS="572"/>
                  <String HEIGHT="32" WIDTH="66" VPOS="541" HPOS="539" CONTENT="in"/>
                  <SP HEIGHT="32" WIDTH="11" VPOS="541" HPOS="605"/>
                  <String HEIGHT="32"
                          WIDTH="143"
                          VPOS="541"
                          HPOS="572"
                          CONTENT="proposito"/>
                  <SP HEIGHT="32" WIDTH="11" VPOS="541" HPOS="715"/>
                  <String HEIGHT="32" WIDTH="88" VPOS="541" HPOS="682" CONTENT="quia"/>
                  <SP HEIGHT="32" WIDTH="11" VPOS="541" HPOS="770"/>
                  <String HEIGHT="32" WIDTH="66" VPOS="541" HPOS="737" CONTENT="in"/>
                  <SP HEIGHT="32" WIDTH="11" VPOS="541" HPOS="803"/>
                  <String HEIGHT="32"
                          WIDTH="55"
                          VPOS="541"
                          HPOS="759"
                          CONTENT="vo"
                          SUBS_TYPE="HypPart1"
                          SUBS_CONTENT="voluntate"/>
                  <HYP CONTENT="-"/>
               </TextLine>
               <TextLine ID="r2l27"
                         BASELINE="608"
                         HEIGHT="37"
                         WIDTH="621"
                         VPOS="571"
                         HPOS="196">
                  <String HEIGHT="37"
                          WIDTH="131"
                          VPOS="571"
                          HPOS="184"
                          CONTENT="luntate"
                          SUBS_TYPE="HypPart2"
                          SUBS_CONTENT="voluntate"/>
                  <SP HEIGHT="37" WIDTH="12" VPOS="571" HPOS="315"/>
                  <String HEIGHT="37"
                          WIDTH="179"
                          VPOS="571"
                          HPOS="280"
                          CONTENT="contingenti"/>
                  <SP HEIGHT="37" WIDTH="12" VPOS="571" HPOS="459"/>
                  <String HEIGHT="37"
                          WIDTH="119"
                          VPOS="571"
                          HPOS="423"
                          CONTENT="futura"/>
                  <SP HEIGHT="37" WIDTH="12" VPOS="571" HPOS="542"/>
                  <String HEIGHT="37" WIDTH="84" VPOS="571" HPOS="507" CONTENT="sor"/>
                  <SP HEIGHT="37" WIDTH="12" VPOS="571" HPOS="590"/>
                  <String HEIGHT="37"
                          WIDTH="119"
                          VPOS="571"
                          HPOS="554"
                          CONTENT="pendet"/>
                  <SP HEIGHT="37" WIDTH="12" VPOS="571" HPOS="674"/>
                  <String HEIGHT="37" WIDTH="72" VPOS="571" HPOS="638" CONTENT="An"/>
                  <SP HEIGHT="37" WIDTH="12" VPOS="571" HPOS="710"/>
                  <String HEIGHT="37" WIDTH="96" VPOS="571" HPOS="674" CONTENT="iste"/>
                  <SP HEIGHT="37" WIDTH="12" VPOS="571" HPOS="769"/>
                  <String HEIGHT="37"
                          WIDTH="96"
                          VPOS="571"
                          HPOS="721"
                          CONTENT="confor"/>
               </TextLine>
               <TextLine ID="r2l29"
                         BASELINE="635"
                         HEIGHT="32"
                         WIDTH="618"
                         VPOS="603"
                         HPOS="198">
                  <String HEIGHT="32" WIDTH="83" VPOS="603" HPOS="186" CONTENT="met"/>
                  <SP HEIGHT="32" WIDTH="12" VPOS="603" HPOS="269"/>
                  <String HEIGHT="32" WIDTH="71" VPOS="603" HPOS="234" CONTENT="se"/>
                  <SP HEIGHT="32" WIDTH="12" VPOS="603" HPOS="305"/>
                  <String HEIGHT="32" WIDTH="95" VPOS="603" HPOS="269" CONTENT="nunc"/>
                  <SP HEIGHT="32" WIDTH="12" VPOS="603" HPOS="364"/>
                  <String HEIGHT="32" WIDTH="95" VPOS="603" HPOS="329" CONTENT="dmie"/>
                  <SP HEIGHT="32" WIDTH="12" VPOS="603" HPOS="424"/>
                  <String HEIGHT="32"
                          WIDTH="155"
                          VPOS="603"
                          HPOS="388"
                          CONTENT="voluntati"/>
                  <SP HEIGHT="32" WIDTH="12" VPOS="603" HPOS="543"/>
                  <String HEIGHT="32" WIDTH="71" VPOS="603" HPOS="507" CONTENT="et"/>
                  <SP HEIGHT="32" WIDTH="12" VPOS="603" HPOS="578"/>
                  <String HEIGHT="32" WIDTH="83" VPOS="603" HPOS="543" CONTENT="per"/>
                  <SP HEIGHT="32" WIDTH="12" VPOS="603" HPOS="626"/>
                  <String HEIGHT="32"
                          WIDTH="166"
                          VPOS="603"
                          HPOS="590"
                          CONTENT="consequens"/>
                  <SP HEIGHT="32" WIDTH="12" VPOS="603" HPOS="757"/>
                  <String HEIGHT="32" WIDTH="71" VPOS="603" HPOS="721" CONTENT="an"/>
                  <SP HEIGHT="32" WIDTH="12" VPOS="603" HPOS="792"/>
                  <String HEIGHT="32" WIDTH="71" VPOS="603" HPOS="745" CONTENT="iste"/>
               </TextLine>
               <TextLine ID="r2l31"
                         BASELINE="665"
                         HEIGHT="33"
                         WIDTH="605"
                         VPOS="632"
                         HPOS="207">
                  <String HEIGHT="33"
                          WIDTH="151"
                          VPOS="632"
                          HPOS="195"
                          CONTENT="exequetur"/>
                  <SP HEIGHT="33" WIDTH="12" VPOS="632" HPOS="347"/>
                  <String HEIGHT="33" WIDTH="93" VPOS="632" HPOS="312" CONTENT="nunc"/>
                  <SP HEIGHT="33" WIDTH="12" VPOS="632" HPOS="405"/>
                  <String HEIGHT="33" WIDTH="93" VPOS="632" HPOS="370" CONTENT="quod"/>
                  <SP HEIGHT="33" WIDTH="12" VPOS="632" HPOS="463"/>
                  <String HEIGHT="33" WIDTH="93" VPOS="632" HPOS="428" CONTENT="sibi"/>
                  <SP HEIGHT="33" WIDTH="12" VPOS="632" HPOS="521"/>
                  <String HEIGHT="33" WIDTH="81" VPOS="632" HPOS="486" CONTENT="pro"/>
                  <SP HEIGHT="33" WIDTH="12" VPOS="632" HPOS="568"/>
                  <String HEIGHT="33" WIDTH="93" VPOS="632" HPOS="533" CONTENT="nunc"/>
                  <SP HEIGHT="33" WIDTH="12" VPOS="632" HPOS="626"/>
                  <String HEIGHT="33"
                          WIDTH="163"
                          VPOS="632"
                          HPOS="591"
                          CONTENT="precipitur"/>
                  <SP HEIGHT="33" WIDTH="12" VPOS="632" HPOS="754"/>
                  <String HEIGHT="33" WIDTH="70" VPOS="632" HPOS="719" CONTENT="et"/>
                  <SP HEIGHT="33" WIDTH="12" VPOS="632" HPOS="789"/>
                  <String HEIGHT="33" WIDTH="70" VPOS="632" HPOS="742" CONTENT="ista"/>
               </TextLine>
               <TextLine ID="r2l33"
                         BASELINE="693"
                         HEIGHT="35"
                         WIDTH="614"
                         VPOS="658"
                         HPOS="200">
                  <String HEIGHT="35"
                          WIDTH="142"
                          VPOS="658"
                          HPOS="188"
                          CONTENT="voluntas"/>
                  <SP HEIGHT="35" WIDTH="12" VPOS="658" HPOS="330"/>
                  <String HEIGHT="35"
                          WIDTH="118"
                          VPOS="658"
                          HPOS="294"
                          CONTENT="futura"/>
                  <SP HEIGHT="35" WIDTH="12" VPOS="658" HPOS="413"/>
                  <String HEIGHT="35" WIDTH="83" VPOS="658" HPOS="377" CONTENT="sor"/>
                  <SP HEIGHT="35" WIDTH="12" VPOS="658" HPOS="460"/>
                  <String HEIGHT="35" WIDTH="83" VPOS="658" HPOS="424" CONTENT="non"/>
                  <SP HEIGHT="35" WIDTH="12" VPOS="658" HPOS="507"/>
                  <String HEIGHT="35" WIDTH="83" VPOS="658" HPOS="472" CONTENT="est"/>
                  <SP HEIGHT="35" WIDTH="12" VPOS="658" HPOS="554"/>
                  <String HEIGHT="35" WIDTH="94" VPOS="658" HPOS="519" CONTENT="nunc"/>
                  <SP HEIGHT="35" WIDTH="12" VPOS="658" HPOS="613"/>
                  <String HEIGHT="35" WIDTH="71" VPOS="658" HPOS="578" CONTENT="in"/>
                  <SP HEIGHT="35" WIDTH="12" VPOS="658" HPOS="649"/>
                  <String HEIGHT="35"
                          WIDTH="118"
                          VPOS="658"
                          HPOS="613"
                          CONTENT="illius"/>
                  <SP HEIGHT="35" WIDTH="12" VPOS="658" HPOS="731"/>
                  <String HEIGHT="35"
                          WIDTH="118"
                          VPOS="658"
                          HPOS="696"
                          CONTENT="angeli"/>
                  <SP HEIGHT="35" WIDTH="12" VPOS="658" HPOS="814"/>
                  <String HEIGHT="35" WIDTH="47" VPOS="658" HPOS="767" CONTENT="po"/>
               </TextLine>
               <TextLine ID="r2l35"
                         BASELINE="724"
                         HEIGHT="36"
                         WIDTH="602"
                         VPOS="688"
                         HPOS="202">
                  <String HEIGHT="36"
                          WIDTH="135"
                          VPOS="688"
                          HPOS="190"
                          CONTENT="testate"/>
                  <SP HEIGHT="36" WIDTH="12" VPOS="688" HPOS="325"/>
                  <String HEIGHT="36"
                          WIDTH="135"
                          VPOS="688"
                          HPOS="288"
                          CONTENT="igitur."/>
                  <SP HEIGHT="36" WIDTH="12" VPOS="688" HPOS="423"/>
                  <String HEIGHT="36" WIDTH="86" VPOS="688" HPOS="386" CONTENT="Sed"/>
                  <SP HEIGHT="36" WIDTH="12" VPOS="688" HPOS="472"/>
                  <String HEIGHT="36" WIDTH="86" VPOS="688" HPOS="435" CONTENT="hec"/>
                  <SP HEIGHT="36" WIDTH="12" VPOS="688" HPOS="521"/>
                  <String HEIGHT="36"
                          WIDTH="135"
                          VPOS="688"
                          HPOS="485"
                          CONTENT="positio"/>
                  <SP HEIGHT="36" WIDTH="12" VPOS="688" HPOS="620"/>
                  <String HEIGHT="36"
                          WIDTH="135"
                          VPOS="688"
                          HPOS="583"
                          CONTENT="videtur"/>
                  <SP HEIGHT="36" WIDTH="12" VPOS="688" HPOS="718"/>
                  <String HEIGHT="36"
                          WIDTH="123"
                          VPOS="688"
                          HPOS="681"
                          CONTENT="ponere"/>
                  <SP HEIGHT="36" WIDTH="12" VPOS="688" HPOS="804"/>
                  <String HEIGHT="36" WIDTH="49" VPOS="688" HPOS="755" CONTENT="op"/>
               </TextLine>
               <TextLine ID="r2l37"
                         BASELINE="752"
                         HEIGHT="38"
                         WIDTH="610"
                         VPOS="714"
                         HPOS="194">
                  <String HEIGHT="38"
                          WIDTH="91"
                          VPOS="714"
                          HPOS="185"
                          CONTENT="posita"/>
                  <SP HEIGHT="38" WIDTH="9" VPOS="714" HPOS="276"/>
                  <String HEIGHT="38"
                          WIDTH="82"
                          VPOS="714"
                          HPOS="249"
                          CONTENT="sicut"/>
                  <SP HEIGHT="38" WIDTH="9" VPOS="714" HPOS="331"/>
                  <String HEIGHT="38"
                          WIDTH="91"
                          VPOS="714"
                          HPOS="303"
                          CONTENT="arguit"/>
                  <SP HEIGHT="38" WIDTH="9" VPOS="714" HPOS="394"/>
                  <String HEIGHT="38" WIDTH="73" VPOS="714" HPOS="367" CONTENT="repi"/>
                  <SP HEIGHT="38" WIDTH="9" VPOS="714" HPOS="440"/>
                  <String HEIGHT="38"
                          WIDTH="109"
                          VPOS="714"
                          HPOS="413"
                          CONTENT="scilicet"/>
                  <SP HEIGHT="38" WIDTH="9" VPOS="714" HPOS="522"/>
                  <String HEIGHT="38"
                          WIDTH="100"
                          VPOS="714"
                          HPOS="494"
                          CONTENT="dicendo"/>
                  <SP HEIGHT="38" WIDTH="9" VPOS="714" HPOS="595"/>
                  <String HEIGHT="38" WIDTH="73" VPOS="714" HPOS="567" CONTENT="quod"/>
                  <SP HEIGHT="38" WIDTH="9" VPOS="714" HPOS="640"/>
                  <String HEIGHT="38"
                          WIDTH="91"
                          VPOS="714"
                          HPOS="613"
                          CONTENT="potest"/>
                  <SP HEIGHT="38" WIDTH="9" VPOS="714" HPOS="704"/>
                  <String HEIGHT="38"
                          WIDTH="100"
                          VPOS="714"
                          HPOS="677"
                          CONTENT="implere"/>
                  <SP HEIGHT="38" WIDTH="9" VPOS="714" HPOS="777"/>
                  <String HEIGHT="38"
                          WIDTH="64"
                          VPOS="714"
                          HPOS="740"
                          CONTENT="illuo"/>
               </TextLine>
               <TextLine ID="r2l39"
                         BASELINE="777"
                         HEIGHT="32"
                         WIDTH="614"
                         VPOS="745"
                         HPOS="192">
                  <String HEIGHT="32"
                          WIDTH="148"
                          VPOS="745"
                          HPOS="181"
                          CONTENT="preceptum"/>
                  <SP HEIGHT="32" WIDTH="11" VPOS="745" HPOS="328"/>
                  <String HEIGHT="32" WIDTH="68" VPOS="745" HPOS="294" CONTENT="et"/>
                  <SP HEIGHT="32" WIDTH="11" VPOS="745" HPOS="363"/>
                  <String HEIGHT="32"
                          WIDTH="102"
                          VPOS="745"
                          HPOS="328"
                          CONTENT="tamen"/>
                  <SP HEIGHT="32" WIDTH="11" VPOS="745" HPOS="431"/>
                  <String HEIGHT="32" WIDTH="91" VPOS="745" HPOS="397" CONTENT="quod"/>
                  <SP HEIGHT="32" WIDTH="11" VPOS="745" HPOS="488"/>
                  <String HEIGHT="32" WIDTH="80" VPOS="745" HPOS="454" CONTENT="non"/>
                  <SP HEIGHT="32" WIDTH="11" VPOS="745" HPOS="533"/>
                  <String HEIGHT="32" WIDTH="80" VPOS="745" HPOS="499" CONTENT="est"/>
                  <SP HEIGHT="32" WIDTH="11" VPOS="745" HPOS="579"/>
                  <String HEIGHT="32" WIDTH="68" VPOS="745" HPOS="544" CONTENT="in"/>
                  <SP HEIGHT="32" WIDTH="11" VPOS="745" HPOS="613"/>
                  <String HEIGHT="32" WIDTH="91" VPOS="745" HPOS="579" CONTENT="eius"/>
                  <SP HEIGHT="32" WIDTH="11" VPOS="745" HPOS="670"/>
                  <String HEIGHT="32"
                          WIDTH="114"
                          VPOS="745"
                          HPOS="635"
                          CONTENT="ptante"/>
                  <SP HEIGHT="32" WIDTH="11" VPOS="745" HPOS="749"/>
                  <String HEIGHT="32"
                          WIDTH="102"
                          VPOS="745"
                          HPOS="704"
                          CONTENT="implere"/>
               </TextLine>
               <TextLine ID="r2l41"
                         BASELINE="807"
                         HEIGHT="35"
                         WIDTH="618"
                         VPOS="772"
                         HPOS="194">
                  <String HEIGHT="35"
                          WIDTH="110"
                          VPOS="772"
                          HPOS="183"
                          CONTENT="Contra"/>
                  <SP HEIGHT="35" WIDTH="11" VPOS="772" HPOS="293"/>
                  <String HEIGHT="35"
                          WIDTH="99"
                          VPOS="772"
                          HPOS="260"
                          CONTENT="nihil"/>
                  <SP HEIGHT="35" WIDTH="11" VPOS="772" HPOS="360"/>
                  <String HEIGHT="35"
                          WIDTH="110"
                          VPOS="772"
                          HPOS="326"
                          CONTENT="potest"/>
                  <SP HEIGHT="35" WIDTH="11" VPOS="772" HPOS="437"/>
                  <String HEIGHT="35" WIDTH="88" VPOS="772" HPOS="404" CONTENT="quis"/>
                  <SP HEIGHT="35" WIDTH="11" VPOS="772" HPOS="492"/>
                  <String HEIGHT="35"
                          WIDTH="121"
                          VPOS="772"
                          HPOS="459"
                          CONTENT="implere"/>
                  <SP HEIGHT="35" WIDTH="11" VPOS="772" HPOS="580"/>
                  <String HEIGHT="35" WIDTH="88" VPOS="772" HPOS="547" CONTENT="nisi"/>
                  <SP HEIGHT="35" WIDTH="11" VPOS="772" HPOS="635"/>
                  <String HEIGHT="35" WIDTH="88" VPOS="772" HPOS="602" CONTENT="quod"/>
                  <SP HEIGHT="35" WIDTH="11" VPOS="772" HPOS="691"/>
                  <String HEIGHT="35" WIDTH="77" VPOS="772" HPOS="658" CONTENT="est"/>
                  <SP HEIGHT="35" WIDTH="11" VPOS="772" HPOS="735"/>
                  <String HEIGHT="35" WIDTH="66" VPOS="772" HPOS="702" CONTENT="in"/>
                  <SP HEIGHT="35" WIDTH="11" VPOS="772" HPOS="768"/>
                  <String HEIGHT="35" WIDTH="77" VPOS="772" HPOS="735" CONTENT="sua"/>
                  <SP HEIGHT="35" WIDTH="11" VPOS="772" HPOS="812"/>
                  <String HEIGHT="35" WIDTH="44" VPOS="772" HPOS="768" CONTENT="po"/>
               </TextLine>
               <TextLine ID="r2l43"
                         BASELINE="830"
                         HEIGHT="27"
                         WIDTH="621"
                         VPOS="803"
                         HPOS="192">
                  <String HEIGHT="27"
                          WIDTH="139"
                          VPOS="803"
                          HPOS="179"
                          CONTENT="testate"/>
                  <SP HEIGHT="27" WIDTH="13" VPOS="803" HPOS="319"/>
                  <String HEIGHT="27"
                          WIDTH="152"
                          VPOS="803"
                          HPOS="281"
                          CONTENT="probatur"/>
                  <SP HEIGHT="27" WIDTH="13" VPOS="803" HPOS="433"/>
                  <String HEIGHT="27" WIDTH="76" VPOS="803" HPOS="395" CONTENT="de"/>
                  <SP HEIGHT="27" WIDTH="13" VPOS="803" HPOS="471"/>
                  <String HEIGHT="27"
                          WIDTH="114"
                          VPOS="803"
                          HPOS="433"
                          CONTENT="facto"/>
                  <SP HEIGHT="27" WIDTH="13" VPOS="803" HPOS="547"/>
                  <String HEIGHT="27"
                          WIDTH="114"
                          VPOS="803"
                          HPOS="509"
                          CONTENT="datum"/>
                  <SP HEIGHT="27" WIDTH="13" VPOS="803" HPOS="623"/>
                  <String HEIGHT="27"
                          WIDTH="101"
                          VPOS="803"
                          HPOS="585"
                          CONTENT="esse"/>
                  <SP HEIGHT="27" WIDTH="13" VPOS="803" HPOS="686"/>
                  <String HEIGHT="27"
                          WIDTH="165"
                          VPOS="803"
                          HPOS="648"
                          CONTENT="preceptum"/>
                  <SP HEIGHT="27" WIDTH="13" VPOS="803" HPOS="813"/>
                  <String HEIGHT="27" WIDTH="51" VPOS="803" HPOS="762" CONTENT="de"/>
               </TextLine>
               <TextLine ID="r2l45"
                         BASELINE="864"
                         HEIGHT="35"
                         WIDTH="612"
                         VPOS="829"
                         HPOS="192">
                  <String HEIGHT="35"
                          WIDTH="208"
                          VPOS="829"
                          HPOS="180"
                          CONTENT="resurrectione"/>
                  <SP HEIGHT="35" WIDTH="12" VPOS="829" HPOS="388"/>
                  <String HEIGHT="35"
                          WIDTH="122"
                          VPOS="829"
                          HPOS="351"
                          CONTENT="vltima"/>
                  <SP HEIGHT="35" WIDTH="12" VPOS="829" HPOS="474"/>
                  <String HEIGHT="35" WIDTH="73" VPOS="829" HPOS="437" CONTENT="et"/>
                  <SP HEIGHT="35" WIDTH="12" VPOS="829" HPOS="510"/>
                  <String HEIGHT="35"
                          WIDTH="122"
                          VPOS="829"
                          HPOS="474"
                          CONTENT="finali"/>
                  <SP HEIGHT="35" WIDTH="12" VPOS="829" HPOS="596"/>
                  <String HEIGHT="35"
                          WIDTH="135"
                          VPOS="829"
                          HPOS="559"
                          CONTENT="iudicio"/>
                  <SP HEIGHT="35" WIDTH="12" VPOS="829" HPOS="694"/>
                  <String HEIGHT="35" WIDTH="86" VPOS="829" HPOS="657" CONTENT="que"/>
                  <SP HEIGHT="35" WIDTH="12" VPOS="829" HPOS="743"/>
                  <String HEIGHT="35"
                          WIDTH="110"
                          VPOS="829"
                          HPOS="694"
                          CONTENT="nunquan"/>
               </TextLine>
               <TextLine ID="r2l47"
                         BASELINE="893"
                         HEIGHT="36"
                         WIDTH="616"
                         VPOS="857"
                         HPOS="190">
                  <String HEIGHT="36"
                          WIDTH="130"
                          VPOS="857"
                          HPOS="178"
                          CONTENT="fuerunt"/>
                  <SP HEIGHT="36" WIDTH="12" VPOS="857" HPOS="308"/>
                  <String HEIGHT="36" WIDTH="71" VPOS="857" HPOS="273" CONTENT="in"/>
                  <SP HEIGHT="36" WIDTH="12" VPOS="857" HPOS="344"/>
                  <String HEIGHT="36"
                          WIDTH="154"
                          VPOS="857"
                          HPOS="308"
                          CONTENT="potestate"/>
                  <SP HEIGHT="36" WIDTH="12" VPOS="857" HPOS="462"/>
                  <String HEIGHT="36" WIDTH="95" VPOS="857" HPOS="427" CONTENT="eius"/>
                  <SP HEIGHT="36" WIDTH="12" VPOS="857" HPOS="522"/>
                  <String HEIGHT="36" WIDTH="83" VPOS="857" HPOS="486" CONTENT="Sed"/>
                  <SP HEIGHT="36" WIDTH="12" VPOS="857" HPOS="569"/>
                  <String HEIGHT="36" WIDTH="95" VPOS="857" HPOS="534" CONTENT="iste"/>
                  <SP HEIGHT="36" WIDTH="12" VPOS="857" HPOS="628"/>
                  <String HEIGHT="36"
                          WIDTH="154"
                          VPOS="857"
                          HPOS="593"
                          CONTENT="instantie"/>
                  <SP HEIGHT="36" WIDTH="12" VPOS="857" HPOS="747"/>
                  <String HEIGHT="36"
                          WIDTH="107"
                          VPOS="857"
                          HPOS="699"
                          CONTENT="nullius"/>
               </TextLine>
               <TextLine ID="r2l49"
                         BASELINE="920"
                         HEIGHT="39"
                         WIDTH="621"
                         VPOS="881"
                         HPOS="190">
                  <String HEIGHT="39" WIDTH="97" VPOS="881" HPOS="178" CONTENT="sunt"/>
                  <SP HEIGHT="39" WIDTH="12" VPOS="881" HPOS="275"/>
                  <String HEIGHT="39"
                          WIDTH="134"
                          VPOS="881"
                          HPOS="239"
                          CONTENT="momenti"/>
                  <SP HEIGHT="39" WIDTH="12" VPOS="881" HPOS="373"/>
                  <String HEIGHT="39"
                          WIDTH="110"
                          VPOS="881"
                          HPOS="336"
                          CONTENT="prima"/>
                  <SP HEIGHT="39" WIDTH="12" VPOS="881" HPOS="446"/>
                  <String HEIGHT="39" WIDTH="85" VPOS="881" HPOS="409" CONTENT="non"/>
                  <SP HEIGHT="39" WIDTH="12" VPOS="881" HPOS="494"/>
                  <String HEIGHT="39"
                          WIDTH="110"
                          VPOS="881"
                          HPOS="458"
                          CONTENT="valet"/>
                  <SP HEIGHT="39" WIDTH="12" VPOS="881" HPOS="567"/>
                  <String HEIGHT="39" WIDTH="97" VPOS="881" HPOS="531" CONTENT="quia"/>
                  <SP HEIGHT="39" WIDTH="12" VPOS="881" HPOS="628"/>
                  <String HEIGHT="39"
                          WIDTH="110"
                          VPOS="881"
                          HPOS="592"
                          CONTENT="licet"/>
                  <SP HEIGHT="39" WIDTH="12" VPOS="881" HPOS="701"/>
                  <String HEIGHT="39"
                          WIDTH="146"
                          VPOS="881"
                          HPOS="665"
                          CONTENT="quilibet"/>
                  <SP HEIGHT="39" WIDTH="12" VPOS="881" HPOS="811"/>
                  <String HEIGHT="39" WIDTH="49" VPOS="881" HPOS="762" CONTENT="de"/>
               </TextLine>
               <TextLine ID="r2l51"
                         BASELINE="946"
                         HEIGHT="31"
                         WIDTH="615"
                         VPOS="915"
                         HPOS="194">
                  <String HEIGHT="31"
                          WIDTH="113"
                          VPOS="915"
                          HPOS="181"
                          CONTENT="plebe"/>
                  <SP HEIGHT="31" WIDTH="13" VPOS="915" HPOS="294"/>
                  <String HEIGHT="31"
                          WIDTH="126"
                          VPOS="915"
                          HPOS="257"
                          CONTENT="possit"/>
                  <SP HEIGHT="31" WIDTH="13" VPOS="915" HPOS="382"/>
                  <String HEIGHT="31"
                          WIDTH="151"
                          VPOS="915"
                          HPOS="345"
                          CONTENT="generare"/>
                  <SP HEIGHT="31" WIDTH="13" VPOS="915" HPOS="495"/>
                  <String HEIGHT="31"
                          WIDTH="126"
                          VPOS="915"
                          HPOS="458"
                          CONTENT="filium"/>
                  <SP HEIGHT="31" WIDTH="13" VPOS="915" HPOS="583"/>
                  <String HEIGHT="31" WIDTH="88" VPOS="915" HPOS="545" CONTENT="qui"/>
                  <SP HEIGHT="31" WIDTH="13" VPOS="915" HPOS="633"/>
                  <String HEIGHT="31"
                          WIDTH="138"
                          VPOS="915"
                          HPOS="596"
                          CONTENT="futurus"/>
                  <SP HEIGHT="31" WIDTH="13" VPOS="915" HPOS="734"/>
                  <String HEIGHT="31" WIDTH="88" VPOS="915" HPOS="696" CONTENT="sit"/>
                  <SP HEIGHT="31" WIDTH="13" VPOS="915" HPOS="784"/>
                  <String HEIGHT="31" WIDTH="75" VPOS="915" HPOS="734" CONTENT="papa"/>
               </TextLine>
               <TextLine ID="r2l53"
                         BASELINE="971"
                         HEIGHT="27"
                         WIDTH="608"
                         VPOS="944"
                         HPOS="199">
                  <String HEIGHT="27"
                          WIDTH="96"
                          VPOS="944"
                          HPOS="188"
                          CONTENT="tamen"/>
                  <SP HEIGHT="27" WIDTH="11" VPOS="944" HPOS="284"/>
                  <String HEIGHT="27" WIDTH="75" VPOS="944" HPOS="252" CONTENT="non"/>
                  <SP HEIGHT="27" WIDTH="11" VPOS="944" HPOS="327"/>
                  <String HEIGHT="27" WIDTH="75" VPOS="944" HPOS="295" CONTENT="est"/>
                  <SP HEIGHT="27" WIDTH="11" VPOS="944" HPOS="370"/>
                  <String HEIGHT="27" WIDTH="64" VPOS="944" HPOS="338" CONTENT="in"/>
                  <SP HEIGHT="27" WIDTH="11" VPOS="944" HPOS="402"/>
                  <String HEIGHT="27"
                          WIDTH="149"
                          VPOS="944"
                          HPOS="370"
                          CONTENT="cuiuslibet"/>
                  <SP HEIGHT="27" WIDTH="11" VPOS="944" HPOS="519"/>
                  <String HEIGHT="27"
                          WIDTH="107"
                          VPOS="944"
                          HPOS="487"
                          CONTENT="ptante"/>
                  <SP HEIGHT="27" WIDTH="11" VPOS="944" HPOS="594"/>
                  <String HEIGHT="27" WIDTH="85" VPOS="944" HPOS="562" CONTENT="quod"/>
                  <SP HEIGHT="27" WIDTH="11" VPOS="944" HPOS="647"/>
                  <String HEIGHT="27"
                          WIDTH="96"
                          VPOS="944"
                          HPOS="615"
                          CONTENT="talis"/>
                  <SP HEIGHT="27" WIDTH="11" VPOS="944" HPOS="711"/>
                  <String HEIGHT="27" WIDTH="75" VPOS="944" HPOS="679" CONTENT="sit"/>
                  <SP HEIGHT="27" WIDTH="11" VPOS="944" HPOS="754"/>
                  <String HEIGHT="27"
                          WIDTH="96"
                          VPOS="944"
                          HPOS="711"
                          CONTENT="futurus"/>
               </TextLine>
               <TextLine ID="r2l55"
                         BASELINE="1007"
                         HEIGHT="40"
                         WIDTH="611"
                         VPOS="967"
                         HPOS="198">
                  <String HEIGHT="40" WIDTH="87" VPOS="967" HPOS="187" CONTENT="papa"/>
                  <SP HEIGHT="40" WIDTH="11" VPOS="967" HPOS="274"/>
                  <String HEIGHT="40" WIDTH="65" VPOS="967" HPOS="242" CONTENT="et"/>
                  <SP HEIGHT="40" WIDTH="11" VPOS="967" HPOS="307"/>
                  <String HEIGHT="40" WIDTH="87" VPOS="967" HPOS="274" CONTENT="ideo"/>
                  <SP HEIGHT="40" WIDTH="11" VPOS="967" HPOS="362"/>
                  <String HEIGHT="40"
                          WIDTH="98"
                          VPOS="967"
                          HPOS="329"
                          CONTENT="licet"/>
                  <SP HEIGHT="40" WIDTH="11" VPOS="967" HPOS="427"/>
                  <String HEIGHT="40"
                          WIDTH="120"
                          VPOS="967"
                          HPOS="394"
                          CONTENT="aliquis"/>
                  <SP HEIGHT="40" WIDTH="11" VPOS="967" HPOS="514"/>
                  <String HEIGHT="40"
                          WIDTH="109"
                          VPOS="967"
                          HPOS="482"
                          CONTENT="potest"/>
                  <SP HEIGHT="40" WIDTH="11" VPOS="967" HPOS="591"/>
                  <String HEIGHT="40"
                          WIDTH="131"
                          VPOS="967"
                          HPOS="558"
                          CONTENT="generare"/>
                  <SP HEIGHT="40" WIDTH="11" VPOS="967" HPOS="689"/>
                  <String HEIGHT="40"
                          WIDTH="120"
                          VPOS="967"
                          HPOS="656"
                          CONTENT="futurum"/>
                  <SP HEIGHT="40" WIDTH="11" VPOS="967" HPOS="776"/>
                  <String HEIGHT="40"
                          WIDTH="76"
                          VPOS="967"
                          HPOS="733"
                          CONTENT="papan"/>
               </TextLine>
               <TextLine ID="r2l57"
                         BASELINE="1031"
                         HEIGHT="29"
                         WIDTH="612"
                         VPOS="1002"
                         HPOS="192">
                  <String HEIGHT="29"
                          WIDTH="102"
                          VPOS="1002"
                          HPOS="181"
                          CONTENT="tamen"/>
                  <SP HEIGHT="29" WIDTH="11" VPOS="1002" HPOS="283"/>
                  <String HEIGHT="29" WIDTH="79" VPOS="1002" HPOS="249" CONTENT="non"/>
                  <SP HEIGHT="29" WIDTH="11" VPOS="1002" HPOS="328"/>
                  <String HEIGHT="29" WIDTH="79" VPOS="1002" HPOS="294" CONTENT="est"/>
                  <SP HEIGHT="29" WIDTH="11" VPOS="1002" HPOS="373"/>
                  <String HEIGHT="29"
                          WIDTH="147"
                          VPOS="1002"
                          HPOS="339"
                          CONTENT="rationale"/>
                  <SP HEIGHT="29" WIDTH="11" VPOS="1002" HPOS="487"/>
                  <String HEIGHT="29"
                          WIDTH="91"
                          VPOS="1002"
                          HPOS="453"
                          CONTENT="quod"/>
                  <SP HEIGHT="29" WIDTH="11" VPOS="1002" HPOS="543"/>
                  <String HEIGHT="29"
                          WIDTH="91"
                          VPOS="1002"
                          HPOS="509"
                          CONTENT="sibi"/>
                  <SP HEIGHT="29" WIDTH="11" VPOS="1002" HPOS="600"/>
                  <String HEIGHT="29"
                          WIDTH="170"
                          VPOS="1002"
                          HPOS="566"
                          CONTENT="preciebatur"/>
                  <SP HEIGHT="29" WIDTH="11" VPOS="1002" HPOS="736"/>
                  <String HEIGHT="29" WIDTH="79" VPOS="1002" HPOS="702" CONTENT="sub"/>
                  <SP HEIGHT="29" WIDTH="11" VPOS="1002" HPOS="781"/>
                  <String HEIGHT="29"
                          WIDTH="68"
                          VPOS="1002"
                          HPOS="736"
                          CONTENT="pena"/>
               </TextLine>
               <TextLine ID="r2l59"
                         BASELINE="1060"
                         HEIGHT="34"
                         WIDTH="615"
                         VPOS="1026"
                         HPOS="196">
                  <String HEIGHT="34"
                          WIDTH="95"
                          VPOS="1026"
                          HPOS="185"
                          CONTENT="culpe"/>
                  <SP HEIGHT="34" WIDTH="11" VPOS="1026" HPOS="281"/>
                  <String HEIGHT="34"
                          WIDTH="127"
                          VPOS="1026"
                          HPOS="249"
                          CONTENT="mortalis"/>
                  <SP HEIGHT="34" WIDTH="11" VPOS="1026" HPOS="376"/>
                  <String HEIGHT="34"
                          WIDTH="85"
                          VPOS="1026"
                          HPOS="344"
                          CONTENT="quod"/>
                  <SP HEIGHT="34" WIDTH="11" VPOS="1026" HPOS="429"/>
                  <String HEIGHT="34"
                          WIDTH="117"
                          VPOS="1026"
                          HPOS="397"
                          CONTENT="generet"/>
                  <SP HEIGHT="34" WIDTH="11" VPOS="1026" HPOS="514"/>
                  <String HEIGHT="34"
                          WIDTH="117"
                          VPOS="1026"
                          HPOS="482"
                          CONTENT="futurum"/>
                  <SP HEIGHT="34" WIDTH="11" VPOS="1026" HPOS="599"/>
                  <String HEIGHT="34"
                          WIDTH="95"
                          VPOS="1026"
                          HPOS="567"
                          CONTENT="papam"/>
                  <SP HEIGHT="34" WIDTH="11" VPOS="1026" HPOS="663"/>
                  <String HEIGHT="34"
                          WIDTH="85"
                          VPOS="1026"
                          HPOS="631"
                          CONTENT="quia"/>
                  <SP HEIGHT="34" WIDTH="11" VPOS="1026" HPOS="716"/>
                  <String HEIGHT="34" WIDTH="74" VPOS="1026" HPOS="684" CONTENT="non"/>
                  <SP HEIGHT="34" WIDTH="11" VPOS="1026" HPOS="758"/>
                  <String HEIGHT="34" WIDTH="74" VPOS="1026" HPOS="726" CONTENT="est"/>
                  <SP HEIGHT="34" WIDTH="11" VPOS="1026" HPOS="800"/>
                  <String HEIGHT="34" WIDTH="64" VPOS="1026" HPOS="769" CONTENT="in"/>
                  <SP HEIGHT="34" WIDTH="11" VPOS="1026" HPOS="832"/>
                  <String HEIGHT="34" WIDTH="21" VPOS="1026" HPOS="790" CONTENT=""/>
               </TextLine>
               <TextLine ID="r2l61"
                         BASELINE="1086"
                         HEIGHT="30"
                         WIDTH="607"
                         VPOS="1056"
                         HPOS="192">
                  <String HEIGHT="30"
                          WIDTH="97"
                          VPOS="1056"
                          HPOS="180"
                          CONTENT="eius"/>
                  <SP HEIGHT="30" WIDTH="12" VPOS="1056" HPOS="277"/>
                  <String HEIGHT="30"
                          WIDTH="158"
                          VPOS="1056"
                          HPOS="241"
                          CONTENT="potestate"/>
                  <SP HEIGHT="30" WIDTH="12" VPOS="1056" HPOS="398"/>
                  <String HEIGHT="30"
                          WIDTH="146"
                          VPOS="1056"
                          HPOS="362"
                          CONTENT="deducere"/>
                  <SP HEIGHT="30" WIDTH="12" VPOS="1056" HPOS="508"/>
                  <String HEIGHT="30" WIDTH="85" VPOS="1056" HPOS="471" CONTENT="hoc"/>
                  <SP HEIGHT="30" WIDTH="12" VPOS="1056" HPOS="556"/>
                  <String HEIGHT="30"
                          WIDTH="158"
                          VPOS="1056"
                          HPOS="520"
                          CONTENT="preceptum"/>
                  <SP HEIGHT="30" WIDTH="12" VPOS="1056" HPOS="678"/>
                  <String HEIGHT="30" WIDTH="73" VPOS="1056" HPOS="641" CONTENT="ad"/>
                  <SP HEIGHT="30" WIDTH="12" VPOS="1056" HPOS="714"/>
                  <String HEIGHT="30"
                          WIDTH="134"
                          VPOS="1056"
                          HPOS="665"
                          CONTENT="effectum."/>
               </TextLine>
               <TextLine ID="r2l63"
                         BASELINE="1116"
                         HEIGHT="32"
                         WIDTH="606"
                         VPOS="1084"
                         HPOS="196">
                  <String HEIGHT="32"
                          WIDTH="145"
                          VPOS="1084"
                          HPOS="183"
                          CONTENT="Secunda"/>
                  <SP HEIGHT="32" WIDTH="13" VPOS="1084" HPOS="328"/>
                  <String HEIGHT="32"
                          WIDTH="171"
                          VPOS="1084"
                          HPOS="288"
                          CONTENT="instantia"/>
                  <SP HEIGHT="32" WIDTH="13" VPOS="1084" HPOS="459"/>
                  <String HEIGHT="32"
                          WIDTH="119"
                          VPOS="1084"
                          HPOS="420"
                          CONTENT="minus"/>
                  <SP HEIGHT="32" WIDTH="13" VPOS="1084" HPOS="539"/>
                  <String HEIGHT="32"
                          WIDTH="119"
                          VPOS="1084"
                          HPOS="499"
                          CONTENT="valet"/>
                  <SP HEIGHT="32" WIDTH="13" VPOS="1084" HPOS="618"/>
                  <String HEIGHT="32"
                          WIDTH="105"
                          VPOS="1084"
                          HPOS="578"
                          CONTENT="quia"/>
                  <SP HEIGHT="32" WIDTH="13" VPOS="1084" HPOS="683"/>
                  <String HEIGHT="32"
                          WIDTH="119"
                          VPOS="1084"
                          HPOS="644"
                          CONTENT="sumit"/>
                  <SP HEIGHT="32" WIDTH="13" VPOS="1084" HPOS="762"/>
                  <String HEIGHT="32"
                          WIDTH="92"
                          VPOS="1084"
                          HPOS="710"
                          CONTENT="plene"/>
               </TextLine>
               <TextLine ID="r2l65"
                         BASELINE="1143"
                         HEIGHT="34"
                         WIDTH="599"
                         VPOS="1109"
                         HPOS="199">
                  <String HEIGHT="34"
                          WIDTH="87"
                          VPOS="1109"
                          HPOS="189"
                          CONTENT="falsa"/>
                  <SP HEIGHT="34" WIDTH="10" VPOS="1109" HPOS="276"/>
                  <String HEIGHT="34"
                          WIDTH="87"
                          VPOS="1109"
                          HPOS="247"
                          CONTENT="nihil"/>
                  <SP HEIGHT="34" WIDTH="10" VPOS="1109" HPOS="334"/>
                  <String HEIGHT="34"
                          WIDTH="77"
                          VPOS="1109"
                          HPOS="305"
                          CONTENT="enim"/>
                  <SP HEIGHT="34" WIDTH="10" VPOS="1109" HPOS="383"/>
                  <String HEIGHT="34"
                          WIDTH="135"
                          VPOS="1109"
                          HPOS="354"
                          CONTENT="precipitur"/>
                  <SP HEIGHT="34" WIDTH="10" VPOS="1109" HPOS="489"/>
                  <String HEIGHT="34"
                          WIDTH="116"
                          VPOS="1109"
                          HPOS="460"
                          CONTENT="ecclesie"/>
                  <SP HEIGHT="34" WIDTH="10" VPOS="1109" HPOS="576"/>
                  <String HEIGHT="34"
                          WIDTH="77"
                          VPOS="1109"
                          HPOS="547"
                          CONTENT="nisi"/>
                  <SP HEIGHT="34" WIDTH="10" VPOS="1109" HPOS="624"/>
                  <String HEIGHT="34"
                          WIDTH="77"
                          VPOS="1109"
                          HPOS="595"
                          CONTENT="quod"/>
                  <SP HEIGHT="34" WIDTH="10" VPOS="1109" HPOS="672"/>
                  <String HEIGHT="34"
                          WIDTH="106"
                          VPOS="1109"
                          HPOS="643"
                          CONTENT="communi"/>
                  <SP HEIGHT="34" WIDTH="10" VPOS="1109" HPOS="750"/>
                  <String HEIGHT="34" WIDTH="68" VPOS="1109" HPOS="721" CONTENT="dei"/>
                  <SP HEIGHT="34" WIDTH="10" VPOS="1109" HPOS="788"/>
                  <String HEIGHT="34" WIDTH="58" VPOS="1109" HPOS="759" CONTENT="ad"/>
                  <SP HEIGHT="34" WIDTH="10" VPOS="1109" HPOS="817"/>
                  <String HEIGHT="34" WIDTH="19" VPOS="1109" HPOS="779" CONTENT=""/>
               </TextLine>
               <TextLine ID="r2l67"
                         BASELINE="1172"
                         HEIGHT="31"
                         WIDTH="608"
                         VPOS="1141"
                         HPOS="192">
                  <String HEIGHT="31"
                          WIDTH="129"
                          VPOS="1141"
                          HPOS="180"
                          CONTENT="iutorio"/>
                  <SP HEIGHT="31" WIDTH="12" VPOS="1141" HPOS="309"/>
                  <String HEIGHT="31" WIDTH="82" VPOS="1141" HPOS="274" CONTENT="est"/>
                  <SP HEIGHT="31" WIDTH="12" VPOS="1141" HPOS="356"/>
                  <String HEIGHT="31" WIDTH="70" VPOS="1141" HPOS="321" CONTENT="in"/>
                  <SP HEIGHT="31" WIDTH="12" VPOS="1141" HPOS="391"/>
                  <String HEIGHT="31"
                          WIDTH="94"
                          VPOS="1141"
                          HPOS="356"
                          CONTENT="eius"/>
                  <SP HEIGHT="31" WIDTH="12" VPOS="1141" HPOS="449"/>
                  <String HEIGHT="31"
                          WIDTH="152"
                          VPOS="1141"
                          HPOS="414"
                          CONTENT="potestate"/>
                  <SP HEIGHT="31" WIDTH="12" VPOS="1141" HPOS="566"/>
                  <String HEIGHT="31" WIDTH="70" VPOS="1141" HPOS="531" CONTENT="et"/>
                  <SP HEIGHT="31" WIDTH="12" VPOS="1141" HPOS="601"/>
                  <String HEIGHT="31"
                          WIDTH="94"
                          VPOS="1141"
                          HPOS="566"
                          CONTENT="ideo"/>
                  <SP HEIGHT="31" WIDTH="12" VPOS="1141" HPOS="660"/>
                  <String HEIGHT="31"
                          WIDTH="117"
                          VPOS="1141"
                          HPOS="625"
                          CONTENT="nullum"/>
                  <SP HEIGHT="31" WIDTH="12" VPOS="1141" HPOS="742"/>
                  <String HEIGHT="31"
                          WIDTH="105"
                          VPOS="1141"
                          HPOS="695"
                          CONTENT="futurum"/>
               </TextLine>
               <TextLine ID="r2l69"
                         BASELINE="1197"
                         HEIGHT="30"
                         WIDTH="604"
                         VPOS="1167"
                         HPOS="196">
                  <String HEIGHT="30"
                          WIDTH="148"
                          VPOS="1167"
                          HPOS="185"
                          CONTENT="contingens"/>
                  <SP HEIGHT="30" WIDTH="11" VPOS="1167" HPOS="334"/>
                  <String HEIGHT="30"
                          WIDTH="85"
                          VPOS="1167"
                          HPOS="302"
                          CONTENT="quod"/>
                  <SP HEIGHT="30" WIDTH="11" VPOS="1167" HPOS="387"/>
                  <String HEIGHT="30" WIDTH="74" VPOS="1167" HPOS="355" CONTENT="cum"/>
                  <SP HEIGHT="30" WIDTH="11" VPOS="1167" HPOS="429"/>
                  <String HEIGHT="30"
                          WIDTH="117"
                          VPOS="1167"
                          HPOS="397"
                          CONTENT="communi"/>
                  <SP HEIGHT="30" WIDTH="11" VPOS="1167" HPOS="514"/>
                  <String HEIGHT="30" WIDTH="74" VPOS="1167" HPOS="482" CONTENT="dei"/>
                  <SP HEIGHT="30" WIDTH="11" VPOS="1167" HPOS="556"/>
                  <String HEIGHT="30"
                          WIDTH="138"
                          VPOS="1167"
                          HPOS="524"
                          CONTENT="adiutorio"/>
                  <SP HEIGHT="30" WIDTH="11" VPOS="1167" HPOS="662"/>
                  <String HEIGHT="30" WIDTH="74" VPOS="1167" HPOS="630" CONTENT="non"/>
                  <SP HEIGHT="30" WIDTH="11" VPOS="1167" HPOS="705"/>
                  <String HEIGHT="30" WIDTH="74" VPOS="1167" HPOS="673" CONTENT="est"/>
                  <SP HEIGHT="30" WIDTH="11" VPOS="1167" HPOS="747"/>
                  <String HEIGHT="30" WIDTH="64" VPOS="1167" HPOS="715" CONTENT="in"/>
                  <SP HEIGHT="30" WIDTH="11" VPOS="1167" HPOS="779"/>
                  <String HEIGHT="30"
                          WIDTH="64"
                          VPOS="1167"
                          HPOS="736"
                          CONTENT="eius"/>
               </TextLine>
               <TextLine ID="r2l71"
                         BASELINE="1229"
                         HEIGHT="33"
                         WIDTH="604"
                         VPOS="1196"
                         HPOS="199">
                  <String HEIGHT="33"
                          WIDTH="145"
                          VPOS="1196"
                          HPOS="188"
                          CONTENT="potestate"/>
                  <SP HEIGHT="33" WIDTH="11" VPOS="1196" HPOS="333"/>
                  <String HEIGHT="33"
                          WIDTH="89"
                          VPOS="1196"
                          HPOS="300"
                          CONTENT="sibi"/>
                  <SP HEIGHT="33" WIDTH="11" VPOS="1196" HPOS="389"/>
                  <String HEIGHT="33"
                          WIDTH="157"
                          VPOS="1196"
                          HPOS="356"
                          CONTENT="precipitur"/>
                  <SP HEIGHT="33" WIDTH="11" VPOS="1196" HPOS="512"/>
                  <String HEIGHT="33"
                          WIDTH="112"
                          VPOS="1196"
                          HPOS="479"
                          CONTENT="aliter"/>
                  <SP HEIGHT="33" WIDTH="11" VPOS="1196" HPOS="590"/>
                  <String HEIGHT="33"
                          WIDTH="224"
                          VPOS="1196"
                          HPOS="557"
                          CONTENT="trrationabiliter"/>
                  <SP HEIGHT="33" WIDTH="11" VPOS="1196" HPOS="781"/>
                  <String HEIGHT="33"
                          WIDTH="67"
                          VPOS="1196"
                          HPOS="736"
                          CONTENT="obli"/>
               </TextLine>
               <TextLine ID="r2l73"
                         BASELINE="1261"
                         HEIGHT="34"
                         WIDTH="606"
                         VPOS="1227"
                         HPOS="195">
                  <String HEIGHT="34"
                          WIDTH="145"
                          VPOS="1227"
                          HPOS="183"
                          CONTENT="garetur."/>
                  <SP HEIGHT="34" WIDTH="12" VPOS="1227" HPOS="328"/>
                  <String HEIGHT="34" WIDTH="73" VPOS="1227" HPOS="292" CONTENT="Et"/>
                  <SP HEIGHT="34" WIDTH="12" VPOS="1227" HPOS="365"/>
                  <String HEIGHT="34" WIDTH="85" VPOS="1227" HPOS="328" CONTENT="cum"/>
                  <SP HEIGHT="34" WIDTH="12" VPOS="1227" HPOS="413"/>
                  <String HEIGHT="34"
                          WIDTH="133"
                          VPOS="1227"
                          HPOS="377"
                          CONTENT="dicitur"/>
                  <SP HEIGHT="34" WIDTH="12" VPOS="1227" HPOS="510"/>
                  <String HEIGHT="34" WIDTH="73" VPOS="1227" HPOS="474" CONTENT="de"/>
                  <SP HEIGHT="34" WIDTH="12" VPOS="1227" HPOS="546"/>
                  <String HEIGHT="34"
                          WIDTH="206"
                          VPOS="1227"
                          HPOS="510"
                          CONTENT="resurrectione"/>
                  <SP HEIGHT="34" WIDTH="12" VPOS="1227" HPOS="716"/>
                  <String HEIGHT="34" WIDTH="73" VPOS="1227" HPOS="680" CONTENT="et"/>
                  <SP HEIGHT="34" WIDTH="12" VPOS="1227" HPOS="753"/>
                  <String HEIGHT="34"
                          WIDTH="97"
                          VPOS="1227"
                          HPOS="704"
                          CONTENT="finali"/>
               </TextLine>
               <TextLine ID="r2l75"
                         BASELINE="1290"
                         HEIGHT="33"
                         WIDTH="609"
                         VPOS="1257"
                         HPOS="195">
                  <String HEIGHT="33"
                          WIDTH="124"
                          VPOS="1257"
                          HPOS="184"
                          CONTENT="iudicio"/>
                  <SP HEIGHT="33" WIDTH="11" VPOS="1257" HPOS="308"/>
                  <String HEIGHT="33"
                          WIDTH="102"
                          VPOS="1257"
                          HPOS="274"
                          CONTENT="etiam"/>
                  <SP HEIGHT="33" WIDTH="11" VPOS="1257" HPOS="375"/>
                  <String HEIGHT="33"
                          WIDTH="90"
                          VPOS="1257"
                          HPOS="342"
                          CONTENT="dico"/>
                  <SP HEIGHT="33" WIDTH="11" VPOS="1257" HPOS="432"/>
                  <String HEIGHT="33"
                          WIDTH="90"
                          VPOS="1257"
                          HPOS="398"
                          CONTENT="quod"/>
                  <SP HEIGHT="33" WIDTH="11" VPOS="1257" HPOS="488"/>
                  <String HEIGHT="33"
                          WIDTH="124"
                          VPOS="1257"
                          HPOS="454"
                          CONTENT="neutrum"/>
                  <SP HEIGHT="33" WIDTH="11" VPOS="1257" HPOS="578"/>
                  <String HEIGHT="33"
                          WIDTH="158"
                          VPOS="1257"
                          HPOS="545"
                          CONTENT="precipitur"/>
                  <SP HEIGHT="33" WIDTH="11" VPOS="1257" HPOS="703"/>
                  <String HEIGHT="33" WIDTH="79" VPOS="1257" HPOS="669" CONTENT="sed"/>
                  <SP HEIGHT="33" WIDTH="11" VPOS="1257" HPOS="748"/>
                  <String HEIGHT="33"
                          WIDTH="102"
                          VPOS="1257"
                          HPOS="703"
                          CONTENT="credere"/>
               </TextLine>
               <TextLine ID="r2l77"
                         BASELINE="1319"
                         HEIGHT="38"
                         WIDTH="609"
                         VPOS="1281"
                         HPOS="192">
                  <String HEIGHT="38"
                          WIDTH="89"
                          VPOS="1281"
                          HPOS="181"
                          CONTENT="quod"/>
                  <SP HEIGHT="38" WIDTH="11" VPOS="1281" HPOS="270"/>
                  <String HEIGHT="38"
                          WIDTH="100"
                          VPOS="1281"
                          HPOS="236"
                          CONTENT="erunt"/>
                  <SP HEIGHT="38" WIDTH="11" VPOS="1281" HPOS="336"/>
                  <String HEIGHT="38"
                          WIDTH="89"
                          VPOS="1281"
                          HPOS="303"
                          CONTENT="sibi"/>
                  <SP HEIGHT="38" WIDTH="11" VPOS="1281" HPOS="391"/>
                  <String HEIGHT="38"
                          WIDTH="155"
                          VPOS="1281"
                          HPOS="358"
                          CONTENT="precipitur"/>
                  <SP HEIGHT="38" WIDTH="11" VPOS="1281" HPOS="513"/>
                  <String HEIGHT="38" WIDTH="66" VPOS="1281" HPOS="480" CONTENT="et"/>
                  <SP HEIGHT="38" WIDTH="11" VPOS="1281" HPOS="546"/>
                  <String HEIGHT="38"
                          WIDTH="100"
                          VPOS="1281"
                          HPOS="513"
                          CONTENT="illud"/>
                  <SP HEIGHT="38" WIDTH="11" VPOS="1281" HPOS="613"/>
                  <String HEIGHT="38"
                          WIDTH="122"
                          VPOS="1281"
                          HPOS="580"
                          CONTENT="credere"/>
                  <SP HEIGHT="38" WIDTH="11" VPOS="1281" HPOS="701"/>
                  <String HEIGHT="38" WIDTH="78" VPOS="1281" HPOS="668" CONTENT="cum"/>
                  <SP HEIGHT="38" WIDTH="11" VPOS="1281" HPOS="746"/>
                  <String HEIGHT="38" WIDTH="78" VPOS="1281" HPOS="712" CONTENT="dei"/>
                  <SP HEIGHT="38" WIDTH="11" VPOS="1281" HPOS="790"/>
                  <String HEIGHT="38"
                          WIDTH="55"
                          VPOS="1281"
                          HPOS="746"
                          CONTENT="ad"
                          SUBS_TYPE="HypPart1"
                          SUBS_CONTENT="adiutorio"/>
                  <HYP CONTENT="-"/>
               </TextLine>
               <TextLine ID="r2l79"
                         BASELINE="1346"
                         HEIGHT="34"
                         WIDTH="609"
                         VPOS="1312"
                         HPOS="192">
                  <String HEIGHT="34"
                          WIDTH="129"
                          VPOS="1312"
                          HPOS="180"
                          CONTENT="iutorio"
                          SUBS_TYPE="HypPart2"
                          SUBS_CONTENT="adiutorio"/>
                  <SP HEIGHT="34" WIDTH="12" VPOS="1312" HPOS="309"/>
                  <String HEIGHT="34"
                          WIDTH="141"
                          VPOS="1312"
                          HPOS="274"
                          CONTENT="ecclesie"/>
                  <SP HEIGHT="34" WIDTH="12" VPOS="1312" HPOS="415"/>
                  <String HEIGHT="34"
                          WIDTH="129"
                          VPOS="1312"
                          HPOS="379"
                          CONTENT="collato"/>
                  <SP HEIGHT="34" WIDTH="12" VPOS="1312" HPOS="508"/>
                  <String HEIGHT="34"
                          WIDTH="105"
                          VPOS="1312"
                          HPOS="473"
                          CONTENT="satis"/>
                  <SP HEIGHT="34" WIDTH="12" VPOS="1312" HPOS="578"/>
                  <String HEIGHT="34" WIDTH="82" VPOS="1312" HPOS="543" CONTENT="est"/>
                  <SP HEIGHT="34" WIDTH="12" VPOS="1312" HPOS="625"/>
                  <String HEIGHT="34" WIDTH="70" VPOS="1312" HPOS="590" CONTENT="in"/>
                  <SP HEIGHT="34" WIDTH="12" VPOS="1312" HPOS="660"/>
                  <String HEIGHT="34"
                          WIDTH="94"
                          VPOS="1312"
                          HPOS="625"
                          CONTENT="eius"/>
                  <SP HEIGHT="34" WIDTH="12" VPOS="1312" HPOS="719"/>
                  <String HEIGHT="34"
                          WIDTH="129"
                          VPOS="1312"
                          HPOS="672"
                          CONTENT="potestate"/>
               </TextLine>
               <TextLine ID="r2l81"
                         BASELINE="1377"
                         HEIGHT="40"
                         WIDTH="606"
                         VPOS="1337"
                         HPOS="193">
                  <String HEIGHT="40" WIDTH="58" VPOS="1337" HPOS="181" CONTENT=""/>
                  <SP HEIGHT="40" WIDTH="12" VPOS="1337" HPOS="240"/>
                  <String HEIGHT="40"
                          WIDTH="117"
                          VPOS="1337"
                          HPOS="205"
                          CONTENT="Aliter"/>
                  <SP HEIGHT="40" WIDTH="12" VPOS="1337" HPOS="321"/>
                  <String HEIGHT="40"
                          WIDTH="117"
                          VPOS="1337"
                          HPOS="286"
                          CONTENT="igitur"/>
                  <SP HEIGHT="40" WIDTH="12" VPOS="1337" HPOS="403"/>
                  <String HEIGHT="40"
                          WIDTH="140"
                          VPOS="1337"
                          HPOS="368"
                          CONTENT="dicendum"/>
                  <SP HEIGHT="40" WIDTH="12" VPOS="1337" HPOS="508"/>
                  <String HEIGHT="40"
                          WIDTH="93"
                          VPOS="1337"
                          HPOS="473"
                          CONTENT="mihi"/>
                  <SP HEIGHT="40" WIDTH="12" VPOS="1337" HPOS="566"/>
                  <String HEIGHT="40"
                          WIDTH="128"
                          VPOS="1337"
                          HPOS="531"
                          CONTENT="videtur"/>
                  <SP HEIGHT="40" WIDTH="12" VPOS="1337" HPOS="659"/>
                  <String HEIGHT="40"
                          WIDTH="93"
                          VPOS="1337"
                          HPOS="624"
                          CONTENT="quod"/>
                  <SP HEIGHT="40" WIDTH="12" VPOS="1337" HPOS="717"/>
                  <String HEIGHT="40"
                          WIDTH="105"
                          VPOS="1337"
                          HPOS="682"
                          CONTENT="satis"/>
                  <SP HEIGHT="40" WIDTH="12" VPOS="1337" HPOS="787"/>
                  <String HEIGHT="40"
                          WIDTH="58"
                          VPOS="1337"
                          HPOS="741"
                          CONTENT="ra"
                          SUBS_TYPE="HypPart1"
                          SUBS_CONTENT="rationabiliter"/>
                  <HYP CONTENT="-"/>
               </TextLine>
               <TextLine ID="r2l83"
                         BASELINE="1400"
                         HEIGHT="34"
                         WIDTH="607"
                         VPOS="1366"
                         HPOS="193">
                  <String HEIGHT="34"
                          WIDTH="180"
                          VPOS="1366"
                          HPOS="182"
                          CONTENT="tionabiliter"
                          SUBS_TYPE="HypPart2"
                          SUBS_CONTENT="rationabiliter"/>
                  <SP HEIGHT="34" WIDTH="11" VPOS="1366" HPOS="362"/>
                  <String HEIGHT="34"
                          WIDTH="90"
                          VPOS="1366"
                          HPOS="328"
                          CONTENT="huic"/>
                  <SP HEIGHT="34" WIDTH="11" VPOS="1366" HPOS="418"/>
                  <String HEIGHT="34"
                          WIDTH="112"
                          VPOS="1366"
                          HPOS="384"
                          CONTENT="angelo"/>
                  <SP HEIGHT="34" WIDTH="11" VPOS="1366" HPOS="497"/>
                  <String HEIGHT="34"
                          WIDTH="90"
                          VPOS="1366"
                          HPOS="463"
                          CONTENT="quod"/>
                  <SP HEIGHT="34" WIDTH="11" VPOS="1366" HPOS="553"/>
                  <String HEIGHT="34" WIDTH="79" VPOS="1366" HPOS="519" CONTENT="non"/>
                  <SP HEIGHT="34" WIDTH="11" VPOS="1366" HPOS="598"/>
                  <String HEIGHT="34"
                          WIDTH="112"
                          VPOS="1366"
                          HPOS="564"
                          CONTENT="vellet"/>
                  <SP HEIGHT="34" WIDTH="11" VPOS="1366" HPOS="676"/>
                  <String HEIGHT="34"
                          WIDTH="135"
                          VPOS="1366"
                          HPOS="643"
                          CONTENT="complexe"/>
                  <SP HEIGHT="34" WIDTH="11" VPOS="1366" HPOS="778"/>
                  <String HEIGHT="34"
                          WIDTH="67"
                          VPOS="1366"
                          HPOS="733"
                          CONTENT="cir"
                          SUBS_TYPE="HypPart1"
                          SUBS_CONTENT="circa"/>
                  <HYP CONTENT="-"/>
               </TextLine>
               <TextLine ID="r2l85"
                         BASELINE="1429"
                         HEIGHT="32"
                         WIDTH="605"
                         VPOS="1397"
                         HPOS="194">
                  <String HEIGHT="32"
                          WIDTH="73"
                          VPOS="1397"
                          HPOS="182"
                          CONTENT="ca"
                          SUBS_TYPE="HypPart2"
                          SUBS_CONTENT="circa"/>
                  <SP HEIGHT="32" WIDTH="12" VPOS="1397" HPOS="255"/>
                  <String HEIGHT="32"
                          WIDTH="109"
                          VPOS="1397"
                          HPOS="218"
                          CONTENT="penam"/>
                  <SP HEIGHT="32" WIDTH="12" VPOS="1397" HPOS="327"/>
                  <String HEIGHT="32"
                          WIDTH="121"
                          VPOS="1397"
                          HPOS="291"
                          CONTENT="sortis"/>
                  <SP HEIGHT="32" WIDTH="12" VPOS="1397" HPOS="412"/>
                  <String HEIGHT="32"
                          WIDTH="97"
                          VPOS="1397"
                          HPOS="375"
                          CONTENT="nisi"/>
                  <SP HEIGHT="32" WIDTH="12" VPOS="1397" HPOS="472"/>
                  <String HEIGHT="32"
                          WIDTH="97"
                          VPOS="1397"
                          HPOS="436"
                          CONTENT="quod"/>
                  <SP HEIGHT="32" WIDTH="12" VPOS="1397" HPOS="533"/>
                  <String HEIGHT="32"
                          WIDTH="133"
                          VPOS="1397"
                          HPOS="497"
                          CONTENT="videndo"/>
                  <SP HEIGHT="32" WIDTH="12" VPOS="1397" HPOS="630"/>
                  <String HEIGHT="32"
                          WIDTH="121"
                          VPOS="1397"
                          HPOS="593"
                          CONTENT="verbum"/>
                  <SP HEIGHT="32" WIDTH="12" VPOS="1397" HPOS="714"/>
                  <String HEIGHT="32"
                          WIDTH="133"
                          VPOS="1397"
                          HPOS="666"
                          CONTENT="iudicaret"/>
               </TextLine>
               <TextLine ID="r2l87"
                         BASELINE="1460"
                         HEIGHT="39"
                         WIDTH="603"
                         VPOS="1421"
                         HPOS="192">
                  <String HEIGHT="39"
                          WIDTH="82"
                          VPOS="1421"
                          HPOS="182"
                          CONTENT="quod"/>
                  <SP HEIGHT="39" WIDTH="10" VPOS="1421" HPOS="264"/>
                  <String HEIGHT="39" WIDTH="72" VPOS="1421" HPOS="233" CONTENT="per"/>
                  <SP HEIGHT="39" WIDTH="10" VPOS="1421" HPOS="304"/>
                  <String HEIGHT="39"
                          WIDTH="92"
                          VPOS="1421"
                          HPOS="274"
                          CONTENT="actum"/>
                  <SP HEIGHT="39" WIDTH="10" VPOS="1421" HPOS="366"/>
                  <String HEIGHT="39"
                          WIDTH="92"
                          VPOS="1421"
                          HPOS="335"
                          CONTENT="istum"/>
                  <SP HEIGHT="39" WIDTH="10" VPOS="1421" HPOS="427"/>
                  <String HEIGHT="39"
                          WIDTH="82"
                          VPOS="1421"
                          HPOS="396"
                          CONTENT="deum"/>
                  <SP HEIGHT="39" WIDTH="10" VPOS="1421" HPOS="478"/>
                  <String HEIGHT="39" WIDTH="72" VPOS="1421" HPOS="448" CONTENT="sic"/>
                  <SP HEIGHT="39" WIDTH="10" VPOS="1421" HPOS="519"/>
                  <String HEIGHT="39"
                          WIDTH="102"
                          VPOS="1421"
                          HPOS="488"
                          CONTENT="vellet"/>
                  <SP HEIGHT="39" WIDTH="10" VPOS="1421" HPOS="591"/>
                  <String HEIGHT="39" WIDTH="72" VPOS="1421" HPOS="560" CONTENT="non"/>
                  <SP HEIGHT="39" WIDTH="10" VPOS="1421" HPOS="631"/>
                  <String HEIGHT="39"
                          WIDTH="92"
                          VPOS="1421"
                          HPOS="601"
                          CONTENT="tamen"/>
                  <SP HEIGHT="39" WIDTH="10" VPOS="1421" HPOS="693"/>
                  <String HEIGHT="39"
                          WIDTH="112"
                          VPOS="1421"
                          HPOS="662"
                          CONTENT="videtur"/>
                  <SP HEIGHT="39" WIDTH="10" VPOS="1421" HPOS="775"/>
                  <String HEIGHT="39"
                          WIDTH="61"
                          VPOS="1421"
                          HPOS="734"
                          CONTENT="mihi"/>
               </TextLine>
               <TextLine ID="r2l89"
                         BASELINE="1491"
                         HEIGHT="38"
                         WIDTH="601"
                         VPOS="1453"
                         HPOS="190">
                  <String HEIGHT="38"
                          WIDTH="76"
                          VPOS="1453"
                          HPOS="180"
                          CONTENT="quod"/>
                  <SP HEIGHT="38" WIDTH="10" VPOS="1453" HPOS="257"/>
                  <String HEIGHT="38"
                          WIDTH="95"
                          VPOS="1453"
                          HPOS="228"
                          CONTENT="posset"/>
                  <SP HEIGHT="38" WIDTH="10" VPOS="1453" HPOS="324"/>
                  <String HEIGHT="38"
                          WIDTH="76"
                          VPOS="1453"
                          HPOS="295"
                          CONTENT="sibi"/>
                  <SP HEIGHT="38" WIDTH="10" VPOS="1453" HPOS="371"/>
                  <String HEIGHT="38"
                          WIDTH="153"
                          VPOS="1453"
                          HPOS="343"
                          CONTENT="rationaliter"/>
                  <SP HEIGHT="38" WIDTH="10" VPOS="1453" HPOS="495"/>
                  <String HEIGHT="38"
                          WIDTH="105"
                          VPOS="1453"
                          HPOS="467"
                          CONTENT="precipi"/>
                  <SP HEIGHT="38" WIDTH="10" VPOS="1453" HPOS="572"/>
                  <String HEIGHT="38"
                          WIDTH="76"
                          VPOS="1453"
                          HPOS="543"
                          CONTENT="quod"/>
                  <SP HEIGHT="38" WIDTH="10" VPOS="1453" HPOS="619"/>
                  <String HEIGHT="38" WIDTH="67" VPOS="1453" HPOS="591" CONTENT="non"/>
                  <SP HEIGHT="38" WIDTH="10" VPOS="1453" HPOS="657"/>
                  <String HEIGHT="38"
                          WIDTH="95"
                          VPOS="1453"
                          HPOS="629"
                          CONTENT="vellet"/>
                  <SP HEIGHT="38" WIDTH="10" VPOS="1453" HPOS="724"/>
                  <String HEIGHT="38"
                          WIDTH="76"
                          VPOS="1453"
                          HPOS="696"
                          CONTENT="nisi"/>
                  <SP HEIGHT="38" WIDTH="10" VPOS="1453" HPOS="772"/>
                  <String HEIGHT="38"
                          WIDTH="57"
                          VPOS="1453"
                          HPOS="734"
                          CONTENT="quod"/>
               </TextLine>
               <TextLine ID="r2l91"
                         BASELINE="1518"
                         HEIGHT="38"
                         WIDTH="605"
                         VPOS="1480"
                         HPOS="196">
                  <String HEIGHT="38" WIDTH="65" VPOS="1480" HPOS="185" CONTENT="in"/>
                  <SP HEIGHT="38" WIDTH="11" VPOS="1480" HPOS="250"/>
                  <String HEIGHT="38"
                          WIDTH="97"
                          VPOS="1480"
                          HPOS="218"
                          CONTENT="verbo"/>
                  <SP HEIGHT="38" WIDTH="11" VPOS="1480" HPOS="315"/>
                  <String HEIGHT="38"
                          WIDTH="119"
                          VPOS="1480"
                          HPOS="282"
                          CONTENT="videret"/>
                  <SP HEIGHT="38" WIDTH="11" VPOS="1480" HPOS="401"/>
                  <String HEIGHT="38"
                          WIDTH="86"
                          VPOS="1480"
                          HPOS="369"
                          CONTENT="deum"/>
                  <SP HEIGHT="38" WIDTH="11" VPOS="1480" HPOS="455"/>
                  <String HEIGHT="38"
                          WIDTH="97"
                          VPOS="1480"
                          HPOS="423"
                          CONTENT="velle"/>
                  <SP HEIGHT="38" WIDTH="11" VPOS="1480" HPOS="520"/>
                  <String HEIGHT="38" WIDTH="76" VPOS="1480" HPOS="488" CONTENT="vel"/>
                  <SP HEIGHT="38" WIDTH="11" VPOS="1480" HPOS="563"/>
                  <String HEIGHT="38"
                          WIDTH="86"
                          VPOS="1480"
                          HPOS="531"
                          CONTENT="nisi"/>
                  <SP HEIGHT="38" WIDTH="11" VPOS="1480" HPOS="617"/>
                  <String HEIGHT="38"
                          WIDTH="86"
                          VPOS="1480"
                          HPOS="585"
                          CONTENT="quod"/>
                  <SP HEIGHT="38" WIDTH="11" VPOS="1480" HPOS="671"/>
                  <String HEIGHT="38"
                          WIDTH="119"
                          VPOS="1480"
                          HPOS="639"
                          CONTENT="videndo"/>
                  <SP HEIGHT="38" WIDTH="11" VPOS="1480" HPOS="758"/>
                  <String HEIGHT="38"
                          WIDTH="86"
                          VPOS="1480"
                          HPOS="715"
                          CONTENT="verbum"/>
               </TextLine>
               <TextLine ID="r2l93"
                         BASELINE="1544"
                         HEIGHT="36"
                         WIDTH="610"
                         VPOS="1508"
                         HPOS="194">
                  <String HEIGHT="36"
                          WIDTH="90"
                          VPOS="1508"
                          HPOS="183"
                          CONTENT="vere"/>
                  <SP HEIGHT="36" WIDTH="11" VPOS="1508" HPOS="273"/>
                  <String HEIGHT="36"
                          WIDTH="147"
                          VPOS="1508"
                          HPOS="239"
                          CONTENT="iudicaret"/>
                  <SP HEIGHT="36" WIDTH="11" VPOS="1508" HPOS="386"/>
                  <String HEIGHT="36" WIDTH="79" VPOS="1508" HPOS="352" CONTENT="per"/>
                  <SP HEIGHT="36" WIDTH="11" VPOS="1508" HPOS="431"/>
                  <String HEIGHT="36"
                          WIDTH="102"
                          VPOS="1508"
                          HPOS="397"
                          CONTENT="illam"/>
                  <SP HEIGHT="36" WIDTH="11" VPOS="1508" HPOS="499"/>
                  <String HEIGHT="36"
                          WIDTH="136"
                          VPOS="1508"
                          HPOS="465"
                          CONTENT="visionem"/>
                  <SP HEIGHT="36" WIDTH="11" VPOS="1508" HPOS="601"/>
                  <String HEIGHT="36"
                          WIDTH="90"
                          VPOS="1508"
                          HPOS="567"
                          CONTENT="deum"/>
                  <SP HEIGHT="36" WIDTH="11" VPOS="1508" HPOS="657"/>
                  <String HEIGHT="36"
                          WIDTH="102"
                          VPOS="1508"
                          HPOS="623"
                          CONTENT="velle"/>
                  <SP HEIGHT="36" WIDTH="11" VPOS="1508" HPOS="725"/>
                  <String HEIGHT="36"
                          WIDTH="90"
                          VPOS="1508"
                          HPOS="691"
                          CONTENT="quia"/>
                  <SP HEIGHT="36" WIDTH="11" VPOS="1508" HPOS="781"/>
                  <String HEIGHT="36" WIDTH="79" VPOS="1508" HPOS="748" CONTENT="non"/>
                  <SP HEIGHT="36" WIDTH="11" VPOS="1508" HPOS="827"/>
                  <String HEIGHT="36" WIDTH="23" VPOS="1508" HPOS="781" CONTENT=""/>
               </TextLine>
               <TextLine ID="r2l95"
                         BASELINE="1570"
                         HEIGHT="36"
                         WIDTH="603"
                         VPOS="1534"
                         HPOS="195">
                  <String HEIGHT="36"
                          WIDTH="108"
                          VPOS="1534"
                          HPOS="184"
                          CONTENT="posset"/>
                  <SP HEIGHT="36" WIDTH="11" VPOS="1534" HPOS="292"/>
                  <String HEIGHT="36" WIDTH="75" VPOS="1534" HPOS="260" CONTENT="sic"/>
                  <SP HEIGHT="36" WIDTH="11" VPOS="1534" HPOS="335"/>
                  <String HEIGHT="36"
                          WIDTH="86"
                          VPOS="1534"
                          HPOS="303"
                          CONTENT="esse"/>
                  <SP HEIGHT="36" WIDTH="11" VPOS="1534" HPOS="389"/>
                  <String HEIGHT="36"
                          WIDTH="118"
                          VPOS="1534"
                          HPOS="357"
                          CONTENT="euidens"/>
                  <SP HEIGHT="36" WIDTH="11" VPOS="1534" HPOS="475"/>
                  <String HEIGHT="36"
                          WIDTH="86"
                          VPOS="1534"
                          HPOS="443"
                          CONTENT="quod"/>
                  <SP HEIGHT="36" WIDTH="11" VPOS="1534" HPOS="529"/>
                  <String HEIGHT="36"
                          WIDTH="86"
                          VPOS="1534"
                          HPOS="497"
                          CONTENT="vere"/>
                  <SP HEIGHT="36" WIDTH="11" VPOS="1534" HPOS="583"/>
                  <String HEIGHT="36"
                          WIDTH="118"
                          VPOS="1534"
                          HPOS="550"
                          CONTENT="iudicat"/>
                  <SP HEIGHT="36" WIDTH="11" VPOS="1534" HPOS="669"/>
                  <String HEIGHT="36" WIDTH="75" VPOS="1534" HPOS="636" CONTENT="nec"/>
                  <SP HEIGHT="36" WIDTH="11" VPOS="1534" HPOS="712"/>
                  <String HEIGHT="36" WIDTH="65" VPOS="1534" HPOS="680" CONTENT="in"/>
                  <SP HEIGHT="36" WIDTH="11" VPOS="1534" HPOS="744"/>
                  <String HEIGHT="36"
                          WIDTH="86"
                          VPOS="1534"
                          HPOS="712"
                          CONTENT="eius"/>
                  <SP HEIGHT="36" WIDTH="11" VPOS="1534" HPOS="798"/>
                  <String HEIGHT="36" WIDTH="43" VPOS="1534" HPOS="755" CONTENT="po"/>
               </TextLine>
               <TextLine ID="r2l97"
                         BASELINE="1602"
                         HEIGHT="36"
                         WIDTH="606"
                         VPOS="1566"
                         HPOS="196">
                  <String HEIGHT="36"
                          WIDTH="111"
                          VPOS="1566"
                          HPOS="186"
                          CONTENT="testate"/>
                  <SP HEIGHT="36" WIDTH="10" VPOS="1566" HPOS="297"/>
                  <String HEIGHT="36" WIDTH="71" VPOS="1566" HPOS="267" CONTENT="est"/>
                  <SP HEIGHT="36" WIDTH="10" VPOS="1566" HPOS="337"/>
                  <String HEIGHT="36"
                          WIDTH="101"
                          VPOS="1566"
                          HPOS="307"
                          CONTENT="tantum"/>
                  <SP HEIGHT="36" WIDTH="10" VPOS="1566" HPOS="408"/>
                  <String HEIGHT="36"
                          WIDTH="91"
                          VPOS="1566"
                          HPOS="378"
                          CONTENT="velle"/>
                  <SP HEIGHT="36" WIDTH="10" VPOS="1566" HPOS="469"/>
                  <String HEIGHT="36"
                          WIDTH="81"
                          VPOS="1566"
                          HPOS="438"
                          CONTENT="quod"/>
                  <SP HEIGHT="36" WIDTH="10" VPOS="1566" HPOS="519"/>
                  <String HEIGHT="36"
                          WIDTH="81"
                          VPOS="1566"
                          HPOS="489"
                          CONTENT="vere"/>
                  <SP HEIGHT="36" WIDTH="10" VPOS="1566" HPOS="570"/>
                  <String HEIGHT="36"
                          WIDTH="111"
                          VPOS="1566"
                          HPOS="539"
                          CONTENT="iudicat"/>
                  <SP HEIGHT="36" WIDTH="10" VPOS="1566" HPOS="651"/>
                  <String HEIGHT="36"
                          WIDTH="81"
                          VPOS="1566"
                          HPOS="620"
                          CONTENT="deum"/>
                  <SP HEIGHT="36" WIDTH="10" VPOS="1566" HPOS="701"/>
                  <String HEIGHT="36"
                          WIDTH="91"
                          VPOS="1566"
                          HPOS="671"
                          CONTENT="velle"/>
                  <SP HEIGHT="36" WIDTH="10" VPOS="1566" HPOS="762"/>
                  <String HEIGHT="36"
                          WIDTH="81"
                          VPOS="1566"
                          HPOS="721"
                          CONTENT="respe"
                          SUBS_TYPE="HypPart1"
                          SUBS_CONTENT="respectu"/>
                  <HYP CONTENT="-"/>
               </TextLine>
               <TextLine ID="r2l99"
                         BASELINE="1620"
                         HEIGHT="26"
                         WIDTH="593"
                         VPOS="1594"
                         HPOS="203">
                  <String HEIGHT="26"
                          WIDTH="75"
                          VPOS="1594"
                          HPOS="192"
                          CONTENT="ctu"
                          SUBS_TYPE="HypPart2"
                          SUBS_CONTENT="respectu"/>
                  <SP HEIGHT="26" WIDTH="11" VPOS="1594" HPOS="268"/>
                  <String HEIGHT="26"
                          WIDTH="108"
                          VPOS="1594"
                          HPOS="235"
                          CONTENT="talium"/>
                  <SP HEIGHT="26" WIDTH="11" VPOS="1594" HPOS="343"/>
                  <String HEIGHT="26"
                          WIDTH="140"
                          VPOS="1594"
                          HPOS="311"
                          CONTENT="futurorum"/>
                  <SP HEIGHT="26" WIDTH="11" VPOS="1594" HPOS="451"/>
                  <String HEIGHT="26"
                          WIDTH="183"
                          VPOS="1594"
                          HPOS="419"
                          CONTENT="contingentium"/>
                  <SP HEIGHT="26" WIDTH="11" VPOS="1594" HPOS="602"/>
                  <String HEIGHT="26"
                          WIDTH="97"
                          VPOS="1594"
                          HPOS="570"
                          CONTENT="sicut"/>
                  <SP HEIGHT="26" WIDTH="11" VPOS="1594" HPOS="667"/>
                  <String HEIGHT="26"
                          WIDTH="97"
                          VPOS="1594"
                          HPOS="634"
                          CONTENT="satis"/>
                  <SP HEIGHT="26" WIDTH="11" VPOS="1594" HPOS="731"/>
                  <String HEIGHT="26"
                          WIDTH="108"
                          VPOS="1594"
                          HPOS="688"
                          CONTENT="deductum"/>
               </TextLine>
               <TextLine ID="r2l101"
                         BASELINE="1659"
                         HEIGHT="38"
                         WIDTH="604"
                         VPOS="1621"
                         HPOS="196">
                  <String HEIGHT="38" WIDTH="72" VPOS="1621" HPOS="186" CONTENT="est"/>
                  <SP HEIGHT="38" WIDTH="10" VPOS="1621" HPOS="257"/>
                  <String HEIGHT="38"
                          WIDTH="102"
                          VPOS="1621"
                          HPOS="227"
                          CONTENT="igitur"/>
                  <SP HEIGHT="38" WIDTH="10" VPOS="1621" HPOS="329"/>
                  <String HEIGHT="38" WIDTH="72" VPOS="1621" HPOS="298" CONTENT="non"/>
                  <SP HEIGHT="38" WIDTH="10" VPOS="1621" HPOS="370"/>
                  <String HEIGHT="38" WIDTH="72" VPOS="1621" HPOS="339" CONTENT="est"/>
                  <SP HEIGHT="38" WIDTH="10" VPOS="1621" HPOS="411"/>
                  <String HEIGHT="38"
                          WIDTH="92"
                          VPOS="1621"
                          HPOS="380"
                          CONTENT="satis"/>
                  <SP HEIGHT="38" WIDTH="10" VPOS="1621" HPOS="472"/>
                  <String HEIGHT="38"
                          WIDTH="133"
                          VPOS="1621"
                          HPOS="442"
                          CONTENT="rationale"/>
                  <SP HEIGHT="38" WIDTH="10" VPOS="1621" HPOS="575"/>
                  <String HEIGHT="38"
                          WIDTH="82"
                          VPOS="1621"
                          HPOS="544"
                          CONTENT="quod"/>
                  <SP HEIGHT="38" WIDTH="10" VPOS="1621" HPOS="626"/>
                  <String HEIGHT="38" WIDTH="61" VPOS="1621" HPOS="595" CONTENT="ad"/>
                  <SP HEIGHT="38" WIDTH="10" VPOS="1621" HPOS="657"/>
                  <String HEIGHT="38" WIDTH="72" VPOS="1621" HPOS="626" CONTENT="hoc"/>
                  <SP HEIGHT="38" WIDTH="10" VPOS="1621" HPOS="698"/>
                  <String HEIGHT="38" WIDTH="72" VPOS="1621" HPOS="667" CONTENT="per"/>
                  <SP HEIGHT="38" WIDTH="10" VPOS="1621" HPOS="739"/>
                  <String HEIGHT="38"
                          WIDTH="113"
                          VPOS="1621"
                          HPOS="708"
                          CONTENT="aliquod"/>
                  <SP HEIGHT="38" WIDTH="10" VPOS="1621" HPOS="820"/>
                  <String HEIGHT="38" WIDTH="20" VPOS="1621" HPOS="780" CONTENT=""/>
               </TextLine>
               <TextLine ID="r2l103"
                         BASELINE="1683"
                         HEIGHT="35"
                         WIDTH="581"
                         VPOS="1648"
                         HPOS="202">
                  <String HEIGHT="35"
                          WIDTH="172"
                          VPOS="1648"
                          HPOS="189"
                          CONTENT="preceptum"/>
                  <SP HEIGHT="35" WIDTH="13" VPOS="1648" HPOS="360"/>
                  <String HEIGHT="35" WIDTH="92" VPOS="1648" HPOS="321" CONTENT="sub"/>
                  <SP HEIGHT="35" WIDTH="13" VPOS="1648" HPOS="413"/>
                  <String HEIGHT="35"
                          WIDTH="106"
                          VPOS="1648"
                          HPOS="374"
                          CONTENT="pena"/>
                  <SP HEIGHT="35" WIDTH="13" VPOS="1648" HPOS="479"/>
                  <String HEIGHT="35"
                          WIDTH="119"
                          VPOS="1648"
                          HPOS="440"
                          CONTENT="culpe"/>
                  <SP HEIGHT="35" WIDTH="13" VPOS="1648" HPOS="559"/>
                  <String HEIGHT="35"
                          WIDTH="158"
                          VPOS="1648"
                          HPOS="519"
                          CONTENT="mortalis"/>
                  <SP HEIGHT="35" WIDTH="13" VPOS="1648" HPOS="677"/>
                  <String HEIGHT="35"
                          WIDTH="158"
                          VPOS="1648"
                          HPOS="625"
                          CONTENT="obligetur."/>
               </TextLine>
               <TextLine ID="r2l105"
                         BASELINE="1712"
                         HEIGHT="37"
                         WIDTH="591"
                         VPOS="1675"
                         HPOS="206">
                  <String HEIGHT="37" WIDTH="59" VPOS="1675" HPOS="194" CONTENT=""/>
                  <SP HEIGHT="37" WIDTH="12" VPOS="1675" HPOS="253"/>
                  <String HEIGHT="37"
                          WIDTH="130"
                          VPOS="1675"
                          HPOS="218"
                          CONTENT="Tertium"/>
                  <SP HEIGHT="37" WIDTH="12" VPOS="1675" HPOS="348"/>
                  <String HEIGHT="37"
                          WIDTH="118"
                          VPOS="1675"
                          HPOS="312"
                          CONTENT="dubium"/>
                  <SP HEIGHT="37" WIDTH="12" VPOS="1675" HPOS="431"/>
                  <String HEIGHT="37" WIDTH="59" VPOS="1675" HPOS="395" CONTENT=""/>
                  <SP HEIGHT="37" WIDTH="12" VPOS="1675" HPOS="454"/>
                  <String HEIGHT="37" WIDTH="71" VPOS="1675" HPOS="419" CONTENT="An"/>
                  <SP HEIGHT="37" WIDTH="12" VPOS="1675" HPOS="490"/>
                  <String HEIGHT="37"
                          WIDTH="154"
                          VPOS="1675"
                          HPOS="454"
                          CONTENT="sufficiat"/>
                  <SP HEIGHT="37" WIDTH="12" VPOS="1675" HPOS="608"/>
                  <String HEIGHT="37"
                          WIDTH="118"
                          VPOS="1675"
                          HPOS="572"
                          CONTENT="dicere"/>
                  <SP HEIGHT="37" WIDTH="12" VPOS="1675" HPOS="691"/>
                  <String HEIGHT="37"
                          WIDTH="106"
                          VPOS="1675"
                          HPOS="655"
                          CONTENT="sicut"/>
                  <SP HEIGHT="37" WIDTH="12" VPOS="1675" HPOS="762"/>
                  <String HEIGHT="37"
                          WIDTH="83"
                          VPOS="1675"
                          HPOS="714"
                          CONTENT="dicit"/>
               </TextLine>
               <TextLine ID="r2l107"
                         BASELINE="1744"
                         HEIGHT="41"
                         WIDTH="605"
                         VPOS="1703"
                         HPOS="194">
                  <String HEIGHT="41"
                          WIDTH="117"
                          VPOS="1703"
                          HPOS="183"
                          CONTENT="syrens."/>
                  <SP HEIGHT="41" WIDTH="11" VPOS="1703" HPOS="300"/>
                  <String HEIGHT="41" WIDTH="64" VPOS="1703" HPOS="268" CONTENT="in"/>
                  <SP HEIGHT="41" WIDTH="11" VPOS="1703" HPOS="332"/>
                  <String HEIGHT="41"
                          WIDTH="117"
                          VPOS="1703"
                          HPOS="300"
                          CONTENT="lectura"/>
                  <SP HEIGHT="41" WIDTH="11" VPOS="1703" HPOS="417"/>
                  <String HEIGHT="41"
                          WIDTH="85"
                          VPOS="1703"
                          HPOS="385"
                          CONTENT="quod"/>
                  <SP HEIGHT="41" WIDTH="11" VPOS="1703" HPOS="470"/>
                  <String HEIGHT="41"
                          WIDTH="106"
                          VPOS="1703"
                          HPOS="438"
                          CONTENT="quando"/>
                  <SP HEIGHT="41" WIDTH="11" VPOS="1703" HPOS="544"/>
                  <String HEIGHT="41" WIDTH="64" VPOS="1703" HPOS="512" CONTENT="ex"/>
                  <SP HEIGHT="41" WIDTH="11" VPOS="1703" HPOS="576"/>
                  <String HEIGHT="41"
                          WIDTH="85"
                          VPOS="1703"
                          HPOS="544"
                          CONTENT="tali"/>
                  <SP HEIGHT="41" WIDTH="11" VPOS="1703" HPOS="629"/>
                  <String HEIGHT="41"
                          WIDTH="159"
                          VPOS="1703"
                          HPOS="597"
                          CONTENT="reuelatione"/>
                  <SP HEIGHT="41" WIDTH="11" VPOS="1703" HPOS="757"/>
                  <String HEIGHT="41"
                          WIDTH="85"
                          VPOS="1703"
                          HPOS="714"
                          CONTENT="aliqua"/>
               </TextLine>
               <TextLine ID="r2l109"
                         BASELINE="1769"
                         HEIGHT="35"
                         WIDTH="588"
                         VPOS="1734"
                         HPOS="200">
                  <String HEIGHT="35"
                          WIDTH="144"
                          VPOS="1734"
                          HPOS="188"
                          CONTENT="creatura"/>
                  <SP HEIGHT="35" WIDTH="12" VPOS="1734" HPOS="332"/>
                  <String HEIGHT="35"
                          WIDTH="168"
                          VPOS="1734"
                          HPOS="296"
                          CONTENT="rationalis"/>
                  <SP HEIGHT="35" WIDTH="12" VPOS="1734" HPOS="464"/>
                  <String HEIGHT="35"
                          WIDTH="96"
                          VPOS="1734"
                          HPOS="428"
                          CONTENT="vult"/>
                  <SP HEIGHT="35" WIDTH="12" VPOS="1734" HPOS="524"/>
                  <String HEIGHT="35"
                          WIDTH="132"
                          VPOS="1734"
                          HPOS="488"
                          CONTENT="aliquid"/>
                  <SP HEIGHT="35" WIDTH="12" VPOS="1734" HPOS="620"/>
                  <String HEIGHT="35"
                          WIDTH="144"
                          VPOS="1734"
                          HPOS="584"
                          CONTENT="absolute"/>
                  <SP HEIGHT="35" WIDTH="12" VPOS="1734" HPOS="728"/>
                  <String HEIGHT="35"
                          WIDTH="96"
                          VPOS="1734"
                          HPOS="692"
                          CONTENT="esse"/>
                  <SP HEIGHT="35" WIDTH="12" VPOS="1734" HPOS="788"/>
                  <String HEIGHT="35" WIDTH="48" VPOS="1734" HPOS="740" CONTENT="fu"/>
               </TextLine>
               <TextLine ID="r2l111"
                         BASELINE="1800"
                         HEIGHT="37"
                         WIDTH="600"
                         VPOS="1763"
                         HPOS="194">
                  <String HEIGHT="37"
                          WIDTH="95"
                          VPOS="1763"
                          HPOS="183"
                          CONTENT="turum"/>
                  <SP HEIGHT="37" WIDTH="11" VPOS="1763" HPOS="278"/>
                  <String HEIGHT="37" WIDTH="74" VPOS="1763" HPOS="247" CONTENT="vel"/>
                  <SP HEIGHT="37" WIDTH="11" VPOS="1763" HPOS="320"/>
                  <String HEIGHT="37"
                          WIDTH="126"
                          VPOS="1763"
                          HPOS="289"
                          CONTENT="absolute"/>
                  <SP HEIGHT="37" WIDTH="11" VPOS="1763" HPOS="415"/>
                  <String HEIGHT="37" WIDTH="74" VPOS="1763" HPOS="383" CONTENT="non"/>
                  <SP HEIGHT="37" WIDTH="11" VPOS="1763" HPOS="457"/>
                  <String HEIGHT="37"
                          WIDTH="84"
                          VPOS="1763"
                          HPOS="426"
                          CONTENT="esse"/>
                  <SP HEIGHT="37" WIDTH="11" VPOS="1763" HPOS="510"/>
                  <String HEIGHT="37"
                          WIDTH="116"
                          VPOS="1763"
                          HPOS="478"
                          CONTENT="futurum"/>
                  <SP HEIGHT="37" WIDTH="11" VPOS="1763" HPOS="594"/>
                  <String HEIGHT="37" WIDTH="74" VPOS="1763" HPOS="562" CONTENT="sit"/>
                  <SP HEIGHT="37" WIDTH="11" VPOS="1763" HPOS="636"/>
                  <String HEIGHT="37"
                          WIDTH="95"
                          VPOS="1763"
                          HPOS="605"
                          CONTENT="istud"/>
                  <SP HEIGHT="37" WIDTH="11" VPOS="1763" HPOS="699"/>
                  <String HEIGHT="37"
                          WIDTH="116"
                          VPOS="1763"
                          HPOS="668"
                          CONTENT="futurum"/>
                  <SP HEIGHT="37" WIDTH="11" VPOS="1763" HPOS="783"/>
                  <String HEIGHT="37" WIDTH="53" VPOS="1763" HPOS="741" CONTENT="con"/>
               </TextLine>
               <TextLine ID="r2l113"
                         BASELINE="1828"
                         HEIGHT="35"
                         WIDTH="586"
                         VPOS="1793"
                         HPOS="203">
                  <String HEIGHT="35"
                          WIDTH="129"
                          VPOS="1793"
                          HPOS="191"
                          CONTENT="tingens"/>
                  <SP HEIGHT="35" WIDTH="12" VPOS="1793" HPOS="320"/>
                  <String HEIGHT="35"
                          WIDTH="152"
                          VPOS="1793"
                          HPOS="285"
                          CONTENT="dependens"/>
                  <SP HEIGHT="35" WIDTH="12" VPOS="1793" HPOS="437"/>
                  <String HEIGHT="35" WIDTH="59" VPOS="1793" HPOS="402" CONTENT="a"/>
                  <SP HEIGHT="35" WIDTH="12" VPOS="1793" HPOS="461"/>
                  <String HEIGHT="35"
                          WIDTH="152"
                          VPOS="1793"
                          HPOS="426"
                          CONTENT="libertate"/>
                  <SP HEIGHT="35" WIDTH="12" VPOS="1793" HPOS="578"/>
                  <String HEIGHT="35"
                          WIDTH="141"
                          VPOS="1793"
                          HPOS="543"
                          CONTENT="arbitrii"/>
                  <SP HEIGHT="35" WIDTH="12" VPOS="1793" HPOS="684"/>
                  <String HEIGHT="35"
                          WIDTH="94"
                          VPOS="1793"
                          HPOS="648"
                          CONTENT="tunc"/>
                  <SP HEIGHT="35" WIDTH="12" VPOS="1793" HPOS="742"/>
                  <String HEIGHT="35"
                          WIDTH="94"
                          VPOS="1793"
                          HPOS="695"
                          CONTENT="tenere"/>
               </TextLine>
               <TextLine ID="r2l115"
                         BASELINE="1858"
                         HEIGHT="37"
                         WIDTH="597"
                         VPOS="1821"
                         HPOS="200">
                  <String HEIGHT="37"
                          WIDTH="82"
                          VPOS="1821"
                          HPOS="190"
                          CONTENT="vult"/>
                  <SP HEIGHT="37" WIDTH="10" VPOS="1821" HPOS="272"/>
                  <String HEIGHT="37" WIDTH="62" VPOS="1821" HPOS="241" CONTENT="et"/>
                  <SP HEIGHT="37" WIDTH="10" VPOS="1821" HPOS="303"/>
                  <String HEIGHT="37"
                          WIDTH="103"
                          VPOS="1821"
                          HPOS="272"
                          CONTENT="peccat"/>
                  <SP HEIGHT="37" WIDTH="10" VPOS="1821" HPOS="375"/>
                  <String HEIGHT="37" WIDTH="62" VPOS="1821" HPOS="344" CONTENT="et"/>
                  <SP HEIGHT="37" WIDTH="10" VPOS="1821" HPOS="406"/>
                  <String HEIGHT="37"
                          WIDTH="113"
                          VPOS="1821"
                          HPOS="375"
                          CONTENT="videtur"/>
                  <SP HEIGHT="37" WIDTH="10" VPOS="1821" HPOS="488"/>
                  <String HEIGHT="37"
                          WIDTH="82"
                          VPOS="1821"
                          HPOS="457"
                          CONTENT="quod"/>
                  <SP HEIGHT="37" WIDTH="10" VPOS="1821" HPOS="540"/>
                  <String HEIGHT="37" WIDTH="72" VPOS="1821" HPOS="509" CONTENT="sic"/>
                  <SP HEIGHT="37" WIDTH="10" VPOS="1821" HPOS="581"/>
                  <String HEIGHT="37"
                          WIDTH="82"
                          VPOS="1821"
                          HPOS="550"
                          CONTENT="quia"/>
                  <SP HEIGHT="37" WIDTH="10" VPOS="1821" HPOS="632"/>
                  <String HEIGHT="37" WIDTH="62" VPOS="1821" HPOS="601" CONTENT="an"/>
                  <SP HEIGHT="37" WIDTH="10" VPOS="1821" HPOS="663"/>
                  <String HEIGHT="37" WIDTH="72" VPOS="1821" HPOS="632" CONTENT="sua"/>
                  <SP HEIGHT="37" WIDTH="10" VPOS="1821" HPOS="704"/>
                  <String HEIGHT="37"
                          WIDTH="113"
                          VPOS="1821"
                          HPOS="673"
                          CONTENT="volitio"/>
                  <SP HEIGHT="37" WIDTH="10" VPOS="1821" HPOS="787"/>
                  <String HEIGHT="37" WIDTH="51" VPOS="1821" HPOS="746" CONTENT="sit"/>
               </TextLine>
               <TextLine ID="r2l117"
                         BASELINE="1882"
                         HEIGHT="32"
                         WIDTH="599"
                         VPOS="1850"
                         HPOS="191">
                  <String HEIGHT="32"
                          WIDTH="112"
                          VPOS="1850"
                          HPOS="179"
                          CONTENT="recta"/>
                  <SP HEIGHT="32" WIDTH="12" VPOS="1850" HPOS="291"/>
                  <String HEIGHT="32" WIDTH="87" VPOS="1850" HPOS="253" CONTENT="aut"/>
                  <SP HEIGHT="32" WIDTH="12" VPOS="1850" HPOS="341"/>
                  <String HEIGHT="32" WIDTH="87" VPOS="1850" HPOS="303" CONTENT="non"/>
                  <SP HEIGHT="32" WIDTH="12" VPOS="1850" HPOS="391"/>
                  <String HEIGHT="32"
                          WIDTH="150"
                          VPOS="1850"
                          HPOS="353"
                          CONTENT="dependet"/>
                  <SP HEIGHT="32" WIDTH="12" VPOS="1850" HPOS="503"/>
                  <String HEIGHT="32" WIDTH="62" VPOS="1850" HPOS="466" CONTENT="a"/>
                  <SP HEIGHT="32" WIDTH="12" VPOS="1850" HPOS="528"/>
                  <String HEIGHT="32"
                          WIDTH="125"
                          VPOS="1850"
                          HPOS="490"
                          CONTENT="futuro"/>
                  <SP HEIGHT="32" WIDTH="12" VPOS="1850" HPOS="615"/>
                  <String HEIGHT="32"
                          WIDTH="187"
                          VPOS="1850"
                          HPOS="578"
                          CONTENT="contingenti"/>
                  <SP HEIGHT="32" WIDTH="12" VPOS="1850" HPOS="765"/>
                  <String HEIGHT="32"
                          WIDTH="75"
                          VPOS="1850"
                          HPOS="715"
                          CONTENT="mere"/>
               </TextLine>
               <TextLine ID="r2l119"
                         BASELINE="1916"
                         HEIGHT="41"
                         WIDTH="586"
                         VPOS="1875"
                         HPOS="201">
                  <String HEIGHT="41"
                          WIDTH="115"
                          VPOS="1875"
                          HPOS="190"
                          CONTENT="igitur"/>
                  <SP HEIGHT="41" WIDTH="11" VPOS="1875" HPOS="304"/>
                  <String HEIGHT="41"
                          WIDTH="149"
                          VPOS="1875"
                          HPOS="270"
                          CONTENT="eliciendo"/>
                  <SP HEIGHT="41" WIDTH="11" VPOS="1875" HPOS="419"/>
                  <String HEIGHT="41"
                          WIDTH="103"
                          VPOS="1875"
                          HPOS="385"
                          CONTENT="talem"/>
                  <SP HEIGHT="41" WIDTH="11" VPOS="1875" HPOS="488"/>
                  <String HEIGHT="41"
                          WIDTH="161"
                          VPOS="1875"
                          HPOS="454"
                          CONTENT="volitionem"/>
                  <SP HEIGHT="41" WIDTH="11" VPOS="1875" HPOS="615"/>
                  <String HEIGHT="41"
                          WIDTH="149"
                          VPOS="1875"
                          HPOS="580"
                          CONTENT="absolutam"/>
                  <SP HEIGHT="41" WIDTH="11" VPOS="1875" HPOS="730"/>
                  <String HEIGHT="41"
                          WIDTH="103"
                          VPOS="1875"
                          HPOS="684"
                          CONTENT="exponit"/>
               </TextLine>
               <TextLine ID="r2l121"
                         BASELINE="1941"
                         HEIGHT="36"
                         WIDTH="593"
                         VPOS="1905"
                         HPOS="201">
                  <String HEIGHT="36" WIDTH="68" VPOS="1905" HPOS="190" CONTENT="se"/>
                  <SP HEIGHT="36" WIDTH="11" VPOS="1905" HPOS="258"/>
                  <String HEIGHT="36"
                          WIDTH="103"
                          VPOS="1905"
                          HPOS="224"
                          CONTENT="dubio"/>
                  <SP HEIGHT="36" WIDTH="11" VPOS="1905" HPOS="326"/>
                  <String HEIGHT="36" WIDTH="80" VPOS="1905" HPOS="292" CONTENT="seu"/>
                  <SP HEIGHT="36" WIDTH="11" VPOS="1905" HPOS="372"/>
                  <String HEIGHT="36"
                          WIDTH="137"
                          VPOS="1905"
                          HPOS="338"
                          CONTENT="periculo"/>
                  <SP HEIGHT="36" WIDTH="11" VPOS="1905" HPOS="475"/>
                  <String HEIGHT="36"
                          WIDTH="114"
                          VPOS="1905"
                          HPOS="440"
                          CONTENT="igitur"/>
                  <SP HEIGHT="36" WIDTH="11" VPOS="1905" HPOS="555"/>
                  <String HEIGHT="36"
                          WIDTH="114"
                          VPOS="1905"
                          HPOS="520"
                          CONTENT="peccat"/>
                  <SP HEIGHT="36" WIDTH="11" VPOS="1905" HPOS="634"/>
                  <String HEIGHT="36"
                          WIDTH="103"
                          VPOS="1905"
                          HPOS="600"
                          CONTENT="velle"/>
                  <SP HEIGHT="36" WIDTH="11" VPOS="1905" HPOS="703"/>
                  <String HEIGHT="36"
                          WIDTH="91"
                          VPOS="1905"
                          HPOS="669"
                          CONTENT="enim"/>
                  <SP HEIGHT="36" WIDTH="11" VPOS="1905" HPOS="760"/>
                  <String HEIGHT="36"
                          WIDTH="80"
                          VPOS="1905"
                          HPOS="714"
                          CONTENT="abso"
                          SUBS_TYPE="HypPart1"
                          SUBS_CONTENT="absolute"/>
                  <HYP CONTENT="-"/>
               </TextLine>
               <TextLine ID="r2l123"
                         BASELINE="1968"
                         HEIGHT="36"
                         WIDTH="600"
                         VPOS="1932"
                         HPOS="195">
                  <String HEIGHT="36"
                          WIDTH="89"
                          VPOS="1932"
                          HPOS="184"
                          CONTENT="lute"
                          SUBS_TYPE="HypPart2"
                          SUBS_CONTENT="absolute"/>
                  <SP HEIGHT="36" WIDTH="11" VPOS="1932" HPOS="273"/>
                  <String HEIGHT="36"
                          WIDTH="89"
                          VPOS="1932"
                          HPOS="239"
                          CONTENT="quod"/>
                  <SP HEIGHT="36" WIDTH="11" VPOS="1932" HPOS="328"/>
                  <String HEIGHT="36" WIDTH="78" VPOS="1932" HPOS="295" CONTENT="non"/>
                  <SP HEIGHT="36" WIDTH="11" VPOS="1932" HPOS="373"/>
                  <String HEIGHT="36" WIDTH="78" VPOS="1932" HPOS="339" CONTENT="est"/>
                  <SP HEIGHT="36" WIDTH="11" VPOS="1932" HPOS="417"/>
                  <String HEIGHT="36"
                          WIDTH="133"
                          VPOS="1932"
                          HPOS="384"
                          CONTENT="volendum"/>
                  <SP HEIGHT="36" WIDTH="11" VPOS="1932" HPOS="517"/>
                  <String HEIGHT="36"
                          WIDTH="89"
                          VPOS="1932"
                          HPOS="484"
                          CONTENT="nisi"/>
                  <SP HEIGHT="36" WIDTH="11" VPOS="1932" HPOS="573"/>
                  <String HEIGHT="36" WIDTH="78" VPOS="1932" HPOS="539" CONTENT="sub"/>
                  <SP HEIGHT="36" WIDTH="11" VPOS="1932" HPOS="617"/>
                  <String HEIGHT="36"
                          WIDTH="156"
                          VPOS="1932"
                          HPOS="584"
                          CONTENT="conditione"/>
                  <SP HEIGHT="36" WIDTH="11" VPOS="1932" HPOS="739"/>
                  <String HEIGHT="36" WIDTH="78" VPOS="1932" HPOS="706" CONTENT="est"/>
                  <SP HEIGHT="36" WIDTH="11" VPOS="1932" HPOS="784"/>
                  <String HEIGHT="36" WIDTH="56" VPOS="1932" HPOS="739" CONTENT="pec"/>
               </TextLine>
               <TextLine ID="r2l125"
                         BASELINE="1998"
                         HEIGHT="34"
                         WIDTH="597"
                         VPOS="1964"
                         HPOS="191">
                  <String HEIGHT="34"
                          WIDTH="103"
                          VPOS="1964"
                          HPOS="180"
                          CONTENT="care:"/>
                  <SP HEIGHT="34" WIDTH="11" VPOS="1964" HPOS="283"/>
                  <String HEIGHT="34" WIDTH="80" VPOS="1964" HPOS="248" CONTENT="sed"/>
                  <SP HEIGHT="34" WIDTH="11" VPOS="1964" HPOS="329"/>
                  <String HEIGHT="34"
                          WIDTH="115"
                          VPOS="1964"
                          HPOS="294"
                          CONTENT="sortem"/>
                  <SP HEIGHT="34" WIDTH="11" VPOS="1964" HPOS="409"/>
                  <String HEIGHT="34"
                          WIDTH="126"
                          VPOS="1964"
                          HPOS="375"
                          CONTENT="damnari"/>
                  <SP HEIGHT="34" WIDTH="11" VPOS="1964" HPOS="501"/>
                  <String HEIGHT="34" WIDTH="80" VPOS="1964" HPOS="467" CONTENT="non"/>
                  <SP HEIGHT="34" WIDTH="11" VPOS="1964" HPOS="547"/>
                  <String HEIGHT="34" WIDTH="80" VPOS="1964" HPOS="512" CONTENT="est"/>
                  <SP HEIGHT="34" WIDTH="11" VPOS="1964" HPOS="593"/>
                  <String HEIGHT="34"
                          WIDTH="138"
                          VPOS="1964"
                          HPOS="558"
                          CONTENT="volendum"/>
                  <SP HEIGHT="34" WIDTH="11" VPOS="1964" HPOS="696"/>
                  <String HEIGHT="34" WIDTH="57" VPOS="1964" HPOS="662" CONTENT="a"/>
                  <SP HEIGHT="34" WIDTH="11" VPOS="1964" HPOS="719"/>
                  <String HEIGHT="34"
                          WIDTH="115"
                          VPOS="1964"
                          HPOS="673"
                          CONTENT="creatura"/>
               </TextLine>
               <TextLine ID="r2l127"
                         BASELINE="2025"
                         HEIGHT="32"
                         WIDTH="603"
                         VPOS="1993"
                         HPOS="190">
                  <String HEIGHT="32"
                          WIDTH="79"
                          VPOS="1993"
                          HPOS="180"
                          CONTENT="nisi"/>
                  <SP HEIGHT="32" WIDTH="10" VPOS="1993" HPOS="259"/>
                  <String HEIGHT="32" WIDTH="69" VPOS="1993" HPOS="230" CONTENT="sub"/>
                  <SP HEIGHT="32" WIDTH="10" VPOS="1993" HPOS="299"/>
                  <String HEIGHT="32"
                          WIDTH="138"
                          VPOS="1993"
                          HPOS="269"
                          CONTENT="conditione"/>
                  <SP HEIGHT="32" WIDTH="10" VPOS="1993" HPOS="407"/>
                  <String HEIGHT="32" WIDTH="59" VPOS="1993" HPOS="378" CONTENT="si"/>
                  <SP HEIGHT="32" WIDTH="10" VPOS="1993" HPOS="437"/>
                  <String HEIGHT="32"
                          WIDTH="79"
                          VPOS="1993"
                          HPOS="407"
                          CONTENT="sor."/>
                  <SP HEIGHT="32" WIDTH="10" VPOS="1993" HPOS="487"/>
                  <String HEIGHT="32"
                          WIDTH="119"
                          VPOS="1993"
                          HPOS="457"
                          CONTENT="peccabit"/>
                  <SP HEIGHT="32" WIDTH="10" VPOS="1993" HPOS="576"/>
                  <String HEIGHT="32"
                          WIDTH="119"
                          VPOS="1993"
                          HPOS="546"
                          CONTENT="scilicet"/>
                  <SP HEIGHT="32" WIDTH="10" VPOS="1993" HPOS="664"/>
                  <String HEIGHT="32"
                          WIDTH="138"
                          VPOS="1993"
                          HPOS="635"
                          CONTENT="mortaliter"/>
                  <SP HEIGHT="32" WIDTH="10" VPOS="1993" HPOS="773"/>
                  <String HEIGHT="32"
                          WIDTH="59"
                          VPOS="1993"
                          HPOS="734"
                          CONTENT="sine"/>
               </TextLine>
               <TextLine ID="r2l129"
                         BASELINE="2054"
                         HEIGHT="36"
                         WIDTH="600"
                         VPOS="2018"
                         HPOS="188">
                  <String HEIGHT="36"
                          WIDTH="111"
                          VPOS="2018"
                          HPOS="177"
                          CONTENT="finali"/>
                  <SP HEIGHT="36" WIDTH="11" VPOS="2018" HPOS="288"/>
                  <String HEIGHT="36"
                          WIDTH="156"
                          VPOS="2018"
                          HPOS="255"
                          CONTENT="penitentia"/>
                  <SP HEIGHT="36" WIDTH="11" VPOS="2018" HPOS="410"/>
                  <String HEIGHT="36" WIDTH="78" VPOS="2018" HPOS="377" CONTENT="vel"/>
                  <SP HEIGHT="36" WIDTH="11" VPOS="2018" HPOS="455"/>
                  <String HEIGHT="36"
                          WIDTH="89"
                          VPOS="2018"
                          HPOS="421"
                          CONTENT="nisi"/>
                  <SP HEIGHT="36" WIDTH="11" VPOS="2018" HPOS="510"/>
                  <String HEIGHT="36"
                          WIDTH="89"
                          VPOS="2018"
                          HPOS="477"
                          CONTENT="deus"/>
                  <SP HEIGHT="36" WIDTH="11" VPOS="2018" HPOS="566"/>
                  <String HEIGHT="36"
                          WIDTH="100"
                          VPOS="2018"
                          HPOS="532"
                          CONTENT="velit"/>
                  <SP HEIGHT="36" WIDTH="11" VPOS="2018" HPOS="632"/>
                  <String HEIGHT="36" WIDTH="78" VPOS="2018" HPOS="599" CONTENT="eum"/>
                  <SP HEIGHT="36" WIDTH="11" VPOS="2018" HPOS="677"/>
                  <String HEIGHT="36"
                          WIDTH="122"
                          VPOS="2018"
                          HPOS="644"
                          CONTENT="damnari"/>
                  <SP HEIGHT="36" WIDTH="11" VPOS="2018" HPOS="766"/>
                  <String HEIGHT="36"
                          WIDTH="67"
                          VPOS="2018"
                          HPOS="721"
                          CONTENT="quod"/>
               </TextLine>
               <TextLine ID="r2l131"
                         BASELINE="2088"
                         HEIGHT="41"
                         WIDTH="608"
                         VPOS="2047"
                         HPOS="187">
                  <String HEIGHT="41" WIDTH="75" VPOS="2047" HPOS="176" CONTENT="non"/>
                  <SP HEIGHT="41" WIDTH="11" VPOS="2047" HPOS="251"/>
                  <String HEIGHT="41"
                          WIDTH="85"
                          VPOS="2047"
                          HPOS="219"
                          CONTENT="vult"/>
                  <SP HEIGHT="41" WIDTH="11" VPOS="2047" HPOS="304"/>
                  <String HEIGHT="41"
                          WIDTH="85"
                          VPOS="2047"
                          HPOS="272"
                          CONTENT="nisi"/>
                  <SP HEIGHT="41" WIDTH="11" VPOS="2047" HPOS="358"/>
                  <String HEIGHT="41" WIDTH="75" VPOS="2047" HPOS="326" CONTENT="sor"/>
                  <SP HEIGHT="41" WIDTH="11" VPOS="2047" HPOS="400"/>
                  <String HEIGHT="41" WIDTH="75" VPOS="2047" HPOS="368" CONTENT="sit"/>
                  <SP HEIGHT="41" WIDTH="11" VPOS="2047" HPOS="443"/>
                  <String HEIGHT="41"
                          WIDTH="149"
                          VPOS="2047"
                          HPOS="411"
                          CONTENT="mortaliter"/>
                  <SP HEIGHT="41" WIDTH="11" VPOS="2047" HPOS="560"/>
                  <String HEIGHT="41"
                          WIDTH="85"
                          VPOS="2047"
                          HPOS="528"
                          CONTENT="sine"/>
                  <SP HEIGHT="41" WIDTH="11" VPOS="2047" HPOS="614"/>
                  <String HEIGHT="41"
                          WIDTH="149"
                          VPOS="2047"
                          HPOS="582"
                          CONTENT="penitentia"/>
                  <SP HEIGHT="41" WIDTH="11" VPOS="2047" HPOS="731"/>
                  <String HEIGHT="41"
                          WIDTH="107"
                          VPOS="2047"
                          HPOS="688"
                          CONTENT="peccator"/>
               </TextLine>
               <TextLine ID="r2l133"
                         BASELINE="2114"
                         HEIGHT="40"
                         WIDTH="609"
                         VPOS="2074"
                         HPOS="187">
                  <String HEIGHT="40"
                          WIDTH="119"
                          VPOS="2074"
                          HPOS="175"
                          CONTENT="igitur"/>
                  <SP HEIGHT="40" WIDTH="12" VPOS="2074" HPOS="294"/>
                  <String HEIGHT="40" WIDTH="84" VPOS="2074" HPOS="259" CONTENT="non"/>
                  <SP HEIGHT="40" WIDTH="12" VPOS="2074" HPOS="342"/>
                  <String HEIGHT="40" WIDTH="84" VPOS="2074" HPOS="306" CONTENT="est"/>
                  <SP HEIGHT="40" WIDTH="12" VPOS="2074" HPOS="390"/>
                  <String HEIGHT="40" WIDTH="60" VPOS="2074" HPOS="354" CONTENT="a"/>
                  <SP HEIGHT="40" WIDTH="12" VPOS="2074" HPOS="414"/>
                  <String HEIGHT="40"
                          WIDTH="143"
                          VPOS="2074"
                          HPOS="378"
                          CONTENT="creatura"/>
                  <SP HEIGHT="40" WIDTH="12" VPOS="2074" HPOS="521"/>
                  <String HEIGHT="40" WIDTH="84" VPOS="2074" HPOS="486" CONTENT="cui"/>
                  <SP HEIGHT="40" WIDTH="12" VPOS="2074" HPOS="569"/>
                  <String HEIGHT="40" WIDTH="84" VPOS="2074" HPOS="533" CONTENT="non"/>
                  <SP HEIGHT="40" WIDTH="12" VPOS="2074" HPOS="617"/>
                  <String HEIGHT="40"
                          WIDTH="179"
                          VPOS="2074"
                          HPOS="581"
                          CONTENT="determinate"/>
                  <SP HEIGHT="40" WIDTH="12" VPOS="2074" HPOS="760"/>
                  <String HEIGHT="40" WIDTH="60" VPOS="2074" HPOS="724" CONTENT="a"/>
                  <SP HEIGHT="40" WIDTH="12" VPOS="2074" HPOS="784"/>
                  <String HEIGHT="40" WIDTH="60" VPOS="2074" HPOS="736" CONTENT="deo"/>
               </TextLine>
            </TextBlock>
            <TextBlock ID="TextRegion_1612380400558_3051"
                       HEIGHT="1962"
                       WIDTH="658"
                       VPOS="163"
                       HPOS="812">
               <Shape>
                  <Polygon POINTS="829,163 1470,163 1470,2125 812,2125"/>
               </Shape>
               <TextLine ID="r2l4"
                         BASELINE="273"
                         HEIGHT="50"
                         WIDTH="592"
                         VPOS="223"
                         HPOS="855">
                  <String HEIGHT="50"
                          WIDTH="156"
                          VPOS="223"
                          HPOS="844"
                          CONTENT="precipitur"/>
                  <SP HEIGHT="50" WIDTH="11" VPOS="223" HPOS="1000"/>
                  <String HEIGHT="50" WIDTH="78" VPOS="223" HPOS="967" CONTENT="sic"/>
                  <SP HEIGHT="50" WIDTH="11" VPOS="223" HPOS="1045"/>
                  <String HEIGHT="50"
                          WIDTH="101"
                          VPOS="223"
                          HPOS="1011"
                          CONTENT="velle"/>
                  <SP HEIGHT="50" WIDTH="11" VPOS="223" HPOS="1112"/>
                  <String HEIGHT="50"
                          WIDTH="134"
                          VPOS="223"
                          HPOS="1078"
                          CONTENT="volendum"/>
                  <SP HEIGHT="50" WIDTH="11" VPOS="223" HPOS="1212"/>
                  <String HEIGHT="50"
                          WIDTH="134"
                          VPOS="223"
                          HPOS="1179"
                          CONTENT="absolute"/>
                  <SP HEIGHT="50" WIDTH="11" VPOS="223" HPOS="1313"/>
                  <String HEIGHT="50"
                          WIDTH="89"
                          VPOS="223"
                          HPOS="1279"
                          CONTENT="sor."/>
                  <SP HEIGHT="50" WIDTH="11" VPOS="223" HPOS="1369"/>
                  <String HEIGHT="50" WIDTH="78" VPOS="223" HPOS="1335" CONTENT="est"/>
                  <SP HEIGHT="50" WIDTH="11" VPOS="223" HPOS="1413"/>
                  <String HEIGHT="50"
                          WIDTH="78"
                          VPOS="223"
                          HPOS="1369"
                          CONTENT="dani"
                          SUBS_TYPE="HypPart1"
                          SUBS_CONTENT="daninandus"/>
                  <HYP CONTENT="-"/>
               </TextLine>
               <TextLine ID="r2l6"
                         BASELINE="305"
                         HEIGHT="38"
                         WIDTH="593"
                         VPOS="267"
                         HPOS="848">
                  <String HEIGHT="38"
                          WIDTH="102"
                          VPOS="267"
                          HPOS="838"
                          CONTENT="nandus"
                          SUBS_TYPE="HypPart2"
                          SUBS_CONTENT="daninandus"/>
                  <SP HEIGHT="38" WIDTH="10" VPOS="267" HPOS="940"/>
                  <String HEIGHT="38" WIDTH="82" VPOS="267" HPOS="909" CONTENT="quia"/>
                  <SP HEIGHT="38" WIDTH="10" VPOS="267" HPOS="991"/>
                  <String HEIGHT="38"
                          WIDTH="123"
                          VPOS="267"
                          HPOS="960"
                          CONTENT="postquam"/>
                  <SP HEIGHT="38" WIDTH="10" VPOS="267" HPOS="1083"/>
                  <String HEIGHT="38"
                          WIDTH="82"
                          VPOS="267"
                          HPOS="1052"
                          CONTENT="quis"/>
                  <SP HEIGHT="38" WIDTH="10" VPOS="267" HPOS="1134"/>
                  <String HEIGHT="38"
                          WIDTH="123"
                          VPOS="267"
                          HPOS="1104"
                          CONTENT="voluerit"/>
                  <SP HEIGHT="38" WIDTH="10" VPOS="267" HPOS="1226"/>
                  <String HEIGHT="38" WIDTH="72" VPOS="267" HPOS="1196" CONTENT="non"/>
                  <SP HEIGHT="38" WIDTH="10" VPOS="267" HPOS="1267"/>
                  <String HEIGHT="38"
                          WIDTH="102"
                          VPOS="267"
                          HPOS="1237"
                          CONTENT="potest"/>
                  <SP HEIGHT="38" WIDTH="10" VPOS="267" HPOS="1339"/>
                  <String HEIGHT="38" WIDTH="72" VPOS="267" HPOS="1308" CONTENT="non"/>
                  <SP HEIGHT="38" WIDTH="10" VPOS="267" HPOS="1380"/>
                  <String HEIGHT="38"
                          WIDTH="102"
                          VPOS="267"
                          HPOS="1339"
                          CONTENT="voluisse"/>
               </TextLine>
               <TextLine ID="r2l8"
                         BASELINE="327"
                         HEIGHT="35"
                         WIDTH="598"
                         VPOS="292"
                         HPOS="851">
                  <String HEIGHT="35" WIDTH="65" VPOS="292" HPOS="840" CONTENT="Et"/>
                  <SP HEIGHT="35" WIDTH="11" VPOS="292" HPOS="905"/>
                  <String HEIGHT="35" WIDTH="76" VPOS="292" HPOS="873" CONTENT="cum"/>
                  <SP HEIGHT="35" WIDTH="11" VPOS="292" HPOS="949"/>
                  <String HEIGHT="35"
                          WIDTH="98"
                          VPOS="292"
                          HPOS="916"
                          CONTENT="adhuc"/>
                  <SP HEIGHT="35" WIDTH="11" VPOS="292" HPOS="1014"/>
                  <String HEIGHT="35" WIDTH="65" VPOS="292" HPOS="981" CONTENT="in"/>
                  <SP HEIGHT="35" WIDTH="11" VPOS="292" HPOS="1047"/>
                  <String HEIGHT="35"
                          WIDTH="109"
                          VPOS="292"
                          HPOS="1014"
                          CONTENT="libera"/>
                  <SP HEIGHT="35" WIDTH="11" VPOS="292" HPOS="1123"/>
                  <String HEIGHT="35"
                          WIDTH="109"
                          VPOS="292"
                          HPOS="1090"
                          CONTENT="ptante"/>
                  <SP HEIGHT="35" WIDTH="11" VPOS="292" HPOS="1199"/>
                  <String HEIGHT="35" WIDTH="76" VPOS="292" HPOS="1166" CONTENT="est"/>
                  <SP HEIGHT="35" WIDTH="11" VPOS="292" HPOS="1242"/>
                  <String HEIGHT="35"
                          WIDTH="87"
                          VPOS="292"
                          HPOS="1210"
                          CONTENT="sor."/>
                  <SP HEIGHT="35" WIDTH="11" VPOS="292" HPOS="1297"/>
                  <String HEIGHT="35" WIDTH="76" VPOS="292" HPOS="1264" CONTENT="est"/>
                  <SP HEIGHT="35" WIDTH="11" VPOS="292" HPOS="1340"/>
                  <String HEIGHT="35" WIDTH="76" VPOS="292" HPOS="1308" CONTENT="non"/>
                  <SP HEIGHT="35" WIDTH="11" VPOS="292" HPOS="1384"/>
                  <String HEIGHT="35" WIDTH="76" VPOS="292" HPOS="1351" CONTENT="sit"/>
                  <SP HEIGHT="35" WIDTH="11" VPOS="292" HPOS="1427"/>
                  <String HEIGHT="35"
                          WIDTH="65"
                          VPOS="292"
                          HPOS="1384"
                          CONTENT="fina"/>
               </TextLine>
               <TextLine ID="r2l10"
                         BASELINE="363"
                         HEIGHT="42"
                         WIDTH="596"
                         VPOS="321"
                         HPOS="850">
                  <String HEIGHT="42"
                          WIDTH="96"
                          VPOS="321"
                          HPOS="839"
                          CONTENT="liter"/>
                  <SP HEIGHT="42" WIDTH="11" VPOS="321" HPOS="935"/>
                  <String HEIGHT="42"
                          WIDTH="117"
                          VPOS="321"
                          HPOS="903"
                          CONTENT="peccare"/>
                  <SP HEIGHT="42" WIDTH="11" VPOS="321" HPOS="1020"/>
                  <String HEIGHT="42"
                          WIDTH="106"
                          VPOS="321"
                          HPOS="988"
                          CONTENT="igitur"/>
                  <SP HEIGHT="42" WIDTH="11" VPOS="321" HPOS="1095"/>
                  <String HEIGHT="42"
                          WIDTH="96"
                          VPOS="321"
                          HPOS="1063"
                          CONTENT="adhuc"/>
                  <SP HEIGHT="42" WIDTH="11" VPOS="321" HPOS="1159"/>
                  <String HEIGHT="42" WIDTH="75" VPOS="321" HPOS="1127" CONTENT="est"/>
                  <SP HEIGHT="42" WIDTH="11" VPOS="321" HPOS="1201"/>
                  <String HEIGHT="42" WIDTH="64" VPOS="321" HPOS="1169" CONTENT="in"/>
                  <SP HEIGHT="42" WIDTH="11" VPOS="321" HPOS="1233"/>
                  <String HEIGHT="42"
                          WIDTH="138"
                          VPOS="321"
                          HPOS="1201"
                          CONTENT="potestate"/>
                  <SP HEIGHT="42" WIDTH="11" VPOS="321" HPOS="1340"/>
                  <String HEIGHT="42"
                          WIDTH="106"
                          VPOS="321"
                          HPOS="1308"
                          CONTENT="sortis"/>
                  <SP HEIGHT="42" WIDTH="11" VPOS="321" HPOS="1414"/>
                  <String HEIGHT="42"
                          WIDTH="85"
                          VPOS="321"
                          HPOS="1382"
                          CONTENT="quod"/>
                  <SP HEIGHT="42" WIDTH="11" VPOS="321" HPOS="1467"/>
                  <String HEIGHT="42" WIDTH="21" VPOS="321" HPOS="1425" CONTENT=""/>
               </TextLine>
               <TextLine ID="r2l12"
                         BASELINE="387"
                         HEIGHT="35"
                         WIDTH="581"
                         VPOS="352"
                         HPOS="860">
                  <String HEIGHT="35" WIDTH="85" VPOS="352" HPOS="848" CONTENT="sui"/>
                  <SP HEIGHT="35" WIDTH="12" VPOS="352" HPOS="933"/>
                  <String HEIGHT="35"
                          WIDTH="145"
                          VPOS="352"
                          HPOS="896"
                          CONTENT="voluerit"/>
                  <SP HEIGHT="35" WIDTH="12" VPOS="352" HPOS="1042"/>
                  <String HEIGHT="35" WIDTH="85" VPOS="352" HPOS="1005" CONTENT="eum"/>
                  <SP HEIGHT="35" WIDTH="12" VPOS="352" HPOS="1090"/>
                  <String HEIGHT="35"
                          WIDTH="145"
                          VPOS="352"
                          HPOS="1054"
                          CONTENT="absolute"/>
                  <SP HEIGHT="35" WIDTH="12" VPOS="352" HPOS="1199"/>
                  <String HEIGHT="35"
                          WIDTH="133"
                          VPOS="352"
                          HPOS="1163"
                          CONTENT="damnari"/>
                  <SP HEIGHT="35" WIDTH="12" VPOS="352" HPOS="1296"/>
                  <String HEIGHT="35"
                          WIDTH="97"
                          VPOS="352"
                          HPOS="1259"
                          CONTENT="male"/>
                  <SP HEIGHT="35" WIDTH="12" VPOS="352" HPOS="1356"/>
                  <String HEIGHT="35"
                          WIDTH="133"
                          VPOS="352"
                          HPOS="1308"
                          CONTENT="voluerit."/>
               </TextLine>
               <TextLine ID="r2l14"
                         BASELINE="414"
                         HEIGHT="37"
                         WIDTH="566"
                         VPOS="377"
                         HPOS="875">
                  <String HEIGHT="37"
                          WIDTH="151"
                          VPOS="377"
                          HPOS="862"
                          CONTENT="Probatur"/>
                  <SP HEIGHT="37" WIDTH="13" VPOS="377" HPOS="1013"/>
                  <String HEIGHT="37"
                          WIDTH="113"
                          VPOS="377"
                          HPOS="976"
                          CONTENT="velle"/>
                  <SP HEIGHT="37" WIDTH="13" VPOS="377" HPOS="1089"/>
                  <String HEIGHT="37"
                          WIDTH="126"
                          VPOS="377"
                          HPOS="1051"
                          CONTENT="contra"/>
                  <SP HEIGHT="37" WIDTH="13" VPOS="377" HPOS="1177"/>
                  <String HEIGHT="37"
                          WIDTH="164"
                          VPOS="377"
                          HPOS="1139"
                          CONTENT="preceptum"/>
                  <SP HEIGHT="37" WIDTH="13" VPOS="377" HPOS="1303"/>
                  <String HEIGHT="37" WIDTH="75" VPOS="377" HPOS="1265" CONTENT="oe"/>
                  <SP HEIGHT="37" WIDTH="13" VPOS="377" HPOS="1340"/>
                  <String HEIGHT="37"
                          WIDTH="138"
                          VPOS="377"
                          HPOS="1303"
                          CONTENT="proximi"/>
                  <SP HEIGHT="37" WIDTH="13" VPOS="377" HPOS="1441"/>
                  <String HEIGHT="37" WIDTH="50" VPOS="377" HPOS="1391" CONTENT="di"/>
               </TextLine>
               <TextLine ID="r2l16"
                         BASELINE="445"
                         HEIGHT="36"
                         WIDTH="594"
                         VPOS="409"
                         HPOS="853">
                  <String HEIGHT="36"
                          WIDTH="137"
                          VPOS="409"
                          HPOS="842"
                          CONTENT="lectione"/>
                  <SP HEIGHT="36" WIDTH="11" VPOS="409" HPOS="979"/>
                  <String HEIGHT="36"
                          WIDTH="126"
                          VPOS="409"
                          HPOS="944"
                          CONTENT="aliquem"/>
                  <SP HEIGHT="36" WIDTH="11" VPOS="409" HPOS="1070"/>
                  <String HEIGHT="36"
                          WIDTH="126"
                          VPOS="409"
                          HPOS="1036"
                          CONTENT="damnari"/>
                  <SP HEIGHT="36" WIDTH="11" VPOS="409" HPOS="1161"/>
                  <String HEIGHT="36"
                          WIDTH="91"
                          VPOS="409"
                          HPOS="1127"
                          CONTENT="fine"/>
                  <SP HEIGHT="36" WIDTH="11" VPOS="409" HPOS="1219"/>
                  <String HEIGHT="36"
                          WIDTH="194"
                          VPOS="409"
                          HPOS="1184"
                          CONTENT="dispensatione"/>
                  <SP HEIGHT="36" WIDTH="11" VPOS="409" HPOS="1378"/>
                  <String HEIGHT="36"
                          WIDTH="114"
                          VPOS="409"
                          HPOS="1333"
                          CONTENT="expressa"/>
               </TextLine>
               <TextLine ID="r2l18"
                         BASELINE="475"
                         HEIGHT="36"
                         WIDTH="587"
                         VPOS="439"
                         HPOS="851">
                  <String HEIGHT="36" WIDTH="76" VPOS="439" HPOS="840" CONTENT="dei"/>
                  <SP HEIGHT="36" WIDTH="11" VPOS="439" HPOS="916"/>
                  <String HEIGHT="36" WIDTH="76" VPOS="439" HPOS="884" CONTENT="vel"/>
                  <SP HEIGHT="36" WIDTH="11" VPOS="439" HPOS="960"/>
                  <String HEIGHT="36" WIDTH="87" VPOS="439" HPOS="927" CONTENT="fine"/>
                  <SP HEIGHT="36" WIDTH="11" VPOS="439" HPOS="1014"/>
                  <String HEIGHT="36"
                          WIDTH="130"
                          VPOS="439"
                          HPOS="981"
                          CONTENT="precepto"/>
                  <SP HEIGHT="36" WIDTH="11" VPOS="439" HPOS="1112"/>
                  <String HEIGHT="36"
                          WIDTH="130"
                          VPOS="439"
                          HPOS="1079"
                          CONTENT="expresso"/>
                  <SP HEIGHT="36" WIDTH="11" VPOS="439" HPOS="1210"/>
                  <String HEIGHT="36" WIDTH="65" VPOS="439" HPOS="1177" CONTENT="de"/>
                  <SP HEIGHT="36" WIDTH="11" VPOS="439" HPOS="1242"/>
                  <String HEIGHT="36" WIDTH="76" VPOS="439" HPOS="1210" CONTENT="sic"/>
                  <SP HEIGHT="36" WIDTH="11" VPOS="439" HPOS="1286"/>
                  <String HEIGHT="36"
                          WIDTH="120"
                          VPOS="439"
                          HPOS="1253"
                          CONTENT="volendo"/>
                  <SP HEIGHT="36" WIDTH="11" VPOS="439" HPOS="1373"/>
                  <String HEIGHT="36" WIDTH="76" VPOS="439" HPOS="1340" CONTENT="est"/>
                  <SP HEIGHT="36" WIDTH="11" VPOS="439" HPOS="1416"/>
                  <String HEIGHT="36"
                          WIDTH="65"
                          VPOS="439"
                          HPOS="1373"
                          CONTENT="pec"
                          SUBS_TYPE="HypPart1"
                          SUBS_CONTENT="peccare"/>
                  <HYP CONTENT="-"/>
               </TextLine>
               <TextLine ID="r2l20"
                         BASELINE="505"
                         HEIGHT="38"
                         WIDTH="596"
                         VPOS="467"
                         HPOS="846">
                  <String HEIGHT="38"
                          WIDTH="93"
                          VPOS="467"
                          HPOS="834"
                          CONTENT="care"
                          SUBS_TYPE="HypPart2"
                          SUBS_CONTENT="peccare"/>
                  <SP HEIGHT="38" WIDTH="12" VPOS="467" HPOS="928"/>
                  <String HEIGHT="38" WIDTH="82" VPOS="467" HPOS="893" CONTENT="sed"/>
                  <SP HEIGHT="38" WIDTH="12" VPOS="467" HPOS="975"/>
                  <String HEIGHT="38"
                          WIDTH="105"
                          VPOS="467"
                          HPOS="939"
                          CONTENT="velle"/>
                  <SP HEIGHT="38" WIDTH="12" VPOS="467" HPOS="1045"/>
                  <String HEIGHT="38"
                          WIDTH="140"
                          VPOS="467"
                          HPOS="1010"
                          CONTENT="absolute"/>
                  <SP HEIGHT="38" WIDTH="12" VPOS="467" HPOS="1150"/>
                  <String HEIGHT="38"
                          WIDTH="117"
                          VPOS="467"
                          HPOS="1115"
                          CONTENT="sortem"/>
                  <SP HEIGHT="38" WIDTH="12" VPOS="467" HPOS="1232"/>
                  <String HEIGHT="38"
                          WIDTH="129"
                          VPOS="467"
                          HPOS="1197"
                          CONTENT="damnari"/>
                  <SP HEIGHT="38" WIDTH="12" VPOS="467" HPOS="1325"/>
                  <String HEIGHT="38" WIDTH="70" VPOS="467" HPOS="1290" CONTENT="in"/>
                  <SP HEIGHT="38" WIDTH="12" VPOS="467" HPOS="1360"/>
                  <String HEIGHT="38"
                          WIDTH="93"
                          VPOS="467"
                          HPOS="1325"
                          CONTENT="casu"/>
                  <SP HEIGHT="38" WIDTH="12" VPOS="467" HPOS="1419"/>
                  <String HEIGHT="38"
                          WIDTH="70"
                          VPOS="467"
                          HPOS="1372"
                          CONTENT="prin"/>
               </TextLine>
               <TextLine ID="r2l22"
                         BASELINE="527"
                         HEIGHT="34"
                         WIDTH="586"
                         VPOS="493"
                         HPOS="849">
                  <String HEIGHT="34"
                          WIDTH="113"
                          VPOS="493"
                          HPOS="839"
                          CONTENT="cipalis"/>
                  <SP HEIGHT="34" WIDTH="10" VPOS="493" HPOS="952"/>
                  <String HEIGHT="34"
                          WIDTH="175"
                          VPOS="493"
                          HPOS="921"
                          CONTENT="difficultatis"/>
                  <SP HEIGHT="34" WIDTH="10" VPOS="493" HPOS="1096"/>
                  <String HEIGHT="34" WIDTH="72" VPOS="493" HPOS="1065" CONTENT="est"/>
                  <SP HEIGHT="34" WIDTH="10" VPOS="493" HPOS="1137"/>
                  <String HEIGHT="34"
                          WIDTH="134"
                          VPOS="493"
                          HPOS="1106"
                          CONTENT="huiusmodi"/>
                  <SP HEIGHT="34" WIDTH="10" VPOS="493" HPOS="1240"/>
                  <String HEIGHT="34"
                          WIDTH="103"
                          VPOS="493"
                          HPOS="1209"
                          CONTENT="igitur"/>
                  <SP HEIGHT="34" WIDTH="10" VPOS="493" HPOS="1312"/>
                  <String HEIGHT="34"
                          WIDTH="93"
                          VPOS="493"
                          HPOS="1281"
                          CONTENT="minor"/>
                  <SP HEIGHT="34" WIDTH="10" VPOS="493" HPOS="1373"/>
                  <String HEIGHT="34"
                          WIDTH="103"
                          VPOS="493"
                          HPOS="1332"
                          CONTENT="probatur"/>
               </TextLine>
               <TextLine ID="r2l24"
                         BASELINE="558"
                         HEIGHT="35"
                         WIDTH="600"
                         VPOS="523"
                         HPOS="845">
                  <String HEIGHT="35" WIDTH="92" VPOS="523" HPOS="833" CONTENT="quia"/>
                  <SP HEIGHT="35" WIDTH="12" VPOS="523" HPOS="926"/>
                  <String HEIGHT="35"
                          WIDTH="115"
                          VPOS="523"
                          HPOS="891"
                          CONTENT="posito"/>
                  <SP HEIGHT="35" WIDTH="12" VPOS="523" HPOS="1007"/>
                  <String HEIGHT="35"
                          WIDTH="138"
                          VPOS="523"
                          HPOS="972"
                          CONTENT="precepto"/>
                  <SP HEIGHT="35" WIDTH="12" VPOS="523" HPOS="1110"/>
                  <String HEIGHT="35"
                          WIDTH="92"
                          VPOS="523"
                          HPOS="1076"
                          CONTENT="quod"/>
                  <SP HEIGHT="35" WIDTH="12" VPOS="523" HPOS="1168"/>
                  <String HEIGHT="35"
                          WIDTH="127"
                          VPOS="523"
                          HPOS="1133"
                          CONTENT="ponitur"/>
                  <SP HEIGHT="35" WIDTH="12" VPOS="523" HPOS="1260"/>
                  <String HEIGHT="35"
                          WIDTH="92"
                          VPOS="523"
                          HPOS="1226"
                          CONTENT="illi"/>
                  <SP HEIGHT="35" WIDTH="12" VPOS="523" HPOS="1318"/>
                  <String HEIGHT="35"
                          WIDTH="104"
                          VPOS="523"
                          HPOS="1283"
                          CONTENT="adhuc"/>
                  <SP HEIGHT="35" WIDTH="12" VPOS="523" HPOS="1387"/>
                  <String HEIGHT="35" WIDTH="81" VPOS="523" HPOS="1353" CONTENT="est"/>
                  <SP HEIGHT="35" WIDTH="12" VPOS="523" HPOS="1433"/>
                  <String HEIGHT="35" WIDTH="69" VPOS="523" HPOS="1399" CONTENT="in"/>
                  <SP HEIGHT="35" WIDTH="12" VPOS="523" HPOS="1468"/>
                  <String HEIGHT="35" WIDTH="23" VPOS="523" HPOS="1422" CONTENT=""/>
               </TextLine>
               <TextLine ID="r2l26"
                         BASELINE="589"
                         HEIGHT="38"
                         WIDTH="588"
                         VPOS="551"
                         HPOS="851">
                  <String HEIGHT="38"
                          WIDTH="127"
                          VPOS="551"
                          HPOS="841"
                          CONTENT="potestate"/>
                  <SP HEIGHT="38" WIDTH="10" VPOS="551" HPOS="969"/>
                  <String HEIGHT="38"
                          WIDTH="98"
                          VPOS="551"
                          HPOS="939"
                          CONTENT="sortis"/>
                  <SP HEIGHT="38" WIDTH="10" VPOS="551" HPOS="1037"/>
                  <String HEIGHT="38" WIDTH="69" VPOS="551" HPOS="1008" CONTENT="cum"/>
                  <SP HEIGHT="38" WIDTH="10" VPOS="551" HPOS="1076"/>
                  <String HEIGHT="38"
                          WIDTH="108"
                          VPOS="551"
                          HPOS="1047"
                          CONTENT="communi"/>
                  <SP HEIGHT="38" WIDTH="10" VPOS="551" HPOS="1155"/>
                  <String HEIGHT="38" WIDTH="69" VPOS="551" HPOS="1125" CONTENT="dei"/>
                  <SP HEIGHT="38" WIDTH="10" VPOS="551" HPOS="1194"/>
                  <String HEIGHT="38"
                          WIDTH="127"
                          VPOS="551"
                          HPOS="1165"
                          CONTENT="adiutorio"/>
                  <SP HEIGHT="38" WIDTH="10" VPOS="551" HPOS="1292"/>
                  <String HEIGHT="38"
                          WIDTH="78"
                          VPOS="551"
                          HPOS="1263"
                          CONTENT="quod"/>
                  <SP HEIGHT="38" WIDTH="10" VPOS="551" HPOS="1341"/>
                  <String HEIGHT="38" WIDTH="69" VPOS="551" HPOS="1312" CONTENT="non"/>
                  <SP HEIGHT="38" WIDTH="10" VPOS="551" HPOS="1380"/>
                  <String HEIGHT="38"
                          WIDTH="98"
                          VPOS="551"
                          HPOS="1341"
                          CONTENT="damnetur"/>
               </TextLine>
               <TextLine ID="r2l28"
                         BASELINE="614"
                         HEIGHT="31"
                         WIDTH="603"
                         VPOS="583"
                         HPOS="843">
                  <String HEIGHT="31" WIDTH="65" VPOS="583" HPOS="832" CONTENT="et"/>
                  <SP HEIGHT="31" WIDTH="11" VPOS="583" HPOS="897"/>
                  <String HEIGHT="31" WIDTH="86" VPOS="583" HPOS="865" CONTENT="quod"/>
                  <SP HEIGHT="31" WIDTH="11" VPOS="583" HPOS="951"/>
                  <String HEIGHT="31" WIDTH="86" VPOS="583" HPOS="918" CONTENT="deus"/>
                  <SP HEIGHT="31" WIDTH="11" VPOS="583" HPOS="1005"/>
                  <String HEIGHT="31"
                          WIDTH="118"
                          VPOS="583"
                          HPOS="972"
                          CONTENT="nunquam"/>
                  <SP HEIGHT="31" WIDTH="11" VPOS="583" HPOS="1091"/>
                  <String HEIGHT="31"
                          WIDTH="129"
                          VPOS="583"
                          HPOS="1058"
                          CONTENT="voluerit"/>
                  <SP HEIGHT="31" WIDTH="11" VPOS="583" HPOS="1188"/>
                  <String HEIGHT="31" WIDTH="75" VPOS="583" HPOS="1155" CONTENT="eum"/>
                  <SP HEIGHT="31" WIDTH="11" VPOS="583" HPOS="1231"/>
                  <String HEIGHT="31"
                          WIDTH="118"
                          VPOS="583"
                          HPOS="1198"
                          CONTENT="damnari"/>
                  <SP HEIGHT="31" WIDTH="11" VPOS="583" HPOS="1317"/>
                  <String HEIGHT="31" WIDTH="75" VPOS="583" HPOS="1284" CONTENT="cum"/>
                  <SP HEIGHT="31" WIDTH="11" VPOS="583" HPOS="1360"/>
                  <String HEIGHT="31"
                          WIDTH="108"
                          VPOS="583"
                          HPOS="1328"
                          CONTENT="igitur"/>
                  <SP HEIGHT="31" WIDTH="11" VPOS="583" HPOS="1435"/>
                  <String HEIGHT="31" WIDTH="54" VPOS="583" HPOS="1392" CONTENT="pre"/>
               </TextLine>
               <TextLine ID="r2l30"
                         BASELINE="645"
                         HEIGHT="36"
                         WIDTH="599"
                         VPOS="609"
                         HPOS="838">
                  <String HEIGHT="36"
                          WIDTH="113"
                          VPOS="609"
                          HPOS="827"
                          CONTENT="ceptum"/>
                  <SP HEIGHT="36" WIDTH="11" VPOS="609" HPOS="940"/>
                  <String HEIGHT="36" WIDTH="79" VPOS="609" HPOS="906" CONTENT="non"/>
                  <SP HEIGHT="36" WIDTH="11" VPOS="609" HPOS="985"/>
                  <String HEIGHT="36"
                          WIDTH="113"
                          VPOS="609"
                          HPOS="951"
                          CONTENT="fuerit"/>
                  <SP HEIGHT="36" WIDTH="11" VPOS="609" HPOS="1064"/>
                  <String HEIGHT="36"
                          WIDTH="113"
                          VPOS="609"
                          HPOS="1030"
                          CONTENT="angelo"/>
                  <SP HEIGHT="36" WIDTH="11" VPOS="609" HPOS="1143"/>
                  <String HEIGHT="36"
                          WIDTH="90"
                          VPOS="609"
                          HPOS="1109"
                          CONTENT="nisi"/>
                  <SP HEIGHT="36" WIDTH="11" VPOS="609" HPOS="1200"/>
                  <String HEIGHT="36"
                          WIDTH="90"
                          VPOS="609"
                          HPOS="1166"
                          CONTENT="quod"/>
                  <SP HEIGHT="36" WIDTH="11" VPOS="609" HPOS="1256"/>
                  <String HEIGHT="36"
                          WIDTH="113"
                          VPOS="609"
                          HPOS="1222"
                          CONTENT="vellet"/>
                  <SP HEIGHT="36" WIDTH="11" VPOS="609" HPOS="1335"/>
                  <String HEIGHT="36"
                          WIDTH="147"
                          VPOS="609"
                          HPOS="1290"
                          CONTENT="conformiter"/>
               </TextLine>
               <TextLine ID="r2l32"
                         BASELINE="667"
                         HEIGHT="31"
                         WIDTH="602"
                         VPOS="636"
                         HPOS="846">
                  <String HEIGHT="31" WIDTH="70" VPOS="636" HPOS="836" CONTENT="deo"/>
                  <SP HEIGHT="31" WIDTH="10" VPOS="636" HPOS="906"/>
                  <String HEIGHT="31"
                          WIDTH="100"
                          VPOS="636"
                          HPOS="876"
                          CONTENT="igitur"/>
                  <SP HEIGHT="31" WIDTH="10" VPOS="636" HPOS="976"/>
                  <String HEIGHT="31" WIDTH="60" VPOS="636" HPOS="946" CONTENT="in"/>
                  <SP HEIGHT="31" WIDTH="10" VPOS="636" HPOS="1007"/>
                  <String HEIGHT="31"
                          WIDTH="100"
                          VPOS="636"
                          HPOS="976"
                          CONTENT="ptante"/>
                  <SP HEIGHT="31" WIDTH="10" VPOS="636" HPOS="1077"/>
                  <String HEIGHT="31"
                          WIDTH="100"
                          VPOS="636"
                          HPOS="1047"
                          CONTENT="sortis"/>
                  <SP HEIGHT="31" WIDTH="10" VPOS="636" HPOS="1147"/>
                  <String HEIGHT="31" WIDTH="70" VPOS="636" HPOS="1117" CONTENT="est"/>
                  <SP HEIGHT="31" WIDTH="10" VPOS="636" HPOS="1187"/>
                  <String HEIGHT="31"
                          WIDTH="151"
                          VPOS="636"
                          HPOS="1157"
                          CONTENT="quodnunquam"/>
                  <SP HEIGHT="31" WIDTH="10" VPOS="636" HPOS="1308"/>
                  <String HEIGHT="31"
                          WIDTH="80"
                          VPOS="636"
                          HPOS="1277"
                          CONTENT="iste"/>
                  <SP HEIGHT="31" WIDTH="10" VPOS="636" HPOS="1358"/>
                  <String HEIGHT="31"
                          WIDTH="100"
                          VPOS="636"
                          HPOS="1328"
                          CONTENT="habuit"/>
                  <SP HEIGHT="31" WIDTH="10" VPOS="636" HPOS="1428"/>
                  <String HEIGHT="31"
                          WIDTH="60"
                          VPOS="636"
                          HPOS="1388"
                          CONTENT="pre"
                          SUBS_TYPE="HypPart1"
                          SUBS_CONTENT="preceptum"/>
                  <HYP CONTENT="-"/>
               </TextLine>
               <TextLine ID="r2l34"
                         BASELINE="706"
                         HEIGHT="42"
                         WIDTH="604"
                         VPOS="664"
                         HPOS="847">
                  <String HEIGHT="42"
                          WIDTH="118"
                          VPOS="664"
                          HPOS="835"
                          CONTENT="ceptum"
                          SUBS_TYPE="HypPart2"
                          SUBS_CONTENT="preceptum"/>
                  <SP HEIGHT="42" WIDTH="12" VPOS="664" HPOS="954"/>
                  <String HEIGHT="42" WIDTH="83" VPOS="664" HPOS="918" CONTENT="vel"/>
                  <SP HEIGHT="42" WIDTH="12" VPOS="664" HPOS="1001"/>
                  <String HEIGHT="42"
                          WIDTH="213"
                          VPOS="664"
                          HPOS="965"
                          CONTENT="dispensationem"/>
                  <SP HEIGHT="42" WIDTH="12" VPOS="664" HPOS="1179"/>
                  <String HEIGHT="42" WIDTH="71" VPOS="664" HPOS="1143" CONTENT="oe"/>
                  <SP HEIGHT="42" WIDTH="12" VPOS="664" HPOS="1214"/>
                  <String HEIGHT="42"
                          WIDTH="130"
                          VPOS="664"
                          HPOS="1179"
                          CONTENT="volendo"/>
                  <SP HEIGHT="42" WIDTH="12" VPOS="664" HPOS="1309"/>
                  <String HEIGHT="42"
                          WIDTH="118"
                          VPOS="664"
                          HPOS="1273"
                          CONTENT="sortem"/>
                  <SP HEIGHT="42" WIDTH="12" VPOS="664" HPOS="1392"/>
                  <String HEIGHT="42"
                          WIDTH="107"
                          VPOS="664"
                          HPOS="1344"
                          CONTENT="damnari"/>
               </TextLine>
               <TextLine ID="r2l36"
                         BASELINE="735"
                         HEIGHT="45"
                         WIDTH="598"
                         VPOS="690"
                         HPOS="842">
                  <String HEIGHT="45"
                          WIDTH="111"
                          VPOS="690"
                          HPOS="831"
                          CONTENT="igitur"/>
                  <SP HEIGHT="45" WIDTH="11" VPOS="690" HPOS="942"/>
                  <String HEIGHT="45" WIDTH="78" VPOS="690" HPOS="908" CONTENT="cum"/>
                  <SP HEIGHT="45" WIDTH="11" VPOS="690" HPOS="986"/>
                  <String HEIGHT="45" WIDTH="66" VPOS="690" HPOS="953" CONTENT="ex"/>
                  <SP HEIGHT="45" WIDTH="11" VPOS="690" HPOS="1019"/>
                  <String HEIGHT="45"
                          WIDTH="100"
                          VPOS="690"
                          HPOS="986"
                          CONTENT="prius"/>
                  <SP HEIGHT="45" WIDTH="11" VPOS="690" HPOS="1086"/>
                  <String HEIGHT="45"
                          WIDTH="100"
                          VPOS="690"
                          HPOS="1052"
                          CONTENT="facto"/>
                  <SP HEIGHT="45" WIDTH="11" VPOS="690" HPOS="1152"/>
                  <String HEIGHT="45" WIDTH="66" VPOS="690" HPOS="1119" CONTENT="et"/>
                  <SP HEIGHT="45" WIDTH="11" VPOS="690" HPOS="1185"/>
                  <String HEIGHT="45"
                          WIDTH="89"
                          VPOS="690"
                          HPOS="1152"
                          CONTENT="ante"/>
                  <SP HEIGHT="45" WIDTH="11" VPOS="690" HPOS="1241"/>
                  <String HEIGHT="45"
                          WIDTH="133"
                          VPOS="690"
                          HPOS="1207"
                          CONTENT="peccatum"/>
                  <SP HEIGHT="45" WIDTH="11" VPOS="690" HPOS="1340"/>
                  <String HEIGHT="45"
                          WIDTH="111"
                          VPOS="690"
                          HPOS="1307"
                          CONTENT="sortis"/>
                  <SP HEIGHT="45" WIDTH="11" VPOS="690" HPOS="1418"/>
                  <String HEIGHT="45" WIDTH="78" VPOS="690" HPOS="1385" CONTENT="non"/>
                  <SP HEIGHT="45" WIDTH="11" VPOS="690" HPOS="1462"/>
                  <String HEIGHT="45" WIDTH="22" VPOS="690" HPOS="1418" CONTENT=""/>
               </TextLine>
               <TextLine ID="r2l38"
                         BASELINE="755"
                         HEIGHT="36"
                         WIDTH="602"
                         VPOS="719"
                         HPOS="838">
                  <String HEIGHT="36" WIDTH="77" VPOS="719" HPOS="827" CONTENT="sit"/>
                  <SP HEIGHT="36" WIDTH="11" VPOS="719" HPOS="904"/>
                  <String HEIGHT="36" WIDTH="66" VPOS="719" HPOS="871" CONTENT="in"/>
                  <SP HEIGHT="36" WIDTH="11" VPOS="719" HPOS="937"/>
                  <String HEIGHT="36"
                          WIDTH="131"
                          VPOS="719"
                          HPOS="904"
                          CONTENT="alicuius"/>
                  <SP HEIGHT="36" WIDTH="11" VPOS="719" HPOS="1035"/>
                  <String HEIGHT="36"
                          WIDTH="109"
                          VPOS="719"
                          HPOS="1002"
                          CONTENT="ptante"/>
                  <SP HEIGHT="36" WIDTH="11" VPOS="719" HPOS="1112"/>
                  <String HEIGHT="36"
                          WIDTH="88"
                          VPOS="719"
                          HPOS="1079"
                          CONTENT="esse"/>
                  <SP HEIGHT="36" WIDTH="11" VPOS="719" HPOS="1166"/>
                  <String HEIGHT="36" WIDTH="77" VPOS="719" HPOS="1134" CONTENT="dei"/>
                  <SP HEIGHT="36" WIDTH="11" VPOS="719" HPOS="1210"/>
                  <String HEIGHT="36"
                          WIDTH="88"
                          VPOS="719"
                          HPOS="1177"
                          CONTENT="quin"/>
                  <SP HEIGHT="36" WIDTH="11" VPOS="719" HPOS="1265"/>
                  <String HEIGHT="36"
                          WIDTH="88"
                          VPOS="719"
                          HPOS="1232"
                          CONTENT="iste"/>
                  <SP HEIGHT="36" WIDTH="11" VPOS="719" HPOS="1320"/>
                  <String HEIGHT="36"
                          WIDTH="120"
                          VPOS="719"
                          HPOS="1287"
                          CONTENT="angelus"/>
                  <SP HEIGHT="36" WIDTH="11" VPOS="719" HPOS="1407"/>
                  <String HEIGHT="36"
                          WIDTH="77"
                          VPOS="719"
                          HPOS="1363"
                          CONTENT="abso"
                          SUBS_TYPE="HypPart1"
                          SUBS_CONTENT="absolute"/>
                  <HYP CONTENT="-"/>
               </TextLine>
               <TextLine ID="r2l40"
                         BASELINE="788"
                         HEIGHT="42"
                         WIDTH="608"
                         VPOS="746"
                         HPOS="838">
                  <String HEIGHT="42"
                          WIDTH="95"
                          VPOS="746"
                          HPOS="826"
                          CONTENT="lute"
                          SUBS_TYPE="HypPart2"
                          SUBS_CONTENT="absolute"/>
                  <SP HEIGHT="42" WIDTH="12" VPOS="746" HPOS="921"/>
                  <String HEIGHT="42"
                          WIDTH="143"
                          VPOS="746"
                          HPOS="886"
                          CONTENT="voluerit"/>
                  <SP HEIGHT="42" WIDTH="12" VPOS="746" HPOS="1029"/>
                  <String HEIGHT="42"
                          WIDTH="119"
                          VPOS="746"
                          HPOS="993"
                          CONTENT="sortem"/>
                  <SP HEIGHT="42" WIDTH="12" VPOS="746" HPOS="1112"/>
                  <String HEIGHT="42"
                          WIDTH="131"
                          VPOS="746"
                          HPOS="1076"
                          CONTENT="damnari"/>
                  <SP HEIGHT="42" WIDTH="12" VPOS="746" HPOS="1208"/>
                  <String HEIGHT="42"
                          WIDTH="107"
                          VPOS="746"
                          HPOS="1172"
                          CONTENT="adhuc"/>
                  <SP HEIGHT="42" WIDTH="12" VPOS="746" HPOS="1279"/>
                  <String HEIGHT="42" WIDTH="72" VPOS="746" HPOS="1243" CONTENT="in"/>
                  <SP HEIGHT="42" WIDTH="12" VPOS="746" HPOS="1315"/>
                  <String HEIGHT="42"
                          WIDTH="119"
                          VPOS="746"
                          HPOS="1279"
                          CONTENT="ptante"/>
                  <SP HEIGHT="42" WIDTH="12" VPOS="746" HPOS="1398"/>
                  <String HEIGHT="42"
                          WIDTH="95"
                          VPOS="746"
                          HPOS="1351"
                          CONTENT="sortis"/>
               </TextLine>
               <TextLine ID="r2l42"
                         BASELINE="813"
                         HEIGHT="37"
                         WIDTH="606"
                         VPOS="776"
                         HPOS="838">
                  <String HEIGHT="37" WIDTH="77" VPOS="776" HPOS="827" CONTENT="est"/>
                  <SP HEIGHT="37" WIDTH="11" VPOS="776" HPOS="904"/>
                  <String HEIGHT="37" WIDTH="88" VPOS="776" HPOS="871" CONTENT="quod"/>
                  <SP HEIGHT="37" WIDTH="11" VPOS="776" HPOS="959"/>
                  <String HEIGHT="37" WIDTH="88" VPOS="776" HPOS="926" CONTENT="iste"/>
                  <SP HEIGHT="37" WIDTH="11" VPOS="776" HPOS="1014"/>
                  <String HEIGHT="37"
                          WIDTH="110"
                          VPOS="776"
                          HPOS="981"
                          CONTENT="egerit"/>
                  <SP HEIGHT="37" WIDTH="11" VPOS="776" HPOS="1091"/>
                  <String HEIGHT="37"
                          WIDTH="110"
                          VPOS="776"
                          HPOS="1058"
                          CONTENT="contra"/>
                  <SP HEIGHT="37" WIDTH="11" VPOS="776" HPOS="1169"/>
                  <String HEIGHT="37"
                          WIDTH="132"
                          VPOS="776"
                          HPOS="1135"
                          CONTENT="preceptu"/>
                  <SP HEIGHT="37" WIDTH="11" VPOS="776" HPOS="1268"/>
                  <String HEIGHT="37"
                          WIDTH="165"
                          VPOS="776"
                          HPOS="1235"
                          CONTENT="dilectionis"/>
                  <SP HEIGHT="37" WIDTH="11" VPOS="776" HPOS="1400"/>
                  <String HEIGHT="37" WIDTH="66" VPOS="776" HPOS="1367" CONTENT="et"/>
                  <SP HEIGHT="37" WIDTH="11" VPOS="776" HPOS="1433"/>
                  <String HEIGHT="37" WIDTH="55" VPOS="776" HPOS="1389" CONTENT="pro"/>
               </TextLine>
               <TextLine ID="r2l44"
                         BASELINE="846"
                         HEIGHT="43"
                         WIDTH="610"
                         VPOS="803"
                         HPOS="835">
                  <String HEIGHT="43" WIDTH="87" VPOS="803" HPOS="824" CONTENT="ximi"/>
                  <SP HEIGHT="43" WIDTH="11" VPOS="803" HPOS="911"/>
                  <String HEIGHT="43" WIDTH="65" VPOS="803" HPOS="879" CONTENT="et"/>
                  <SP HEIGHT="43" WIDTH="11" VPOS="803" HPOS="944"/>
                  <String HEIGHT="43" WIDTH="87" VPOS="803" HPOS="911" CONTENT="siue"/>
                  <SP HEIGHT="43" WIDTH="11" VPOS="803" HPOS="998"/>
                  <String HEIGHT="43" WIDTH="76" VPOS="803" HPOS="966" CONTENT="hoc"/>
                  <SP HEIGHT="43" WIDTH="11" VPOS="803" HPOS="1042"/>
                  <String HEIGHT="43"
                          WIDTH="120"
                          VPOS="803"
                          HPOS="1009"
                          CONTENT="ponatur"/>
                  <SP HEIGHT="43" WIDTH="11" VPOS="803" HPOS="1129"/>
                  <String HEIGHT="43"
                          WIDTH="109"
                          VPOS="803"
                          HPOS="1096"
                          CONTENT="inesse"/>
                  <SP HEIGHT="43" WIDTH="11" VPOS="803" HPOS="1205"/>
                  <String HEIGHT="43"
                          WIDTH="87"
                          VPOS="803"
                          HPOS="1173"
                          CONTENT="siue"/>
                  <SP HEIGHT="43" WIDTH="11" VPOS="803" HPOS="1260"/>
                  <String HEIGHT="43"
                          WIDTH="87"
                          VPOS="803"
                          HPOS="1227"
                          CONTENT="non:"/>
                  <SP HEIGHT="43" WIDTH="11" VPOS="803" HPOS="1314"/>
                  <String HEIGHT="43"
                          WIDTH="131"
                          VPOS="803"
                          HPOS="1282"
                          CONTENT="sequitur"/>
                  <SP HEIGHT="43" WIDTH="11" VPOS="803" HPOS="1412"/>
                  <String HEIGHT="43"
                          WIDTH="87"
                          VPOS="803"
                          HPOS="1380"
                          CONTENT="quod"/>
                  <SP HEIGHT="43" WIDTH="11" VPOS="803" HPOS="1467"/>
                  <String HEIGHT="43" WIDTH="22" VPOS="803" HPOS="1423" CONTENT=""/>
               </TextLine>
               <TextLine ID="r2l46"
                         BASELINE="872"
                         HEIGHT="37"
                         WIDTH="602"
                         VPOS="835"
                         HPOS="845">
                  <String HEIGHT="37" WIDTH="72" VPOS="835" HPOS="833" CONTENT="de"/>
                  <SP HEIGHT="37" WIDTH="12" VPOS="835" HPOS="905"/>
                  <String HEIGHT="37"
                          WIDTH="108"
                          VPOS="835"
                          HPOS="869"
                          CONTENT="facto"/>
                  <SP HEIGHT="37" WIDTH="12" VPOS="835" HPOS="977"/>
                  <String HEIGHT="37" WIDTH="96" VPOS="835" HPOS="941" CONTENT="egit"/>
                  <SP HEIGHT="37" WIDTH="12" VPOS="835" HPOS="1038"/>
                  <String HEIGHT="37"
                          WIDTH="144"
                          VPOS="835"
                          HPOS="1002"
                          CONTENT="absolute"/>
                  <SP HEIGHT="37" WIDTH="12" VPOS="835" HPOS="1146"/>
                  <String HEIGHT="37"
                          WIDTH="120"
                          VPOS="835"
                          HPOS="1110"
                          CONTENT="contra"/>
                  <SP HEIGHT="37" WIDTH="12" VPOS="835" HPOS="1230"/>
                  <String HEIGHT="37"
                          WIDTH="157"
                          VPOS="835"
                          HPOS="1194"
                          CONTENT="preceptum"/>
                  <SP HEIGHT="37" WIDTH="12" VPOS="835" HPOS="1351"/>
                  <String HEIGHT="37"
                          WIDTH="108"
                          VPOS="835"
                          HPOS="1315"
                          CONTENT="istud"/>
                  <SP HEIGHT="37" WIDTH="12" VPOS="835" HPOS="1423"/>
                  <String HEIGHT="37"
                          WIDTH="72"
                          VPOS="835"
                          HPOS="1375"
                          CONTENT="sine"/>
               </TextLine>
               <TextLine ID="r2l48"
                         BASELINE="898"
                         HEIGHT="33"
                         WIDTH="601"
                         VPOS="865"
                         HPOS="847">
                  <String HEIGHT="33"
                          WIDTH="193"
                          VPOS="865"
                          HPOS="836"
                          CONTENT="dispensatione"/>
                  <SP HEIGHT="33" WIDTH="11" VPOS="865" HPOS="1028"/>
                  <String HEIGHT="33" WIDTH="79" VPOS="865" HPOS="994" CONTENT="vel"/>
                  <SP HEIGHT="33" WIDTH="11" VPOS="865" HPOS="1074"/>
                  <String HEIGHT="33" WIDTH="79" VPOS="865" HPOS="1040" CONTENT="dei"/>
                  <SP HEIGHT="33" WIDTH="11" VPOS="865" HPOS="1119"/>
                  <String HEIGHT="33"
                          WIDTH="136"
                          VPOS="865"
                          HPOS="1085"
                          CONTENT="precepto"/>
                  <SP HEIGHT="33" WIDTH="11" VPOS="865" HPOS="1221"/>
                  <String HEIGHT="33"
                          WIDTH="136"
                          VPOS="865"
                          HPOS="1187"
                          CONTENT="expresso"/>
                  <SP HEIGHT="33" WIDTH="11" VPOS="865" HPOS="1323"/>
                  <String HEIGHT="33" WIDTH="68" VPOS="865" HPOS="1289" CONTENT="de"/>
                  <SP HEIGHT="33" WIDTH="11" VPOS="865" HPOS="1357"/>
                  <String HEIGHT="33" WIDTH="79" VPOS="865" HPOS="1323" CONTENT="sic"/>
                  <SP HEIGHT="33" WIDTH="11" VPOS="865" HPOS="1403"/>
                  <String HEIGHT="33"
                          WIDTH="91"
                          VPOS="865"
                          HPOS="1357"
                          CONTENT="volen"
                          SUBS_TYPE="HypPart1"
                          SUBS_CONTENT="volendo"/>
                  <HYP CONTENT="-"/>
               </TextLine>
               <TextLine ID="r2l50"
                         BASELINE="927"
                         HEIGHT="39"
                         WIDTH="597"
                         VPOS="888"
                         HPOS="847">
                  <String HEIGHT="39"
                          WIDTH="69"
                          VPOS="888"
                          HPOS="836"
                          CONTENT="do"
                          SUBS_TYPE="HypPart2"
                          SUBS_CONTENT="volendo"/>
                  <SP HEIGHT="39" WIDTH="11" VPOS="888" HPOS="904"/>
                  <String HEIGHT="39" WIDTH="80" VPOS="888" HPOS="870" CONTENT="Sed"/>
                  <SP HEIGHT="39" WIDTH="11" VPOS="888" HPOS="950"/>
                  <String HEIGHT="39" WIDTH="69" VPOS="888" HPOS="916" CONTENT="si"/>
                  <SP HEIGHT="39" WIDTH="11" VPOS="888" HPOS="985"/>
                  <String HEIGHT="39" WIDTH="92" VPOS="888" HPOS="950" CONTENT="deus"/>
                  <SP HEIGHT="39" WIDTH="11" VPOS="888" HPOS="1042"/>
                  <String HEIGHT="39" WIDTH="80" VPOS="888" HPOS="1008" CONTENT="hoc"/>
                  <SP HEIGHT="39" WIDTH="11" VPOS="888" HPOS="1088"/>
                  <String HEIGHT="39"
                          WIDTH="138"
                          VPOS="888"
                          HPOS="1054"
                          CONTENT="expresse"/>
                  <SP HEIGHT="39" WIDTH="11" VPOS="888" HPOS="1191"/>
                  <String HEIGHT="39"
                          WIDTH="172"
                          VPOS="888"
                          HPOS="1157"
                          CONTENT="precepisset"/>
                  <SP HEIGHT="39" WIDTH="11" VPOS="888" HPOS="1329"/>
                  <String HEIGHT="39" WIDTH="80" VPOS="888" HPOS="1295" CONTENT="non"/>
                  <SP HEIGHT="39" WIDTH="11" VPOS="888" HPOS="1375"/>
                  <String HEIGHT="39"
                          WIDTH="115"
                          VPOS="888"
                          HPOS="1329"
                          CONTENT="fecisset"/>
               </TextLine>
               <TextLine ID="r2l52"
                         BASELINE="958"
                         HEIGHT="36"
                         WIDTH="597"
                         VPOS="922"
                         HPOS="843">
                  <String HEIGHT="36"
                          WIDTH="117"
                          VPOS="922"
                          HPOS="831"
                          CONTENT="contra"/>
                  <SP HEIGHT="36" WIDTH="12" VPOS="922" HPOS="948"/>
                  <String HEIGHT="36" WIDTH="82" VPOS="922" HPOS="913" CONTENT="dei"/>
                  <SP HEIGHT="36" WIDTH="12" VPOS="922" HPOS="995"/>
                  <String HEIGHT="36"
                          WIDTH="152"
                          VPOS="922"
                          HPOS="960"
                          CONTENT="preceptum"/>
                  <SP HEIGHT="36" WIDTH="12" VPOS="922" HPOS="1112"/>
                  <String HEIGHT="36"
                          WIDTH="140"
                          VPOS="922"
                          HPOS="1077"
                          CONTENT="quicquid"/>
                  <SP HEIGHT="36" WIDTH="12" VPOS="922" HPOS="1218"/>
                  <String HEIGHT="36"
                          WIDTH="117"
                          VPOS="922"
                          HPOS="1182"
                          CONTENT="postea"/>
                  <SP HEIGHT="36" WIDTH="12" VPOS="922" HPOS="1300"/>
                  <String HEIGHT="36"
                          WIDTH="176"
                          VPOS="922"
                          HPOS="1264"
                          CONTENT="contigisset"/>
                  <SP HEIGHT="36" WIDTH="12" VPOS="922" HPOS="1440"/>
                  <String HEIGHT="36" WIDTH="47" VPOS="922" HPOS="1393" CONTENT="de"/>
               </TextLine>
               <TextLine ID="r2l54"
                         BASELINE="987"
                         HEIGHT="42"
                         WIDTH="602"
                         VPOS="945"
                         HPOS="842">
                  <String HEIGHT="42"
                          WIDTH="95"
                          VPOS="945"
                          HPOS="831"
                          CONTENT="facto"/>
                  <SP HEIGHT="42" WIDTH="11" VPOS="945" HPOS="926"/>
                  <String HEIGHT="42"
                          WIDTH="106"
                          VPOS="945"
                          HPOS="895"
                          CONTENT="sortis"/>
                  <SP HEIGHT="42" WIDTH="11" VPOS="945" HPOS="1000"/>
                  <String HEIGHT="42" WIDTH="53" VPOS="945" HPOS="969" CONTENT=""/>
                  <SP HEIGHT="42" WIDTH="11" VPOS="945" HPOS="1022"/>
                  <String HEIGHT="42" WIDTH="63" VPOS="945" HPOS="990" CONTENT="Et"/>
                  <SP HEIGHT="42" WIDTH="11" VPOS="945" HPOS="1053"/>
                  <String HEIGHT="42" WIDTH="63" VPOS="945" HPOS="1022" CONTENT="si"/>
                  <SP HEIGHT="42" WIDTH="11" VPOS="945" HPOS="1085"/>
                  <String HEIGHT="42"
                          WIDTH="116"
                          VPOS="945"
                          HPOS="1053"
                          CONTENT="obucias"/>
                  <SP HEIGHT="42" WIDTH="11" VPOS="945" HPOS="1169"/>
                  <String HEIGHT="42"
                          WIDTH="84"
                          VPOS="945"
                          HPOS="1138"
                          CONTENT="quia"/>
                  <SP HEIGHT="42" WIDTH="11" VPOS="945" HPOS="1222"/>
                  <String HEIGHT="42"
                          WIDTH="127"
                          VPOS="945"
                          HPOS="1191"
                          CONTENT="secundum"/>
                  <SP HEIGHT="42" WIDTH="11" VPOS="945" HPOS="1317"/>
                  <String HEIGHT="42"
                          WIDTH="95"
                          VPOS="945"
                          HPOS="1286"
                          CONTENT="istam"/>
                  <SP HEIGHT="42" WIDTH="11" VPOS="945" HPOS="1381"/>
                  <String HEIGHT="42"
                          WIDTH="106"
                          VPOS="945"
                          HPOS="1338"
                          CONTENT="rationem"/>
               </TextLine>
               <TextLine ID="r2l56"
                         BASELINE="1013"
                         HEIGHT="36"
                         WIDTH="606"
                         VPOS="977"
                         HPOS="838">
                  <String HEIGHT="36" WIDTH="74" VPOS="977" HPOS="827" CONTENT="non"/>
                  <SP HEIGHT="36" WIDTH="11" VPOS="977" HPOS="902"/>
                  <String HEIGHT="36"
                          WIDTH="106"
                          VPOS="977"
                          HPOS="870"
                          CONTENT="posset"/>
                  <SP HEIGHT="36" WIDTH="11" VPOS="977" HPOS="976"/>
                  <String HEIGHT="36" WIDTH="85" VPOS="977" HPOS="944" CONTENT="quis"/>
                  <SP HEIGHT="36" WIDTH="11" VPOS="977" HPOS="1029"/>
                  <String HEIGHT="36"
                          WIDTH="106"
                          VPOS="977"
                          HPOS="997"
                          CONTENT="licite"/>
                  <SP HEIGHT="36" WIDTH="11" VPOS="977" HPOS="1104"/>
                  <String HEIGHT="36"
                          WIDTH="96"
                          VPOS="977"
                          HPOS="1072"
                          CONTENT="velle"/>
                  <SP HEIGHT="36" WIDTH="11" VPOS="977" HPOS="1168"/>
                  <String HEIGHT="36"
                          WIDTH="128"
                          VPOS="977"
                          HPOS="1136"
                          CONTENT="effectum"/>
                  <SP HEIGHT="36" WIDTH="11" VPOS="977" HPOS="1263"/>
                  <String HEIGHT="36"
                          WIDTH="117"
                          VPOS="977"
                          HPOS="1231"
                          CONTENT="aliquem"/>
                  <SP HEIGHT="36" WIDTH="11" VPOS="977" HPOS="1348"/>
                  <String HEIGHT="36" WIDTH="74" VPOS="977" HPOS="1316" CONTENT="nec"/>
                  <SP HEIGHT="36" WIDTH="11" VPOS="977" HPOS="1391"/>
                  <String HEIGHT="36"
                          WIDTH="96"
                          VPOS="977"
                          HPOS="1348"
                          CONTENT="essario"/>
               </TextLine>
               <TextLine ID="r2l58"
                         BASELINE="1038"
                         HEIGHT="36"
                         WIDTH="600"
                         VPOS="1002"
                         HPOS="842">
                  <String HEIGHT="36"
                          WIDTH="120"
                          VPOS="1002"
                          HPOS="831"
                          CONTENT="futurum"/>
                  <SP HEIGHT="36" WIDTH="11" VPOS="1002" HPOS="951"/>
                  <String HEIGHT="36" WIDTH="76" VPOS="1002" HPOS="918" CONTENT="sed"/>
                  <SP HEIGHT="36" WIDTH="11" VPOS="1002" HPOS="995"/>
                  <String HEIGHT="36"
                          WIDTH="131"
                          VPOS="1002"
                          HPOS="962"
                          CONTENT="secundum"/>
                  <SP HEIGHT="36" WIDTH="11" VPOS="1002" HPOS="1093"/>
                  <String HEIGHT="36"
                          WIDTH="109"
                          VPOS="1002"
                          HPOS="1060"
                          CONTENT="causas"/>
                  <SP HEIGHT="36" WIDTH="11" VPOS="1002" HPOS="1169"/>
                  <String HEIGHT="36"
                          WIDTH="142"
                          VPOS="1002"
                          HPOS="1137"
                          CONTENT="naturales"/>
                  <SP HEIGHT="36" WIDTH="11" VPOS="1002" HPOS="1278"/>
                  <String HEIGHT="36"
                          WIDTH="87"
                          VPOS="1002"
                          HPOS="1246"
                          CONTENT="quod"/>
                  <SP HEIGHT="36" WIDTH="11" VPOS="1002" HPOS="1333"/>
                  <String HEIGHT="36"
                          WIDTH="120"
                          VPOS="1002"
                          HPOS="1300"
                          CONTENT="videtur"/>
                  <SP HEIGHT="36" WIDTH="11" VPOS="1002" HPOS="1420"/>
                  <String HEIGHT="36"
                          WIDTH="76"
                          VPOS="1002"
                          HPOS="1387"
                          CONTENT="in"/>
                  <SP HEIGHT="36" WIDTH="11" VPOS="1002" HPOS="1464"/>
                  <String HEIGHT="36" WIDTH="22" VPOS="1002" HPOS="1420" CONTENT=""/>
               </TextLine>
               <TextLine ID="r2l60"
                         BASELINE="1069"
                         HEIGHT="36"
                         WIDTH="608"
                         VPOS="1033"
                         HPOS="836">
                  <String HEIGHT="36"
                          WIDTH="170"
                          VPOS="1033"
                          HPOS="824"
                          CONTENT="conueniens"/>
                  <SP HEIGHT="36" WIDTH="12" VPOS="1033" HPOS="994"/>
                  <String HEIGHT="36"
                          WIDTH="195"
                          VPOS="1033"
                          HPOS="958"
                          CONTENT="consequentia"/>
                  <SP HEIGHT="36" WIDTH="12" VPOS="1033" HPOS="1152"/>
                  <String HEIGHT="36"
                          WIDTH="109"
                          VPOS="1033"
                          HPOS="1116"
                          CONTENT="patet"/>
                  <SP HEIGHT="36" WIDTH="12" VPOS="1033" HPOS="1225"/>
                  <String HEIGHT="36"
                          WIDTH="97"
                          VPOS="1033"
                          HPOS="1189"
                          CONTENT="quia"/>
                  <SP HEIGHT="36" WIDTH="12" VPOS="1033" HPOS="1286"/>
                  <String HEIGHT="36"
                          WIDTH="97"
                          VPOS="1033"
                          HPOS="1249"
                          CONTENT="deus"/>
                  <SP HEIGHT="36" WIDTH="12" VPOS="1033" HPOS="1347"/>
                  <String HEIGHT="36"
                          WIDTH="109"
                          VPOS="1033"
                          HPOS="1310"
                          CONTENT="adhuc"/>
                  <SP HEIGHT="36" WIDTH="12" VPOS="1033" HPOS="1420"/>
                  <String HEIGHT="36"
                          WIDTH="73"
                          VPOS="1033"
                          HPOS="1371"
                          CONTENT="post"/>
               </TextLine>
               <TextLine ID="r2l62"
                         BASELINE="1095"
                         HEIGHT="35"
                         WIDTH="594"
                         VPOS="1060"
                         HPOS="844">
                  <String HEIGHT="35"
                          WIDTH="126"
                          VPOS="1060"
                          HPOS="833"
                          CONTENT="instans"/>
                  <SP HEIGHT="35" WIDTH="11" VPOS="1060" HPOS="958"/>
                  <String HEIGHT="35"
                          WIDTH="160"
                          VPOS="1060"
                          HPOS="924"
                          CONTENT="volitionis"/>
                  <SP HEIGHT="35" WIDTH="11" VPOS="1060" HPOS="1084"/>
                  <String HEIGHT="35"
                          WIDTH="114"
                          VPOS="1060"
                          HPOS="1050"
                          CONTENT="potest"/>
                  <SP HEIGHT="35" WIDTH="11" VPOS="1060" HPOS="1164"/>
                  <String HEIGHT="35"
                          WIDTH="114"
                          VPOS="1060"
                          HPOS="1130"
                          CONTENT="fatere"/>
                  <SP HEIGHT="35" WIDTH="11" VPOS="1060" HPOS="1244"/>
                  <String HEIGHT="35"
                          WIDTH="103"
                          VPOS="1060"
                          HPOS="1210"
                          CONTENT="istum"/>
                  <SP HEIGHT="35" WIDTH="11" VPOS="1060" HPOS="1312"/>
                  <String HEIGHT="35"
                          WIDTH="137"
                          VPOS="1060"
                          HPOS="1278"
                          CONTENT="effectum"/>
                  <SP HEIGHT="35" WIDTH="11" VPOS="1060" HPOS="1415"/>
                  <String HEIGHT="35"
                          WIDTH="80"
                          VPOS="1060"
                          HPOS="1381"
                          CONTENT="non"/>
                  <SP HEIGHT="35" WIDTH="11" VPOS="1060" HPOS="1461"/>
                  <String HEIGHT="35" WIDTH="23" VPOS="1060" HPOS="1415" CONTENT=""/>
               </TextLine>
               <TextLine ID="r2l64"
                         BASELINE="1129"
                         HEIGHT="44"
                         WIDTH="602"
                         VPOS="1085"
                         HPOS="839">
                  <String HEIGHT="44"
                          WIDTH="86"
                          VPOS="1085"
                          HPOS="828"
                          CONTENT="fore"/>
                  <SP HEIGHT="44" WIDTH="11" VPOS="1085" HPOS="914"/>
                  <String HEIGHT="44" WIDTH="65" VPOS="1085" HPOS="882" CONTENT="et"/>
                  <SP HEIGHT="44" WIDTH="11" VPOS="1085" HPOS="947"/>
                  <String HEIGHT="44"
                          WIDTH="129"
                          VPOS="1085"
                          HPOS="914"
                          CONTENT="sequitur"/>
                  <SP HEIGHT="44" WIDTH="11" VPOS="1085" HPOS="1043"/>
                  <String HEIGHT="44"
                          WIDTH="97"
                          VPOS="1085"
                          HPOS="1011"
                          CONTENT="vltra"/>
                  <SP HEIGHT="44" WIDTH="11" VPOS="1085" HPOS="1108"/>
                  <String HEIGHT="44"
                          WIDTH="86"
                          VPOS="1085"
                          HPOS="1076"
                          CONTENT="quod"/>
                  <SP HEIGHT="44" WIDTH="11" VPOS="1085" HPOS="1162"/>
                  <String HEIGHT="44"
                          WIDTH="86"
                          VPOS="1085"
                          HPOS="1129"
                          CONTENT="deus"/>
                  <SP HEIGHT="44" WIDTH="11" VPOS="1085" HPOS="1215"/>
                  <String HEIGHT="44"
                          WIDTH="108"
                          VPOS="1085"
                          HPOS="1183"
                          CONTENT="potest"/>
                  <SP HEIGHT="44" WIDTH="11" VPOS="1085" HPOS="1291"/>
                  <String HEIGHT="44"
                          WIDTH="97"
                          VPOS="1085"
                          HPOS="1258"
                          CONTENT="adhuc"/>
                  <SP HEIGHT="44" WIDTH="11" VPOS="1085" HPOS="1355"/>
                  <String HEIGHT="44"
                          WIDTH="108"
                          VPOS="1085"
                          HPOS="1323"
                          CONTENT="facere"/>
                  <SP HEIGHT="44" WIDTH="11" VPOS="1085" HPOS="1430"/>
                  <String HEIGHT="44"
                          WIDTH="54"
                          VPOS="1085"
                          HPOS="1387"
                          CONTENT="vne"/>
               </TextLine>
               <TextLine ID="r2l66"
                         BASELINE="1153"
                         HEIGHT="37"
                         WIDTH="582"
                         VPOS="1116"
                         HPOS="840">
                  <String HEIGHT="37"
                          WIDTH="137"
                          VPOS="1116"
                          HPOS="829"
                          CONTENT="sequatur"/>
                  <SP HEIGHT="37" WIDTH="11" VPOS="1116" HPOS="966"/>
                  <String HEIGHT="37"
                          WIDTH="91"
                          VPOS="1116"
                          HPOS="931"
                          CONTENT="quod"/>
                  <SP HEIGHT="37" WIDTH="11" VPOS="1116" HPOS="1023"/>
                  <String HEIGHT="37"
                          WIDTH="91"
                          VPOS="1116"
                          HPOS="988"
                          CONTENT="iste"/>
                  <SP HEIGHT="37" WIDTH="11" VPOS="1116" HPOS="1080"/>
                  <String HEIGHT="37"
                          WIDTH="126"
                          VPOS="1116"
                          HPOS="1045"
                          CONTENT="angelus"/>
                  <SP HEIGHT="37" WIDTH="11" VPOS="1116" HPOS="1171"/>
                  <String HEIGHT="37" WIDTH="68" VPOS="1116" HPOS="1137" CONTENT="in"/>
                  <SP HEIGHT="37" WIDTH="11" VPOS="1116" HPOS="1205"/>
                  <String HEIGHT="37" WIDTH="68" VPOS="1116" HPOS="1171" CONTENT="a."/>
                  <SP HEIGHT="37" WIDTH="11" VPOS="1116" HPOS="1239"/>
                  <String HEIGHT="37"
                          WIDTH="137"
                          VPOS="1116"
                          HPOS="1205"
                          CONTENT="instanti"/>
                  <SP HEIGHT="37" WIDTH="11" VPOS="1116" HPOS="1342"/>
                  <String HEIGHT="37"
                          WIDTH="126"
                          VPOS="1116"
                          HPOS="1296"
                          CONTENT="peccauit."/>
               </TextLine>
               <TextLine ID="r2l68"
                         BASELINE="1185"
                         HEIGHT="41"
                         WIDTH="592"
                         VPOS="1144"
                         HPOS="845">
                  <String HEIGHT="41" WIDTH="56" VPOS="1144" HPOS="834" CONTENT=""/>
                  <SP HEIGHT="41" WIDTH="11" VPOS="1144" HPOS="890"/>
                  <String HEIGHT="41"
                          WIDTH="145"
                          VPOS="1144"
                          HPOS="856"
                          CONTENT="Respondet"/>
                  <SP HEIGHT="41" WIDTH="11" VPOS="1144" HPOS="1001"/>
                  <String HEIGHT="41"
                          WIDTH="134"
                          VPOS="1144"
                          HPOS="968"
                          CONTENT="syrensis"/>
                  <SP HEIGHT="41" WIDTH="11" VPOS="1144" HPOS="1102"/>
                  <String HEIGHT="41"
                          WIDTH="156"
                          VPOS="1144"
                          HPOS="1068"
                          CONTENT="concedendo"/>
                  <SP HEIGHT="41" WIDTH="11" VPOS="1144" HPOS="1225"/>
                  <String HEIGHT="41"
                          WIDTH="179"
                          VPOS="1144"
                          HPOS="1191"
                          CONTENT="conclusionem"/>
                  <SP HEIGHT="41" WIDTH="11" VPOS="1144" HPOS="1370"/>
                  <String HEIGHT="41" WIDTH="67" VPOS="1144" HPOS="1336" CONTENT="et"/>
                  <SP HEIGHT="41" WIDTH="11" VPOS="1144" HPOS="1403"/>
                  <String HEIGHT="41"
                          WIDTH="78"
                          VPOS="1144"
                          HPOS="1359"
                          CONTENT="addit"/>
               </TextLine>
               <TextLine ID="r2l70"
                         BASELINE="1214"
                         HEIGHT="36"
                         WIDTH="595"
                         VPOS="1178"
                         HPOS="841">
                  <String HEIGHT="36"
                          WIDTH="88"
                          VPOS="1178"
                          HPOS="830"
                          CONTENT="quod"/>
                  <SP HEIGHT="36" WIDTH="11" VPOS="1178" HPOS="918"/>
                  <String HEIGHT="36" WIDTH="66" VPOS="1178" HPOS="885" CONTENT="si"/>
                  <SP HEIGHT="36" WIDTH="11" VPOS="1178" HPOS="951"/>
                  <String HEIGHT="36"
                          WIDTH="121"
                          VPOS="1178"
                          HPOS="918"
                          CONTENT="angelus"/>
                  <SP HEIGHT="36" WIDTH="11" VPOS="1178" HPOS="1039"/>
                  <String HEIGHT="36"
                          WIDTH="121"
                          VPOS="1178"
                          HPOS="1006"
                          CONTENT="aliquis"/>
                  <SP HEIGHT="36" WIDTH="11" VPOS="1178" HPOS="1127"/>
                  <String HEIGHT="36"
                          WIDTH="110"
                          VPOS="1178"
                          HPOS="1094"
                          CONTENT="beatus"/>
                  <SP HEIGHT="36" WIDTH="11" VPOS="1178" HPOS="1205"/>
                  <String HEIGHT="36" WIDTH="66" VPOS="1178" HPOS="1172" CONTENT="ex"/>
                  <SP HEIGHT="36" WIDTH="11" VPOS="1178" HPOS="1238"/>
                  <String HEIGHT="36"
                          WIDTH="110"
                          VPOS="1178"
                          HPOS="1205"
                          CONTENT="aliqua"/>
                  <SP HEIGHT="36" WIDTH="11" VPOS="1178" HPOS="1315"/>
                  <String HEIGHT="36"
                          WIDTH="88"
                          VPOS="1178"
                          HPOS="1282"
                          CONTENT="tali"/>
                  <SP HEIGHT="36" WIDTH="11" VPOS="1178" HPOS="1370"/>
                  <String HEIGHT="36"
                          WIDTH="110"
                          VPOS="1178"
                          HPOS="1326"
                          CONTENT="ostensio"/>
               </TextLine>
               <TextLine ID="r2l72"
                         BASELINE="1244"
                         HEIGHT="38"
                         WIDTH="603"
                         VPOS="1206"
                         HPOS="830">
                  <String HEIGHT="38" WIDTH="67" VPOS="1206" HPOS="819" CONTENT="ne"/>
                  <SP HEIGHT="38" WIDTH="11" VPOS="1206" HPOS="886"/>
                  <String HEIGHT="38"
                          WIDTH="101"
                          VPOS="1206"
                          HPOS="852"
                          CONTENT="velit"/>
                  <SP HEIGHT="38" WIDTH="11" VPOS="1206" HPOS="953"/>
                  <String HEIGHT="38"
                          WIDTH="134"
                          VPOS="1206"
                          HPOS="919"
                          CONTENT="absolute"/>
                  <SP HEIGHT="38" WIDTH="11" VPOS="1206" HPOS="1053"/>
                  <String HEIGHT="38"
                          WIDTH="123"
                          VPOS="1206"
                          HPOS="1020"
                          CONTENT="aliquid"/>
                  <SP HEIGHT="38" WIDTH="11" VPOS="1206" HPOS="1143"/>
                  <String HEIGHT="38"
                          WIDTH="89"
                          VPOS="1206"
                          HPOS="1109"
                          CONTENT="fore"/>
                  <SP HEIGHT="38" WIDTH="11" VPOS="1206" HPOS="1199"/>
                  <String HEIGHT="38"
                          WIDTH="89"
                          VPOS="1206"
                          HPOS="1165"
                          CONTENT="quod"/>
                  <SP HEIGHT="38" WIDTH="11" VPOS="1206" HPOS="1254"/>
                  <String HEIGHT="38"
                          WIDTH="78"
                          VPOS="1206"
                          HPOS="1221"
                          CONTENT="non"/>
                  <SP HEIGHT="38" WIDTH="11" VPOS="1206" HPOS="1299"/>
                  <String HEIGHT="38"
                          WIDTH="101"
                          VPOS="1206"
                          HPOS="1266"
                          CONTENT="videt"/>
                  <SP HEIGHT="38" WIDTH="11" VPOS="1206" HPOS="1366"/>
                  <String HEIGHT="38"
                          WIDTH="89"
                          VPOS="1206"
                          HPOS="1333"
                          CONTENT="deum"/>
                  <SP HEIGHT="38" WIDTH="11" VPOS="1206" HPOS="1422"/>
                  <String HEIGHT="38"
                          WIDTH="56"
                          VPOS="1206"
                          HPOS="1377"
                          CONTENT="ne"
                          SUBS_TYPE="HypPart1"
                          SUBS_CONTENT="necessario"/>
                  <HYP CONTENT="-"/>
               </TextLine>
               <TextLine ID="r2l74"
                         BASELINE="1271"
                         HEIGHT="41"
                         WIDTH="603"
                         VPOS="1230"
                         HPOS="838">
                  <String HEIGHT="41"
                          WIDTH="142"
                          VPOS="1230"
                          HPOS="826"
                          CONTENT="cessario"
                          SUBS_TYPE="HypPart2"
                          SUBS_CONTENT="necessario"/>
                  <SP HEIGHT="41" WIDTH="12" VPOS="1230" HPOS="968"/>
                  <String HEIGHT="41" WIDTH="71" VPOS="1230" HPOS="933" CONTENT="et"/>
                  <SP HEIGHT="41" WIDTH="12" VPOS="1230" HPOS="1004"/>
                  <String HEIGHT="41"
                          WIDTH="201"
                          VPOS="1230"
                          HPOS="968"
                          CONTENT="immutabiliter"/>
                  <SP HEIGHT="41" WIDTH="12" VPOS="1230" HPOS="1169"/>
                  <String HEIGHT="41"
                          WIDTH="106"
                          VPOS="1230"
                          HPOS="1134"
                          CONTENT="nullo"/>
                  <SP HEIGHT="41" WIDTH="12" VPOS="1230" HPOS="1240"/>
                  <String HEIGHT="41"
                          WIDTH="95"
                          VPOS="1230"
                          HPOS="1205"
                          CONTENT="fore"/>
                  <SP HEIGHT="41" WIDTH="12" VPOS="1230" HPOS="1299"/>
                  <String HEIGHT="41"
                          WIDTH="83"
                          VPOS="1230"
                          HPOS="1264"
                          CONTENT="vel"/>
                  <SP HEIGHT="41" WIDTH="12" VPOS="1230" HPOS="1346"/>
                  <String HEIGHT="41"
                          WIDTH="83"
                          VPOS="1230"
                          HPOS="1311"
                          CONTENT="non"/>
                  <SP HEIGHT="41" WIDTH="12" VPOS="1230" HPOS="1394"/>
                  <String HEIGHT="41"
                          WIDTH="95"
                          VPOS="1230"
                          HPOS="1346"
                          CONTENT="decere"/>
               </TextLine>
               <TextLine ID="r2l76"
                         BASELINE="1293"
                         HEIGHT="35"
                         WIDTH="605"
                         VPOS="1258"
                         HPOS="835">
                  <String HEIGHT="35"
                          WIDTH="99"
                          VPOS="1258"
                          HPOS="823"
                          CONTENT="deum"/>
                  <SP HEIGHT="35" WIDTH="12" VPOS="1258" HPOS="921"/>
                  <String HEIGHT="35" WIDTH="86" VPOS="1258" HPOS="884" CONTENT="non"/>
                  <SP HEIGHT="35" WIDTH="12" VPOS="1258" HPOS="971"/>
                  <String HEIGHT="35"
                          WIDTH="111"
                          VPOS="1258"
                          HPOS="934"
                          CONTENT="velle"/>
                  <SP HEIGHT="35" WIDTH="12" VPOS="1258" HPOS="1045"/>
                  <String HEIGHT="35"
                          WIDTH="86"
                          VPOS="1258"
                          HPOS="1008"
                          CONTENT="hoc"/>
                  <SP HEIGHT="35" WIDTH="12" VPOS="1258" HPOS="1094"/>
                  <String HEIGHT="35"
                          WIDTH="99"
                          VPOS="1258"
                          HPOS="1057"
                          CONTENT="fore"/>
                  <SP HEIGHT="35" WIDTH="12" VPOS="1258" HPOS="1156"/>
                  <String HEIGHT="35" WIDTH="74" VPOS="1258" HPOS="1119" CONTENT="eo"/>
                  <SP HEIGHT="35" WIDTH="12" VPOS="1258" HPOS="1193"/>
                  <String HEIGHT="35"
                          WIDTH="99"
                          VPOS="1258"
                          HPOS="1156"
                          CONTENT="ipso"/>
                  <SP HEIGHT="35" WIDTH="12" VPOS="1258" HPOS="1255"/>
                  <String HEIGHT="35"
                          WIDTH="123"
                          VPOS="1258"
                          HPOS="1218"
                          CONTENT="peccat"/>
                  <SP HEIGHT="35" WIDTH="12" VPOS="1258" HPOS="1341"/>
                  <String HEIGHT="35"
                          WIDTH="123"
                          VPOS="1258"
                          HPOS="1304"
                          CONTENT="temere"/>
                  <SP HEIGHT="35" WIDTH="12" VPOS="1258" HPOS="1428"/>
                  <String HEIGHT="35" WIDTH="74" VPOS="1258" HPOS="1391" CONTENT="ab"/>
                  <SP HEIGHT="35" WIDTH="12" VPOS="1258" HPOS="1465"/>
                  <String HEIGHT="35" WIDTH="25" VPOS="1258" HPOS="1415" CONTENT=""/>
               </TextLine>
               <TextLine ID="r2l78"
                         BASELINE="1323"
                         HEIGHT="38"
                         WIDTH="592"
                         VPOS="1285"
                         HPOS="842">
                  <String HEIGHT="38"
                          WIDTH="114"
                          VPOS="1285"
                          HPOS="831"
                          CONTENT="solute"/>
                  <SP HEIGHT="38" WIDTH="11" VPOS="1285" HPOS="944"/>
                  <String HEIGHT="38"
                          WIDTH="125"
                          VPOS="1285"
                          HPOS="910"
                          CONTENT="volendo"/>
                  <SP HEIGHT="38" WIDTH="11" VPOS="1285" HPOS="1036"/>
                  <String HEIGHT="38"
                          WIDTH="102"
                          VPOS="1285"
                          HPOS="1001"
                          CONTENT="illud"/>
                  <SP HEIGHT="38" WIDTH="11" VPOS="1285" HPOS="1104"/>
                  <String HEIGHT="38"
                          WIDTH="91"
                          VPOS="1285"
                          HPOS="1070"
                          CONTENT="quod"/>
                  <SP HEIGHT="38" WIDTH="11" VPOS="1285" HPOS="1161"/>
                  <String HEIGHT="38"
                          WIDTH="80"
                          VPOS="1285"
                          HPOS="1127"
                          CONTENT="non"/>
                  <SP HEIGHT="38" WIDTH="11" VPOS="1285" HPOS="1206"/>
                  <String HEIGHT="38"
                          WIDTH="125"
                          VPOS="1285"
                          HPOS="1172"
                          CONTENT="deberet"/>
                  <SP HEIGHT="38" WIDTH="11" VPOS="1285" HPOS="1297"/>
                  <String HEIGHT="38"
                          WIDTH="80"
                          VPOS="1285"
                          HPOS="1263"
                          CONTENT="sic"/>
                  <SP HEIGHT="38" WIDTH="11" VPOS="1285" HPOS="1343"/>
                  <String HEIGHT="38"
                          WIDTH="102"
                          VPOS="1285"
                          HPOS="1309"
                          CONTENT="velle"/>
                  <SP HEIGHT="38" WIDTH="11" VPOS="1285" HPOS="1411"/>
                  <String HEIGHT="38"
                          WIDTH="68"
                          VPOS="1285"
                          HPOS="1366"
                          CONTENT="etc."/>
               </TextLine>
               <TextLine ID="r2l80"
                         BASELINE="1352"
                         HEIGHT="37"
                         WIDTH="583"
                         VPOS="1315"
                         HPOS="845">
                  <String HEIGHT="37" WIDTH="62" VPOS="1315" HPOS="833" CONTENT=""/>
                  <SP HEIGHT="37" WIDTH="12" VPOS="1315" HPOS="895"/>
                  <String HEIGHT="37" WIDTH="87" VPOS="1315" HPOS="857" CONTENT="Sed"/>
                  <SP HEIGHT="37" WIDTH="12" VPOS="1315" HPOS="944"/>
                  <String HEIGHT="37"
                          WIDTH="124"
                          VPOS="1315"
                          HPOS="907"
                          CONTENT="contra"/>
                  <SP HEIGHT="37" WIDTH="12" VPOS="1315" HPOS="1031"/>
                  <String HEIGHT="37" WIDTH="87" VPOS="1315" HPOS="994" CONTENT="hoc"/>
                  <SP HEIGHT="37" WIDTH="12" VPOS="1315" HPOS="1081"/>
                  <String HEIGHT="37"
                          WIDTH="149"
                          VPOS="1315"
                          HPOS="1043"
                          CONTENT="arguitur"/>
                  <SP HEIGHT="37" WIDTH="12" VPOS="1315" HPOS="1192"/>
                  <String HEIGHT="37"
                          WIDTH="124"
                          VPOS="1315"
                          HPOS="1155"
                          CONTENT="nullus"/>
                  <SP HEIGHT="37" WIDTH="12" VPOS="1315" HPOS="1279"/>
                  <String HEIGHT="37"
                          WIDTH="124"
                          VPOS="1315"
                          HPOS="1242"
                          CONTENT="posset"/>
                  <SP HEIGHT="37" WIDTH="12" VPOS="1315" HPOS="1366"/>
                  <String HEIGHT="37"
                          WIDTH="112"
                          VPOS="1315"
                          HPOS="1316"
                          CONTENT="operari"/>
               </TextLine>
               <TextLine ID="r2l82"
                         BASELINE="1388"
                         HEIGHT="39"
                         WIDTH="604"
                         VPOS="1349"
                         HPOS="831">
                  <String HEIGHT="39"
                          WIDTH="130"
                          VPOS="1349"
                          HPOS="819"
                          CONTENT="aliquid"/>
                  <SP HEIGHT="39" WIDTH="12" VPOS="1349" HPOS="949"/>
                  <String HEIGHT="39" WIDTH="83" VPOS="1349" HPOS="914" CONTENT="vel"/>
                  <SP HEIGHT="39" WIDTH="12" VPOS="1349" HPOS="997"/>
                  <String HEIGHT="39"
                          WIDTH="107"
                          VPOS="1349"
                          HPOS="961"
                          CONTENT="agere"/>
                  <SP HEIGHT="39" WIDTH="12" VPOS="1349" HPOS="1068"/>
                  <String HEIGHT="39"
                          WIDTH="118"
                          VPOS="1349"
                          HPOS="1032"
                          CONTENT="licite"/>
                  <SP HEIGHT="39" WIDTH="12" VPOS="1349" HPOS="1151"/>
                  <String HEIGHT="39"
                          WIDTH="142"
                          VPOS="1349"
                          HPOS="1115"
                          CONTENT="exterius"/>
                  <SP HEIGHT="39" WIDTH="12" VPOS="1349" HPOS="1257"/>
                  <String HEIGHT="39" WIDTH="71" VPOS="1349" HPOS="1222" CONTENT="ex"/>
                  <SP HEIGHT="39" WIDTH="12" VPOS="1349" HPOS="1293"/>
                  <String HEIGHT="39"
                          WIDTH="95"
                          VPOS="1349"
                          HPOS="1257"
                          CONTENT="tali"/>
                  <SP HEIGHT="39" WIDTH="12" VPOS="1349" HPOS="1352"/>
                  <String HEIGHT="39"
                          WIDTH="130"
                          VPOS="1349"
                          HPOS="1305"
                          CONTENT="reuelatio"/>
               </TextLine>
               <TextLine ID="r2l84"
                         BASELINE="1409"
                         HEIGHT="34"
                         WIDTH="603"
                         VPOS="1375"
                         HPOS="831">
                  <String HEIGHT="34" WIDTH="66" VPOS="1375" HPOS="820" CONTENT="ne"/>
                  <SP HEIGHT="34" WIDTH="11" VPOS="1375" HPOS="886"/>
                  <String HEIGHT="34"
                          WIDTH="88"
                          VPOS="1375"
                          HPOS="853"
                          CONTENT="quia"/>
                  <SP HEIGHT="34" WIDTH="11" VPOS="1375" HPOS="941"/>
                  <String HEIGHT="34"
                          WIDTH="110"
                          VPOS="1375"
                          HPOS="908"
                          CONTENT="nullus"/>
                  <SP HEIGHT="34" WIDTH="11" VPOS="1375" HPOS="1017"/>
                  <String HEIGHT="34"
                          WIDTH="99"
                          VPOS="1375"
                          HPOS="984"
                          CONTENT="mouet"/>
                  <SP HEIGHT="34" WIDTH="11" VPOS="1375" HPOS="1083"/>
                  <String HEIGHT="34" WIDTH="66" VPOS="1375" HPOS="1050" CONTENT="se"/>
                  <SP HEIGHT="34" WIDTH="11" VPOS="1375" HPOS="1116"/>
                  <String HEIGHT="34"
                          WIDTH="121"
                          VPOS="1375"
                          HPOS="1083"
                          CONTENT="propter"/>
                  <SP HEIGHT="34" WIDTH="11" VPOS="1375" HPOS="1204"/>
                  <String HEIGHT="34"
                          WIDTH="77"
                          VPOS="1375"
                          HPOS="1171"
                          CONTENT="hoc"/>
                  <SP HEIGHT="34" WIDTH="11" VPOS="1375" HPOS="1248"/>
                  <String HEIGHT="34"
                          WIDTH="99"
                          VPOS="1375"
                          HPOS="1215"
                          CONTENT="solum"/>
                  <SP HEIGHT="34" WIDTH="11" VPOS="1375" HPOS="1313"/>
                  <String HEIGHT="34"
                          WIDTH="88"
                          VPOS="1375"
                          HPOS="1281"
                          CONTENT="quod"/>
                  <SP HEIGHT="34" WIDTH="11" VPOS="1375" HPOS="1368"/>
                  <String HEIGHT="34"
                          WIDTH="110"
                          VPOS="1375"
                          HPOS="1324"
                          CONTENT="conditio"/>
               </TextLine>
               <TextLine ID="r2l86"
                         BASELINE="1437"
                         HEIGHT="37"
                         WIDTH="604"
                         VPOS="1400"
                         HPOS="831">
                  <String HEIGHT="37"
                          WIDTH="133"
                          VPOS="1400"
                          HPOS="819"
                          CONTENT="naliter"/>
                  <SP HEIGHT="37" WIDTH="12" VPOS="1400" HPOS="952"/>
                  <String HEIGHT="37"
                          WIDTH="97"
                          VPOS="1400"
                          HPOS="916"
                          CONTENT="vult"/>
                  <SP HEIGHT="37" WIDTH="12" VPOS="1400" HPOS="1012"/>
                  <String HEIGHT="37" WIDTH="72" VPOS="1400" HPOS="976" CONTENT="se"/>
                  <SP HEIGHT="37" WIDTH="12" VPOS="1400" HPOS="1048"/>
                  <String HEIGHT="37"
                          WIDTH="121"
                          VPOS="1400"
                          HPOS="1012"
                          CONTENT="mouere"/>
                  <SP HEIGHT="37" WIDTH="12" VPOS="1400" HPOS="1133"/>
                  <String HEIGHT="37" WIDTH="72" VPOS="1400" HPOS="1097" CONTENT="et"/>
                  <SP HEIGHT="37" WIDTH="12" VPOS="1400" HPOS="1169"/>
                  <String HEIGHT="37"
                          WIDTH="85"
                          VPOS="1400"
                          HPOS="1133"
                          CONTENT="ita"/>
                  <SP HEIGHT="37" WIDTH="12" VPOS="1400" HPOS="1218"/>
                  <String HEIGHT="37"
                          WIDTH="133"
                          VPOS="1400"
                          HPOS="1181"
                          CONTENT="angelus"/>
                  <SP HEIGHT="37" WIDTH="12" VPOS="1400" HPOS="1314"/>
                  <String HEIGHT="37"
                          WIDTH="85"
                          VPOS="1400"
                          HPOS="1278"
                          CONTENT="non"/>
                  <SP HEIGHT="37" WIDTH="12" VPOS="1400" HPOS="1363"/>
                  <String HEIGHT="37"
                          WIDTH="121"
                          VPOS="1400"
                          HPOS="1314"
                          CONTENT="venisset"/>
               </TextLine>
               <TextLine ID="r2l88"
                         BASELINE="1467"
                         HEIGHT="34"
                         WIDTH="602"
                         VPOS="1433"
                         HPOS="829">
                  <String HEIGHT="34" WIDTH="66" VPOS="1433" HPOS="818" CONTENT="ad"/>
                  <SP HEIGHT="34" WIDTH="11" VPOS="1433" HPOS="884"/>
                  <String HEIGHT="34"
                          WIDTH="142"
                          VPOS="1433"
                          HPOS="851"
                          CONTENT="virginem."/>
                  <SP HEIGHT="34" WIDTH="11" VPOS="1433" HPOS="993"/>
                  <String HEIGHT="34"
                          WIDTH="120"
                          VPOS="1433"
                          HPOS="960"
                          CONTENT="Siliter"/>
                  <SP HEIGHT="34" WIDTH="11" VPOS="1433" HPOS="1081"/>
                  <String HEIGHT="34"
                          WIDTH="120"
                          VPOS="1433"
                          HPOS="1048"
                          CONTENT="secudum"/>
                  <SP HEIGHT="34" WIDTH="11" VPOS="1433" HPOS="1168"/>
                  <String HEIGHT="34"
                          WIDTH="77"
                          VPOS="1433"
                          HPOS="1135"
                          CONTENT="hoc"/>
                  <SP HEIGHT="34" WIDTH="11" VPOS="1433" HPOS="1212"/>
                  <String HEIGHT="34"
                          WIDTH="109"
                          VPOS="1433"
                          HPOS="1179"
                          CONTENT="nullus"/>
                  <SP HEIGHT="34" WIDTH="11" VPOS="1433" HPOS="1289"/>
                  <String HEIGHT="34"
                          WIDTH="109"
                          VPOS="1433"
                          HPOS="1256"
                          CONTENT="posset"/>
                  <SP HEIGHT="34" WIDTH="11" VPOS="1433" HPOS="1365"/>
                  <String HEIGHT="34"
                          WIDTH="109"
                          VPOS="1433"
                          HPOS="1322"
                          CONTENT="absolute"/>
               </TextLine>
               <TextLine ID="r2l90"
                         BASELINE="1492"
                         HEIGHT="32"
                         WIDTH="595"
                         VPOS="1460"
                         HPOS="839">
                  <String HEIGHT="32"
                          WIDTH="96"
                          VPOS="1460"
                          HPOS="828"
                          CONTENT="velle"/>
                  <SP HEIGHT="32" WIDTH="11" VPOS="1460" HPOS="924"/>
                  <String HEIGHT="32"
                          WIDTH="106"
                          VPOS="1460"
                          HPOS="892"
                          CONTENT="semper"/>
                  <SP HEIGHT="32" WIDTH="11" VPOS="1460" HPOS="998"/>
                  <String HEIGHT="32"
                          WIDTH="85"
                          VPOS="1460"
                          HPOS="967"
                          CONTENT="fore"/>
                  <SP HEIGHT="32" WIDTH="11" VPOS="1460" HPOS="1052"/>
                  <String HEIGHT="32"
                          WIDTH="106"
                          VPOS="1460"
                          HPOS="1020"
                          CONTENT="beatus"/>
                  <SP HEIGHT="32" WIDTH="11" VPOS="1460" HPOS="1126"/>
                  <String HEIGHT="32"
                          WIDTH="85"
                          VPOS="1460"
                          HPOS="1094"
                          CONTENT="dato"/>
                  <SP HEIGHT="32" WIDTH="11" VPOS="1460" HPOS="1179"/>
                  <String HEIGHT="32"
                          WIDTH="85"
                          VPOS="1460"
                          HPOS="1147"
                          CONTENT="quod"/>
                  <SP HEIGHT="32" WIDTH="11" VPOS="1460" HPOS="1232"/>
                  <String HEIGHT="32"
                          WIDTH="106"
                          VPOS="1460"
                          HPOS="1200"
                          CONTENT="tantum"/>
                  <SP HEIGHT="32" WIDTH="11" VPOS="1460" HPOS="1307"/>
                  <String HEIGHT="32" WIDTH="64" VPOS="1460" HPOS="1275" CONTENT="in"/>
                  <SP HEIGHT="32" WIDTH="11" VPOS="1460" HPOS="1338"/>
                  <String HEIGHT="32"
                          WIDTH="96"
                          VPOS="1460"
                          HPOS="1307"
                          CONTENT="verbo"/>
                  <SP HEIGHT="32" WIDTH="11" VPOS="1460" HPOS="1402"/>
                  <String HEIGHT="32"
                          WIDTH="74"
                          VPOS="1460"
                          HPOS="1360"
                          CONTENT="vide"
                          SUBS_TYPE="HypPart1"
                          SUBS_CONTENT="videret"/>
                  <HYP CONTENT="-"/>
               </TextLine>
               <TextLine ID="r2l92"
                         BASELINE="1526"
                         HEIGHT="36"
                         WIDTH="595"
                         VPOS="1490"
                         HPOS="841">
                  <String HEIGHT="36"
                          WIDTH="73"
                          VPOS="1490"
                          HPOS="831"
                          CONTENT="ret"
                          SUBS_TYPE="HypPart2"
                          SUBS_CONTENT="videret"/>
                  <SP HEIGHT="36" WIDTH="10" VPOS="1490" HPOS="904"/>
                  <String HEIGHT="36"
                          WIDTH="84"
                          VPOS="1490"
                          HPOS="872"
                          CONTENT="suam"/>
                  <SP HEIGHT="36" WIDTH="10" VPOS="1490" HPOS="956"/>
                  <String HEIGHT="36"
                          WIDTH="167"
                          VPOS="1490"
                          HPOS="925"
                          CONTENT="beatitudinem"/>
                  <SP HEIGHT="36" WIDTH="10" VPOS="1490" HPOS="1092"/>
                  <String HEIGHT="36"
                          WIDTH="167"
                          VPOS="1490"
                          HPOS="1060"
                          CONTENT="perpetuandam"/>
                  <SP HEIGHT="36" WIDTH="10" VPOS="1490" HPOS="1227"/>
                  <String HEIGHT="36"
                          WIDTH="84"
                          VPOS="1490"
                          HPOS="1196"
                          CONTENT="quod"/>
                  <SP HEIGHT="36" WIDTH="10" VPOS="1490" HPOS="1279"/>
                  <String HEIGHT="36"
                          WIDTH="73"
                          VPOS="1490"
                          HPOS="1248"
                          CONTENT="non"/>
                  <SP HEIGHT="36" WIDTH="10" VPOS="1490" HPOS="1321"/>
                  <String HEIGHT="36"
                          WIDTH="115"
                          VPOS="1490"
                          HPOS="1290"
                          CONTENT="videtur"/>
                  <SP HEIGHT="36" WIDTH="10" VPOS="1490" HPOS="1405"/>
                  <String HEIGHT="36"
                          WIDTH="73"
                          VPOS="1490"
                          HPOS="1363"
                          CONTENT="verum"/>
               </TextLine>
               <TextLine ID="r2l94"
                         BASELINE="1549"
                         HEIGHT="36"
                         WIDTH="590"
                         VPOS="1513"
                         HPOS="841">
                  <String HEIGHT="36" WIDTH="63" VPOS="1513" HPOS="828" CONTENT=""/>
                  <SP HEIGHT="36" WIDTH="13" VPOS="1513" HPOS="891"/>
                  <String HEIGHT="36"
                          WIDTH="100"
                          VPOS="1513"
                          HPOS="854"
                          CONTENT="Item"/>
                  <SP HEIGHT="36" WIDTH="13" VPOS="1513" HPOS="954"/>
                  <String HEIGHT="36"
                          WIDTH="100"
                          VPOS="1513"
                          HPOS="916"
                          CONTENT="tunc"/>
                  <SP HEIGHT="36" WIDTH="13" VPOS="1513" HPOS="1017"/>
                  <String HEIGHT="36"
                          WIDTH="126"
                          VPOS="1513"
                          HPOS="979"
                          CONTENT="nullus"/>
                  <SP HEIGHT="36" WIDTH="13" VPOS="1513" HPOS="1105"/>
                  <String HEIGHT="36"
                          WIDTH="126"
                          VPOS="1513"
                          HPOS="1067"
                          CONTENT="posset"/>
                  <SP HEIGHT="36" WIDTH="13" VPOS="1513" HPOS="1192"/>
                  <String HEIGHT="36"
                          WIDTH="151"
                          VPOS="1513"
                          HPOS="1155"
                          CONTENT="absolnte"/>
                  <SP HEIGHT="36" WIDTH="13" VPOS="1513" HPOS="1305"/>
                  <String HEIGHT="36"
                          WIDTH="113"
                          VPOS="1513"
                          HPOS="1268"
                          CONTENT="velle"/>
                  <SP HEIGHT="36" WIDTH="13" VPOS="1513" HPOS="1381"/>
                  <String HEIGHT="36"
                          WIDTH="100"
                          VPOS="1513"
                          HPOS="1331"
                          CONTENT="humans"/>
               </TextLine>
               <TextLine ID="r2l96"
                         BASELINE="1581"
                         HEIGHT="34"
                         WIDTH="595"
                         VPOS="1547"
                         HPOS="834">
                  <String HEIGHT="34"
                          WIDTH="92"
                          VPOS="1547"
                          HPOS="824"
                          CONTENT="tatem"/>
                  <SP HEIGHT="34" WIDTH="10" VPOS="1547" HPOS="916"/>
                  <String HEIGHT="34"
                          WIDTH="113"
                          VPOS="1547"
                          HPOS="885"
                          CONTENT="Christi"/>
                  <SP HEIGHT="34" WIDTH="10" VPOS="1547" HPOS="998"/>
                  <String HEIGHT="34"
                          WIDTH="103"
                          VPOS="1547"
                          HPOS="967"
                          CONTENT="semper"/>
                  <SP HEIGHT="34" WIDTH="10" VPOS="1547" HPOS="1070"/>
                  <String HEIGHT="34"
                          WIDTH="103"
                          VPOS="1547"
                          HPOS="1039"
                          CONTENT="vnitam"/>
                  <SP HEIGHT="34" WIDTH="10" VPOS="1547" HPOS="1142"/>
                  <String HEIGHT="34"
                          WIDTH="82"
                          VPOS="1547"
                          HPOS="1111"
                          CONTENT="fore"/>
                  <SP HEIGHT="34" WIDTH="10" VPOS="1547" HPOS="1193"/>
                  <String HEIGHT="34"
                          WIDTH="92"
                          VPOS="1547"
                          HPOS="1162"
                          CONTENT="verbo"/>
                  <SP HEIGHT="34" WIDTH="10" VPOS="1547" HPOS="1255"/>
                  <String HEIGHT="34"
                          WIDTH="72"
                          VPOS="1547"
                          HPOS="1224"
                          CONTENT="nec"/>
                  <SP HEIGHT="34" WIDTH="10" VPOS="1547" HPOS="1296"/>
                  <String HEIGHT="34"
                          WIDTH="103"
                          VPOS="1547"
                          HPOS="1265"
                          CONTENT="beatam"/>
                  <SP HEIGHT="34" WIDTH="10" VPOS="1547" HPOS="1367"/>
                  <String HEIGHT="34"
                          WIDTH="103"
                          VPOS="1547"
                          HPOS="1326"
                          CONTENT="virginem"/>
               </TextLine>
               <TextLine ID="r2l98"
                         BASELINE="1606"
                         HEIGHT="33"
                         WIDTH="605"
                         VPOS="1573"
                         HPOS="830">
                  <String HEIGHT="33"
                          WIDTH="90"
                          VPOS="1573"
                          HPOS="819"
                          CONTENT="sper"/>
                  <SP HEIGHT="33" WIDTH="11" VPOS="1573" HPOS="908"/>
                  <String HEIGHT="33" WIDTH="67" VPOS="1573" HPOS="875" CONTENT="in"/>
                  <SP HEIGHT="33" WIDTH="11" VPOS="1573" HPOS="942"/>
                  <String HEIGHT="33"
                          WIDTH="112"
                          VPOS="1573"
                          HPOS="908"
                          CONTENT="futuro"/>
                  <SP HEIGHT="33" WIDTH="11" VPOS="1573" HPOS="1020"/>
                  <String HEIGHT="33"
                          WIDTH="123"
                          VPOS="1573"
                          HPOS="987"
                          CONTENT="regnare"/>
                  <SP HEIGHT="33" WIDTH="11" VPOS="1573" HPOS="1110"/>
                  <String HEIGHT="33"
                          WIDTH="101"
                          VPOS="1573"
                          HPOS="1076"
                          CONTENT="sicut"/>
                  <SP HEIGHT="33" WIDTH="11" VPOS="1573" HPOS="1177"/>
                  <String HEIGHT="33"
                          WIDTH="134"
                          VPOS="1573"
                          HPOS="1144"
                          CONTENT="regnabit"/>
                  <SP HEIGHT="33" WIDTH="11" VPOS="1573" HPOS="1278"/>
                  <String HEIGHT="33" WIDTH="67" VPOS="1573" HPOS="1245" CONTENT="et"/>
                  <SP HEIGHT="33" WIDTH="11" VPOS="1573" HPOS="1312"/>
                  <String HEIGHT="33"
                          WIDTH="78"
                          VPOS="1573"
                          HPOS="1278"
                          CONTENT="ita"/>
                  <SP HEIGHT="33" WIDTH="11" VPOS="1573" HPOS="1357"/>
                  <String HEIGHT="33" WIDTH="67" VPOS="1573" HPOS="1323" CONTENT="de"/>
                  <SP HEIGHT="33" WIDTH="11" VPOS="1573" HPOS="1390"/>
                  <String HEIGHT="33"
                          WIDTH="90"
                          VPOS="1573"
                          HPOS="1345"
                          CONTENT="multis"/>
               </TextLine>
               <TextLine ID="r2l100"
                         BASELINE="1634"
                         HEIGHT="34"
                         WIDTH="595"
                         VPOS="1600"
                         HPOS="834">
                  <String HEIGHT="34"
                          WIDTH="149"
                          VPOS="1600"
                          HPOS="823"
                          CONTENT="similibus"/>
                  <SP HEIGHT="34" WIDTH="11" VPOS="1600" HPOS="971"/>
                  <String HEIGHT="34"
                          WIDTH="103"
                          VPOS="1600"
                          HPOS="937"
                          CONTENT="satis"/>
                  <SP HEIGHT="34" WIDTH="11" VPOS="1600" HPOS="1040"/>
                  <String HEIGHT="34"
                          WIDTH="92"
                          VPOS="1600"
                          HPOS="1006"
                          CONTENT="enim"/>
                  <SP HEIGHT="34" WIDTH="11" VPOS="1600" HPOS="1097"/>
                  <String HEIGHT="34"
                          WIDTH="114"
                          VPOS="1600"
                          HPOS="1063"
                          CONTENT="potest"/>
                  <SP HEIGHT="34" WIDTH="11" VPOS="1600" HPOS="1177"/>
                  <String HEIGHT="34"
                          WIDTH="92"
                          VPOS="1600"
                          HPOS="1143"
                          CONTENT="deum"/>
                  <SP HEIGHT="34" WIDTH="11" VPOS="1600" HPOS="1234"/>
                  <String HEIGHT="34"
                          WIDTH="114"
                          VPOS="1600"
                          HPOS="1200"
                          CONTENT="decere"/>
                  <SP HEIGHT="34" WIDTH="11" VPOS="1600" HPOS="1315"/>
                  <String HEIGHT="34"
                          WIDTH="114"
                          VPOS="1600"
                          HPOS="1280"
                          CONTENT="aliter"/>
                  <SP HEIGHT="34" WIDTH="11" VPOS="1600" HPOS="1395"/>
                  <String HEIGHT="34"
                          WIDTH="80"
                          VPOS="1600"
                          HPOS="1349"
                          CONTENT="velle"/>
               </TextLine>
               <TextLine ID="r2l102"
                         BASELINE="1662"
                         HEIGHT="34"
                         WIDTH="598"
                         VPOS="1628"
                         HPOS="831">
                  <String HEIGHT="34"
                          WIDTH="93"
                          VPOS="1628"
                          HPOS="821"
                          CONTENT="secum"/>
                  <SP HEIGHT="34" WIDTH="10" VPOS="1628" HPOS="913"/>
                  <String HEIGHT="34"
                          WIDTH="82"
                          VPOS="1628"
                          HPOS="883"
                          CONTENT="suam"/>
                  <SP HEIGHT="34" WIDTH="10" VPOS="1628" HPOS="965"/>
                  <String HEIGHT="34"
                          WIDTH="134"
                          VPOS="1628"
                          HPOS="934"
                          CONTENT="potentiam"/>
                  <SP HEIGHT="34" WIDTH="10" VPOS="1628" HPOS="1068"/>
                  <String HEIGHT="34"
                          WIDTH="144"
                          VPOS="1628"
                          HPOS="1037"
                          CONTENT="absolutam."/>
                  <SP HEIGHT="34" WIDTH="10" VPOS="1628" HPOS="1182"/>
                  <String HEIGHT="34" WIDTH="52" VPOS="1628" HPOS="1151" CONTENT=""/>
                  <SP HEIGHT="34" WIDTH="10" VPOS="1628" HPOS="1202"/>
                  <String HEIGHT="34" WIDTH="62" VPOS="1628" HPOS="1171" CONTENT="Et"/>
                  <SP HEIGHT="34" WIDTH="10" VPOS="1628" HPOS="1233"/>
                  <String HEIGHT="34" WIDTH="62" VPOS="1628" HPOS="1202" CONTENT="si"/>
                  <SP HEIGHT="34" WIDTH="10" VPOS="1628" HPOS="1264"/>
                  <String HEIGHT="34"
                          WIDTH="93"
                          VPOS="1628"
                          HPOS="1233"
                          CONTENT="dicas"/>
                  <SP HEIGHT="34" WIDTH="10" VPOS="1628" HPOS="1326"/>
                  <String HEIGHT="34"
                          WIDTH="82"
                          VPOS="1628"
                          HPOS="1295"
                          CONTENT="quod"/>
                  <SP HEIGHT="34" WIDTH="10" VPOS="1628" HPOS="1377"/>
                  <String HEIGHT="34"
                          WIDTH="72"
                          VPOS="1628"
                          HPOS="1347"
                          CONTENT="hoc"/>
                  <SP HEIGHT="34" WIDTH="10" VPOS="1628" HPOS="1419"/>
                  <String HEIGHT="34"
                          WIDTH="52"
                          VPOS="1628"
                          HPOS="1377"
                          CONTENT="est"/>
               </TextLine>
               <TextLine ID="r2l104"
                         BASELINE="1691"
                         HEIGHT="32"
                         WIDTH="597"
                         VPOS="1659"
                         HPOS="835">
                  <String HEIGHT="32"
                          WIDTH="101"
                          VPOS="1659"
                          HPOS="824"
                          CONTENT="verum"/>
                  <SP HEIGHT="32" WIDTH="11" VPOS="1659" HPOS="925"/>
                  <String HEIGHT="32"
                          WIDTH="90"
                          VPOS="1659"
                          HPOS="891"
                          CONTENT="quod"/>
                  <SP HEIGHT="32" WIDTH="11" VPOS="1659" HPOS="981"/>
                  <String HEIGHT="32" WIDTH="79" VPOS="1659" HPOS="948" CONTENT="non"/>
                  <SP HEIGHT="32" WIDTH="11" VPOS="1659" HPOS="1026"/>
                  <String HEIGHT="32"
                          WIDTH="101"
                          VPOS="1659"
                          HPOS="993"
                          CONTENT="debet"/>
                  <SP HEIGHT="32" WIDTH="11" VPOS="1659" HPOS="1094"/>
                  <String HEIGHT="32"
                          WIDTH="101"
                          VPOS="1659"
                          HPOS="1060"
                          CONTENT="velle"/>
                  <SP HEIGHT="32" WIDTH="11" VPOS="1659" HPOS="1162"/>
                  <String HEIGHT="32"
                          WIDTH="90"
                          VPOS="1659"
                          HPOS="1128"
                          CONTENT="nisi"/>
                  <SP HEIGHT="32" WIDTH="11" VPOS="1659" HPOS="1218"/>
                  <String HEIGHT="32"
                          WIDTH="79"
                          VPOS="1659"
                          HPOS="1184"
                          CONTENT="sub"/>
                  <SP HEIGHT="32" WIDTH="11" VPOS="1659" HPOS="1263"/>
                  <String HEIGHT="32"
                          WIDTH="79"
                          VPOS="1659"
                          HPOS="1229"
                          CONTENT="hac"/>
                  <SP HEIGHT="32" WIDTH="11" VPOS="1659" HPOS="1308"/>
                  <String HEIGHT="32"
                          WIDTH="158"
                          VPOS="1659"
                          HPOS="1274"
                          CONTENT="conditione"/>
                  <SP HEIGHT="32" WIDTH="11" VPOS="1659" HPOS="1432"/>
                  <String HEIGHT="32" WIDTH="45" VPOS="1659" HPOS="1387" CONTENT="si"/>
               </TextLine>
               <TextLine ID="r2l106"
                         BASELINE="1725"
                         HEIGHT="41"
                         WIDTH="592"
                         VPOS="1684"
                         HPOS="833">
                  <String HEIGHT="41"
                          WIDTH="118"
                          VPOS="1684"
                          HPOS="822"
                          CONTENT="placeat"/>
                  <SP HEIGHT="41" WIDTH="11" VPOS="1684" HPOS="941"/>
                  <String HEIGHT="41" WIDTH="75" VPOS="1684" HPOS="908" CONTENT="deo"/>
                  <SP HEIGHT="41" WIDTH="11" VPOS="1684" HPOS="984"/>
                  <String HEIGHT="41"
                          WIDTH="108"
                          VPOS="1684"
                          HPOS="951"
                          CONTENT="posito"/>
                  <SP HEIGHT="41" WIDTH="11" VPOS="1684" HPOS="1059"/>
                  <String HEIGHT="41"
                          WIDTH="86"
                          VPOS="1684"
                          HPOS="1027"
                          CONTENT="enim"/>
                  <SP HEIGHT="41" WIDTH="11" VPOS="1684" HPOS="1113"/>
                  <String HEIGHT="41"
                          WIDTH="86"
                          VPOS="1684"
                          HPOS="1081"
                          CONTENT="quod"/>
                  <SP HEIGHT="41" WIDTH="11" VPOS="1684" HPOS="1167"/>
                  <String HEIGHT="41"
                          WIDTH="129"
                          VPOS="1684"
                          HPOS="1134"
                          CONTENT="placeret"/>
                  <SP HEIGHT="41" WIDTH="11" VPOS="1684" HPOS="1264"/>
                  <String HEIGHT="41"
                          WIDTH="75"
                          VPOS="1684"
                          HPOS="1231"
                          CONTENT="deo"/>
                  <SP HEIGHT="41" WIDTH="11" VPOS="1684" HPOS="1307"/>
                  <String HEIGHT="41"
                          WIDTH="75"
                          VPOS="1684"
                          HPOS="1274"
                          CONTENT="per"/>
                  <SP HEIGHT="41" WIDTH="11" VPOS="1684" HPOS="1350"/>
                  <String HEIGHT="41"
                          WIDTH="86"
                          VPOS="1684"
                          HPOS="1317"
                          CONTENT="vnum"/>
                  <SP HEIGHT="41" WIDTH="11" VPOS="1684" HPOS="1403"/>
                  <String HEIGHT="41"
                          WIDTH="65"
                          VPOS="1684"
                          HPOS="1360"
                          CONTENT="dien"/>
               </TextLine>
               <TextLine ID="r2l108"
                         BASELINE="1752"
                         HEIGHT="36"
                         WIDTH="596"
                         VPOS="1716"
                         HPOS="830">
                  <String HEIGHT="36" WIDTH="79" VPOS="1716" HPOS="819" CONTENT="vel"/>
                  <SP HEIGHT="36" WIDTH="11" VPOS="1716" HPOS="897"/>
                  <String HEIGHT="36" WIDTH="79" VPOS="1716" HPOS="864" CONTENT="per"/>
                  <SP HEIGHT="36" WIDTH="11" VPOS="1716" HPOS="942"/>
                  <String HEIGHT="36"
                          WIDTH="90"
                          VPOS="1716"
                          HPOS="909"
                          CONTENT="vnum"/>
                  <SP HEIGHT="36" WIDTH="11" VPOS="1716" HPOS="999"/>
                  <String HEIGHT="36"
                          WIDTH="135"
                          VPOS="1716"
                          HPOS="965"
                          CONTENT="momentum"/>
                  <SP HEIGHT="36" WIDTH="11" VPOS="1716" HPOS="1100"/>
                  <String HEIGHT="36"
                          WIDTH="191"
                          VPOS="1716"
                          HPOS="1066"
                          CONTENT="discontinuare"/>
                  <SP HEIGHT="36" WIDTH="11" VPOS="1716" HPOS="1257"/>
                  <String HEIGHT="36"
                          WIDTH="180"
                          VPOS="1716"
                          HPOS="1224"
                          CONTENT="beatitudinem"/>
                  <SP HEIGHT="36" WIDTH="11" VPOS="1716" HPOS="1404"/>
                  <String HEIGHT="36"
                          WIDTH="67"
                          VPOS="1716"
                          HPOS="1359"
                          CONTENT="pro"
                          SUBS_TYPE="HypPart1"
                          SUBS_CONTENT="propriam"/>
                  <HYP CONTENT="-"/>
               </TextLine>
               <TextLine ID="r2l110"
                         BASELINE="1779"
                         HEIGHT="34"
                         WIDTH="594"
                         VPOS="1745"
                         HPOS="831">
                  <String HEIGHT="34"
                          WIDTH="89"
                          VPOS="1745"
                          HPOS="821"
                          CONTENT="priam"
                          SUBS_TYPE="HypPart2"
                          SUBS_CONTENT="propriam"/>
                  <SP HEIGHT="34" WIDTH="10" VPOS="1745" HPOS="910"/>
                  <String HEIGHT="34"
                          WIDTH="119"
                          VPOS="1745"
                          HPOS="881"
                          CONTENT="alicuius"/>
                  <SP HEIGHT="34" WIDTH="10" VPOS="1745" HPOS="999"/>
                  <String HEIGHT="34"
                          WIDTH="89"
                          VPOS="1745"
                          HPOS="970"
                          CONTENT="beati"/>
                  <SP HEIGHT="34" WIDTH="10" VPOS="1745" HPOS="1059"/>
                  <String HEIGHT="34"
                          WIDTH="89"
                          VPOS="1745"
                          HPOS="1029"
                          CONTENT="sicut"/>
                  <SP HEIGHT="34" WIDTH="10" VPOS="1745" HPOS="1118"/>
                  <String HEIGHT="34"
                          WIDTH="99"
                          VPOS="1745"
                          HPOS="1088"
                          CONTENT="posset"/>
                  <SP HEIGHT="34" WIDTH="10" VPOS="1745" HPOS="1187"/>
                  <String HEIGHT="34" WIDTH="59" VPOS="1745" HPOS="1158" CONTENT="et"/>
                  <SP HEIGHT="34" WIDTH="10" VPOS="1745" HPOS="1217"/>
                  <String HEIGHT="34"
                          WIDTH="99"
                          VPOS="1745"
                          HPOS="1187"
                          CONTENT="potest"/>
                  <SP HEIGHT="34" WIDTH="10" VPOS="1745" HPOS="1286"/>
                  <String HEIGHT="34"
                          WIDTH="89"
                          VPOS="1745"
                          HPOS="1257"
                          CONTENT="velle"/>
                  <SP HEIGHT="34" WIDTH="10" VPOS="1745" HPOS="1346"/>
                  <String HEIGHT="34"
                          WIDTH="89"
                          VPOS="1745"
                          HPOS="1316"
                          CONTENT="talis"/>
                  <SP HEIGHT="34" WIDTH="10" VPOS="1745" HPOS="1405"/>
                  <String HEIGHT="34"
                          WIDTH="59"
                          VPOS="1745"
                          HPOS="1366"
                          CONTENT="tene"/>
               </TextLine>
               <TextLine ID="r2l112"
                         BASELINE="1806"
                         HEIGHT="34"
                         WIDTH="590"
                         VPOS="1772"
                         HPOS="832">
                  <String HEIGHT="34"
                          WIDTH="93"
                          VPOS="1772"
                          HPOS="822"
                          CONTENT="retur"/>
                  <SP HEIGHT="34" WIDTH="10" VPOS="1772" HPOS="915"/>
                  <String HEIGHT="34"
                          WIDTH="135"
                          VPOS="1772"
                          HPOS="884"
                          CONTENT="acceptare"/>
                  <SP HEIGHT="34" WIDTH="10" VPOS="1772" HPOS="1018"/>
                  <String HEIGHT="34" WIDTH="62" VPOS="1772" HPOS="987" CONTENT="et"/>
                  <SP HEIGHT="34" WIDTH="10" VPOS="1772" HPOS="1049"/>
                  <String HEIGHT="34"
                          WIDTH="135"
                          VPOS="1772"
                          HPOS="1018"
                          CONTENT="patientur"/>
                  <SP HEIGHT="34" WIDTH="10" VPOS="1772" HPOS="1153"/>
                  <String HEIGHT="34"
                          WIDTH="93"
                          VPOS="1772"
                          HPOS="1122"
                          CONTENT="velle"/>
                  <SP HEIGHT="34" WIDTH="10" VPOS="1772" HPOS="1215"/>
                  <String HEIGHT="34"
                          WIDTH="93"
                          VPOS="1772"
                          HPOS="1184"
                          CONTENT="fieri"/>
                  <SP HEIGHT="34" WIDTH="10" VPOS="1772" HPOS="1277"/>
                  <String HEIGHT="34"
                          WIDTH="166"
                          VPOS="1772"
                          HPOS="1246"
                          CONTENT="beneplacitum"/>
                  <SP HEIGHT="34" WIDTH="10" VPOS="1772" HPOS="1412"/>
                  <String HEIGHT="34"
                          WIDTH="52"
                          VPOS="1772"
                          HPOS="1370"
                          CONTENT="dei"/>
               </TextLine>
               <TextLine ID="r2l114"
                         BASELINE="1839"
                         HEIGHT="40"
                         WIDTH="588"
                         VPOS="1799"
                         HPOS="832">
                  <String HEIGHT="40" WIDTH="76" VPOS="1799" HPOS="821" CONTENT="Sed"/>
                  <SP HEIGHT="40" WIDTH="11" VPOS="1799" HPOS="897"/>
                  <String HEIGHT="40"
                          WIDTH="98"
                          VPOS="1799"
                          HPOS="865"
                          CONTENT="istud"/>
                  <SP HEIGHT="40" WIDTH="11" VPOS="1799" HPOS="963"/>
                  <String HEIGHT="40" WIDTH="76" VPOS="1799" HPOS="930" CONTENT="non"/>
                  <SP HEIGHT="40" WIDTH="11" VPOS="1799" HPOS="1006"/>
                  <String HEIGHT="40"
                          WIDTH="109"
                          VPOS="1799"
                          HPOS="974"
                          CONTENT="soluit"/>
                  <SP HEIGHT="40" WIDTH="11" VPOS="1799" HPOS="1082"/>
                  <String HEIGHT="40"
                          WIDTH="87"
                          VPOS="1799"
                          HPOS="1050"
                          CONTENT="quia"/>
                  <SP HEIGHT="40" WIDTH="11" VPOS="1799" HPOS="1137"/>
                  <String HEIGHT="40" WIDTH="65" VPOS="1799" HPOS="1104" CONTENT="si"/>
                  <SP HEIGHT="40" WIDTH="11" VPOS="1799" HPOS="1170"/>
                  <String HEIGHT="40"
                          WIDTH="98"
                          VPOS="1799"
                          HPOS="1137"
                          CONTENT="solum"/>
                  <SP HEIGHT="40" WIDTH="11" VPOS="1799" HPOS="1235"/>
                  <String HEIGHT="40"
                          WIDTH="196"
                          VPOS="1799"
                          HPOS="1202"
                          CONTENT="conditionaiter"/>
                  <SP HEIGHT="40" WIDTH="11" VPOS="1799" HPOS="1398"/>
                  <String HEIGHT="40"
                          WIDTH="65"
                          VPOS="1799"
                          HPOS="1355"
                          CONTENT="vel"
                          SUBS_TYPE="HypPart1"
                          SUBS_CONTENT="vellemus"/>
                  <HYP CONTENT="-"/>
               </TextLine>
               <TextLine ID="r2l116"
                         BASELINE="1864"
                         HEIGHT="35"
                         WIDTH="587"
                         VPOS="1829"
                         HPOS="832">
                  <String HEIGHT="35"
                          WIDTH="117"
                          VPOS="1829"
                          HPOS="819"
                          CONTENT="lemus"
                          SUBS_TYPE="HypPart2"
                          SUBS_CONTENT="vellemus"/>
                  <SP HEIGHT="35" WIDTH="13" VPOS="1829" HPOS="936"/>
                  <String HEIGHT="35"
                          WIDTH="143"
                          VPOS="1829"
                          HPOS="897"
                          CONTENT="nunquam"/>
                  <SP HEIGHT="35" WIDTH="13" VPOS="1829" HPOS="1041"/>
                  <String HEIGHT="35"
                          WIDTH="196"
                          VPOS="1829"
                          HPOS="1002"
                          CONTENT="exequeremur"/>
                  <SP HEIGHT="35" WIDTH="13" VPOS="1829" HPOS="1197"/>
                  <String HEIGHT="35"
                          WIDTH="104"
                          VPOS="1829"
                          HPOS="1158"
                          CONTENT="opus"/>
                  <SP HEIGHT="35" WIDTH="13" VPOS="1829" HPOS="1262"/>
                  <String HEIGHT="35"
                          WIDTH="117"
                          VPOS="1829"
                          HPOS="1223"
                          CONTENT="donec"/>
                  <SP HEIGHT="35" WIDTH="13" VPOS="1829" HPOS="1341"/>
                  <String HEIGHT="35"
                          WIDTH="130"
                          VPOS="1829"
                          HPOS="1289"
                          CONTENT="sciremus"/>
               </TextLine>
               <TextLine ID="r2l118"
                         BASELINE="1891"
                         HEIGHT="36"
                         WIDTH="597"
                         VPOS="1855"
                         HPOS="824">
                  <String HEIGHT="36"
                          WIDTH="179"
                          VPOS="1855"
                          HPOS="812"
                          CONTENT="conditionem"/>
                  <SP HEIGHT="36" WIDTH="12" VPOS="1855" HPOS="991"/>
                  <String HEIGHT="36"
                          WIDTH="96"
                          VPOS="1855"
                          HPOS="955"
                          CONTENT="esse"/>
                  <SP HEIGHT="36" WIDTH="12" VPOS="1855" HPOS="1051"/>
                  <String HEIGHT="36"
                          WIDTH="131"
                          VPOS="1855"
                          HPOS="1015"
                          CONTENT="volumus"/>
                  <SP HEIGHT="36" WIDTH="12" VPOS="1855" HPOS="1146"/>
                  <String HEIGHT="36"
                          WIDTH="119"
                          VPOS="1855"
                          HPOS="1111"
                          CONTENT="igitur"/>
                  <SP HEIGHT="36" WIDTH="12" VPOS="1855" HPOS="1230"/>
                  <String HEIGHT="36"
                          WIDTH="143"
                          VPOS="1855"
                          HPOS="1194"
                          CONTENT="absolute"/>
                  <SP HEIGHT="36" WIDTH="12" VPOS="1855" HPOS="1337"/>
                  <String HEIGHT="36"
                          WIDTH="84"
                          VPOS="1855"
                          HPOS="1302"
                          CONTENT="sed"/>
                  <SP HEIGHT="36" WIDTH="12" VPOS="1855" HPOS="1385"/>
                  <String HEIGHT="36"
                          WIDTH="84"
                          VPOS="1855"
                          HPOS="1337"
                          CONTENT="tamen"/>
               </TextLine>
               <TextLine ID="r2l120"
                         BASELINE="1926"
                         HEIGHT="41"
                         WIDTH="600"
                         VPOS="1885"
                         HPOS="829">
                  <String HEIGHT="41"
                          WIDTH="138"
                          VPOS="1885"
                          HPOS="817"
                          CONTENT="prompti"/>
                  <SP HEIGHT="41" WIDTH="13" VPOS="1885" HPOS="954"/>
                  <String HEIGHT="41"
                          WIDTH="113"
                          VPOS="1885"
                          HPOS="917"
                          CONTENT="sumus"/>
                  <SP HEIGHT="41" WIDTH="13" VPOS="1885" HPOS="1029"/>
                  <String HEIGHT="41" WIDTH="88" VPOS="1885" HPOS="992" CONTENT="non"/>
                  <SP HEIGHT="41" WIDTH="13" VPOS="1885" HPOS="1079"/>
                  <String HEIGHT="41"
                          WIDTH="88"
                          VPOS="1885"
                          HPOS="1042"
                          CONTENT="sic"/>
                  <SP HEIGHT="41" WIDTH="13" VPOS="1885" HPOS="1129"/>
                  <String HEIGHT="41"
                          WIDTH="150"
                          VPOS="1885"
                          HPOS="1092"
                          CONTENT="sciremus"/>
                  <SP HEIGHT="41" WIDTH="13" VPOS="1885" HPOS="1242"/>
                  <String HEIGHT="41"
                          WIDTH="113"
                          VPOS="1885"
                          HPOS="1204"
                          CONTENT="talia"/>
                  <SP HEIGHT="41" WIDTH="13" VPOS="1885" HPOS="1317"/>
                  <String HEIGHT="41"
                          WIDTH="88"
                          VPOS="1885"
                          HPOS="1279"
                          CONTENT="deo"/>
                  <SP HEIGHT="41" WIDTH="13" VPOS="1885" HPOS="1367"/>
                  <String HEIGHT="41"
                          WIDTH="113"
                          VPOS="1885"
                          HPOS="1317"
                          CONTENT="displi"
                          SUBS_TYPE="HypPart1"
                          SUBS_CONTENT="displicere"/>
                  <HYP CONTENT="-"/>
               </TextLine>
               <TextLine ID="r2l122"
                         BASELINE="1954"
                         HEIGHT="34"
                         WIDTH="601"
                         VPOS="1920"
                         HPOS="826">
                  <String HEIGHT="34"
                          WIDTH="91"
                          VPOS="1920"
                          HPOS="815"
                          CONTENT="cere"
                          SUBS_TYPE="HypPart2"
                          SUBS_CONTENT="displicere"/>
                  <SP HEIGHT="34" WIDTH="11" VPOS="1920" HPOS="905"/>
                  <String HEIGHT="34" WIDTH="79" VPOS="1920" HPOS="871" CONTENT="ita"/>
                  <SP HEIGHT="34" WIDTH="11" VPOS="1920" HPOS="951"/>
                  <String HEIGHT="34"
                          WIDTH="102"
                          VPOS="1920"
                          HPOS="917"
                          CONTENT="etiam"/>
                  <SP HEIGHT="34" WIDTH="11" VPOS="1920" HPOS="1019"/>
                  <String HEIGHT="34"
                          WIDTH="102"
                          VPOS="1920"
                          HPOS="985"
                          CONTENT="beati"/>
                  <SP HEIGHT="34" WIDTH="11" VPOS="1920" HPOS="1087"/>
                  <String HEIGHT="34"
                          WIDTH="125"
                          VPOS="1920"
                          HPOS="1053"
                          CONTENT="possunt"/>
                  <SP HEIGHT="34" WIDTH="11" VPOS="1920" HPOS="1178"/>
                  <String HEIGHT="34"
                          WIDTH="136"
                          VPOS="1920"
                          HPOS="1144"
                          CONTENT="absolute"/>
                  <SP HEIGHT="34" WIDTH="11" VPOS="1920" HPOS="1280"/>
                  <String HEIGHT="34"
                          WIDTH="102"
                          VPOS="1920"
                          HPOS="1246"
                          CONTENT="velle"/>
                  <SP HEIGHT="34" WIDTH="11" VPOS="1920" HPOS="1348"/>
                  <String HEIGHT="34"
                          WIDTH="125"
                          VPOS="1920"
                          HPOS="1302"
                          CONTENT="perpetua"
                          SUBS_TYPE="HypPart1"
                          SUBS_CONTENT="perpetuationem"/>
                  <HYP CONTENT="-"/>
               </TextLine>
               <TextLine ID="r2l124"
                         BASELINE="1982"
                         HEIGHT="40"
                         WIDTH="596"
                         VPOS="1942"
                         HPOS="826">
                  <String HEIGHT="40"
                          WIDTH="110"
                          VPOS="1942"
                          HPOS="815"
                          CONTENT="tionem"
                          SUBS_TYPE="HypPart2"
                          SUBS_CONTENT="perpetuationem"/>
                  <SP HEIGHT="40" WIDTH="11" VPOS="1942" HPOS="925"/>
                  <String HEIGHT="40" WIDTH="77" VPOS="1942" HPOS="892" CONTENT="sue"/>
                  <SP HEIGHT="40" WIDTH="11" VPOS="1942" HPOS="969"/>
                  <String HEIGHT="40"
                          WIDTH="177"
                          VPOS="1942"
                          HPOS="936"
                          CONTENT="beatitudinis"/>
                  <SP HEIGHT="40" WIDTH="11" VPOS="1942" HPOS="1113"/>
                  <String HEIGHT="40" WIDTH="66" VPOS="1942" HPOS="1080" CONTENT="et"/>
                  <SP HEIGHT="40" WIDTH="11" VPOS="1942" HPOS="1146"/>
                  <String HEIGHT="40"
                          WIDTH="99"
                          VPOS="1942"
                          HPOS="1113"
                          CONTENT="multa"/>
                  <SP HEIGHT="40" WIDTH="11" VPOS="1942" HPOS="1212"/>
                  <String HEIGHT="40"
                          WIDTH="88"
                          VPOS="1942"
                          HPOS="1179"
                          CONTENT="alia"/>
                  <SP HEIGHT="40" WIDTH="11" VPOS="1942" HPOS="1267"/>
                  <String HEIGHT="40"
                          WIDTH="77"
                          VPOS="1942"
                          HPOS="1234"
                          CONTENT="dum"/>
                  <SP HEIGHT="40" WIDTH="11" VPOS="1942" HPOS="1312"/>
                  <String HEIGHT="40"
                          WIDTH="99"
                          VPOS="1942"
                          HPOS="1279"
                          CONTENT="tamen"/>
                  <SP HEIGHT="40" WIDTH="11" VPOS="1942" HPOS="1378"/>
                  <String HEIGHT="40"
                          WIDTH="88"
                          VPOS="1942"
                          HPOS="1334"
                          CONTENT="parati"/>
               </TextLine>
               <TextLine ID="r2l126"
                         BASELINE="2012"
                         HEIGHT="42"
                         WIDTH="592"
                         VPOS="1970"
                         HPOS="828">
                  <String HEIGHT="42"
                          WIDTH="99"
                          VPOS="1970"
                          HPOS="818"
                          CONTENT="essent"/>
                  <SP HEIGHT="42" WIDTH="10" VPOS="1970" HPOS="917"/>
                  <String HEIGHT="42"
                          WIDTH="99"
                          VPOS="1970"
                          HPOS="887"
                          CONTENT="aliter"/>
                  <SP HEIGHT="42" WIDTH="10" VPOS="1970" HPOS="986"/>
                  <String HEIGHT="42"
                          WIDTH="89"
                          VPOS="1970"
                          HPOS="956"
                          CONTENT="velle"/>
                  <SP HEIGHT="42" WIDTH="10" VPOS="1970" HPOS="1045"/>
                  <String HEIGHT="42" WIDTH="59" VPOS="1970" HPOS="1015" CONTENT="si"/>
                  <SP HEIGHT="42" WIDTH="10" VPOS="1970" HPOS="1075"/>
                  <String HEIGHT="42"
                          WIDTH="128"
                          VPOS="1970"
                          HPOS="1045"
                          CONTENT="crederent"/>
                  <SP HEIGHT="42" WIDTH="10" VPOS="1970" HPOS="1173"/>
                  <String HEIGHT="42"
                          WIDTH="69"
                          VPOS="1970"
                          HPOS="1144"
                          CONTENT="vel"/>
                  <SP HEIGHT="42" WIDTH="10" VPOS="1970" HPOS="1213"/>
                  <String HEIGHT="42"
                          WIDTH="109"
                          VPOS="1970"
                          HPOS="1183"
                          CONTENT="scirent"/>
                  <SP HEIGHT="42" WIDTH="10" VPOS="1970" HPOS="1292"/>
                  <String HEIGHT="42"
                          WIDTH="79"
                          VPOS="1970"
                          HPOS="1262"
                          CONTENT="quod"/>
                  <SP HEIGHT="42" WIDTH="10" VPOS="1970" HPOS="1341"/>
                  <String HEIGHT="42"
                          WIDTH="89"
                          VPOS="1970"
                          HPOS="1311"
                          CONTENT="talis"/>
                  <SP HEIGHT="42" WIDTH="10" VPOS="1970" HPOS="1400"/>
                  <String HEIGHT="42"
                          WIDTH="59"
                          VPOS="1970"
                          HPOS="1361"
                          CONTENT="per"
                          SUBS_TYPE="HypPart1"
                          SUBS_CONTENT="perpetuatio"/>
                  <HYP CONTENT="-"/>
               </TextLine>
               <TextLine ID="r2l128"
                         BASELINE="2041"
                         HEIGHT="39"
                         WIDTH="598"
                         VPOS="2002"
                         HPOS="828">
                  <String HEIGHT="39"
                          WIDTH="153"
                          VPOS="2002"
                          HPOS="815"
                          CONTENT="petuatio"
                          SUBS_TYPE="HypPart2"
                          SUBS_CONTENT="perpetuatio"/>
                  <SP HEIGHT="39" WIDTH="13" VPOS="2002" HPOS="968"/>
                  <String HEIGHT="39" WIDTH="89" VPOS="2002" HPOS="930" CONTENT="deo"/>
                  <SP HEIGHT="39" WIDTH="13" VPOS="2002" HPOS="1019"/>
                  <String HEIGHT="39"
                          WIDTH="204"
                          VPOS="2002"
                          HPOS="981"
                          CONTENT="displiceret."/>
                  <SP HEIGHT="39" WIDTH="13" VPOS="2002" HPOS="1184"/>
                  <String HEIGHT="39" WIDTH="64" VPOS="2002" HPOS="1146" CONTENT=""/>
                  <SP HEIGHT="39" WIDTH="13" VPOS="2002" HPOS="1210"/>
                  <String HEIGHT="39"
                          WIDTH="153"
                          VPOS="2002"
                          HPOS="1172"
                          CONTENT="Probatur"/>
                  <SP HEIGHT="39" WIDTH="13" VPOS="2002" HPOS="1324"/>
                  <String HEIGHT="39"
                          WIDTH="89"
                          VPOS="2002"
                          HPOS="1286"
                          CONTENT="nos"/>
                  <SP HEIGHT="39" WIDTH="13" VPOS="2002" HPOS="1375"/>
                  <String HEIGHT="39"
                          WIDTH="102"
                          VPOS="2002"
                          HPOS="1324"
                          CONTENT="possu"
                          SUBS_TYPE="HypPart1"
                          SUBS_CONTENT="possumus"/>
                  <HYP CONTENT="-"/>
               </TextLine>
               <TextLine ID="r2l130"
                         BASELINE="2062"
                         HEIGHT="31"
                         WIDTH="598"
                         VPOS="2031"
                         HPOS="824">
                  <String HEIGHT="31"
                          WIDTH="81"
                          VPOS="2031"
                          HPOS="813"
                          CONTENT="mus"
                          SUBS_TYPE="HypPart2"
                          SUBS_CONTENT="possumus"/>
                  <SP HEIGHT="31" WIDTH="12" VPOS="2031" HPOS="893"/>
                  <String HEIGHT="31"
                          WIDTH="138"
                          VPOS="2031"
                          HPOS="859"
                          CONTENT="absolute"/>
                  <SP HEIGHT="31" WIDTH="12" VPOS="2031" HPOS="997"/>
                  <String HEIGHT="31"
                          WIDTH="104"
                          VPOS="2031"
                          HPOS="962"
                          CONTENT="velle"/>
                  <SP HEIGHT="31" WIDTH="12" VPOS="2031" HPOS="1066"/>
                  <String HEIGHT="31"
                          WIDTH="92"
                          VPOS="2031"
                          HPOS="1031"
                          CONTENT="fore"/>
                  <SP HEIGHT="31" WIDTH="12" VPOS="2031" HPOS="1123"/>
                  <String HEIGHT="31"
                          WIDTH="92"
                          VPOS="2031"
                          HPOS="1089"
                          CONTENT="fine"/>
                  <SP HEIGHT="31" WIDTH="12" VPOS="2031" HPOS="1181"/>
                  <String HEIGHT="31"
                          WIDTH="161"
                          VPOS="2031"
                          HPOS="1146"
                          CONTENT="temeritate"/>
                  <SP HEIGHT="31" WIDTH="12" VPOS="2031" HPOS="1307"/>
                  <String HEIGHT="31"
                          WIDTH="104"
                          VPOS="2031"
                          HPOS="1273"
                          CONTENT="omnia"/>
                  <SP HEIGHT="31" WIDTH="12" VPOS="2031" HPOS="1376"/>
                  <String HEIGHT="31"
                          WIDTH="92"
                          VPOS="2031"
                          HPOS="1330"
                          CONTENT="conue"
                          SUBS_TYPE="HypPart1"
                          SUBS_CONTENT="conuenientia"/>
                  <HYP CONTENT="-"/>
               </TextLine>
               <TextLine ID="r2l132"
                         BASELINE="2091"
                         HEIGHT="37"
                         WIDTH="597"
                         VPOS="2054"
                         HPOS="828">
                  <String HEIGHT="37"
                          WIDTH="134"
                          VPOS="2054"
                          HPOS="816"
                          CONTENT="nientia"
                          SUBS_TYPE="HypPart2"
                          SUBS_CONTENT="conuenientia"/>
                  <SP HEIGHT="37" WIDTH="12" VPOS="2054" HPOS="950"/>
                  <String HEIGHT="37"
                          WIDTH="110"
                          VPOS="2054"
                          HPOS="913"
                          CONTENT="nobis"/>
                  <SP HEIGHT="37" WIDTH="12" VPOS="2054" HPOS="1023"/>
                  <String HEIGHT="37" WIDTH="61" VPOS="2054" HPOS="986" CONTENT="a"/>
                  <SP HEIGHT="37" WIDTH="12" VPOS="2054" HPOS="1047"/>
                  <String HEIGHT="37"
                          WIDTH="85"
                          VPOS="2054"
                          HPOS="1011"
                          CONTENT="deo"/>
                  <SP HEIGHT="37" WIDTH="12" VPOS="2054" HPOS="1096"/>
                  <String HEIGHT="37"
                          WIDTH="146"
                          VPOS="2054"
                          HPOS="1059"
                          CONTENT="absolute"/>
                  <SP HEIGHT="37" WIDTH="12" VPOS="2054" HPOS="1206"/>
                  <String HEIGHT="37"
                          WIDTH="146"
                          VPOS="2054"
                          HPOS="1169"
                          CONTENT="promissa"/>
                  <SP HEIGHT="37" WIDTH="12" VPOS="2054" HPOS="1315"/>
                  <String HEIGHT="37" WIDTH="73" VPOS="2054" HPOS="1279" CONTENT="et"/>
                  <SP HEIGHT="37" WIDTH="12" VPOS="2054" HPOS="1352"/>
                  <String HEIGHT="37"
                          WIDTH="122"
                          VPOS="2054"
                          HPOS="1303"
                          CONTENT="absolute"/>
               </TextLine>
               <TextLine ID="r2l134"
                         BASELINE="2134"
                         HEIGHT="46"
                         WIDTH="598"
                         VPOS="2088"
                         HPOS="827">
                  <String HEIGHT="46"
                          WIDTH="124"
                          VPOS="2088"
                          HPOS="817"
                          CONTENT="reuelata"/>
                  <SP HEIGHT="46" WIDTH="10" VPOS="2088" HPOS="940"/>
                  <String HEIGHT="46" WIDTH="72" VPOS="2088" HPOS="909" CONTENT="sed"/>
                  <SP HEIGHT="46" WIDTH="10" VPOS="2088" HPOS="982"/>
                  <String HEIGHT="46"
                          WIDTH="134"
                          VPOS="2088"
                          HPOS="951"
                          CONTENT="huiusmodi"/>
                  <SP HEIGHT="46" WIDTH="10" VPOS="2088" HPOS="1085"/>
                  <String HEIGHT="46"
                          WIDTH="82"
                          VPOS="2088"
                          HPOS="1054"
                          CONTENT="sunt"/>
                  <SP HEIGHT="46" WIDTH="10" VPOS="2088" HPOS="1136"/>
                  <String HEIGHT="46"
                          WIDTH="93"
                          VPOS="2088"
                          HPOS="1105"
                          CONTENT="melta"/>
                  <SP HEIGHT="46" WIDTH="10" VPOS="2088" HPOS="1198"/>
                  <String HEIGHT="46"
                          WIDTH="82"
                          VPOS="2088"
                          HPOS="1167"
                          CONTENT="puta"/>
                  <SP HEIGHT="46" WIDTH="10" VPOS="2088" HPOS="1250"/>
                  <String HEIGHT="46"
                          WIDTH="103"
                          VPOS="2088"
                          HPOS="1219"
                          CONTENT="futura"/>
                  <SP HEIGHT="46" WIDTH="10" VPOS="2088" HPOS="1322"/>
                  <String HEIGHT="46" WIDTH="62" VPOS="2088" HPOS="1291" CONTENT="re"/>
                  <SP HEIGHT="46" WIDTH="10" VPOS="2088" HPOS="1353"/>
                  <String HEIGHT="46"
                          WIDTH="113"
                          VPOS="2088"
                          HPOS="1312"
                          CONTENT="surrectio"/>
               </TextLine>
            </TextBlock>
         </PrintSpace>
      </Page>
   </Layout>
</alto>
