1807 2500
307 251 71 70 in
343 251 131 70 omnibus
438 251 71 70 et
474 251 119 70 spacia
557 251 131 70 equalia
652 251 107 70 super
724 251 83 70 que
771 251 119 70 debent
843 251 71 70 tran

312 295 97 52 sire
372 295 109 52 probo
445 295 97 52 quia
505 295 97 52 vnum
566 295 85 52 non
614 295 121 52 posset
699 295 121 52 moueri
783 295 133 52 tardius
868 295 48 52 et

316 323 108 52 aliud
388 323 144 52 velocius
496 323 96 52 quia
556 323 132 52 precise
651 323 96 52 sunt
711 323 84 52 tot
759 323 120 52 spacia
831 323 84 52 equa-

318 356 80 48 lia
363 356 80 48 vno
409 356 114 48 mobili
489 356 69 48 in
523 356 80 48 vno
569 356 114 48 spacio
649 356 91 48 quot
706 356 114 48 alteri
786 356 69 48 in
821 356 91 48 alio
866 356 46 48 es

319 381 135 58 precise
417 381 86 58 tot
466 381 160 58 instantia
589 381 74 58 in
626 381 110 58 eodem
699 381 135 58 tempore
785 381 135 58 mensuran-

318 405 68 58 te
352 405 137 58 vtrumque
454 405 103 58 motum
523 405 91 58 quia
580 405 103 58 eadem
648 405 114 58 omnino
728 405 114 58 igitur
808 405 80 58 vel
842 405 80 58 mobi-

317 430 66 66 le
350 430 111 66 tardum
428 430 155 66 quiesceret
549 430 78 66 per
594 430 111 66 tempus
671 430 78 66 vel
716 430 111 66 mobile
793 430 100 66 velox
848 430 78 66 simil

326 462 74 61 erit
372 462 56 61 in
400 462 93 61 multis
465 462 102 61 spaciis
539 462 74 61 sibi
585 462 121 61 equalibus
678 462 74 61 quod
724 462 65 61 est
761 462 139 61 impossibile
863 462 56 61 per-

325 494 113 51 naturam
407 494 72 51 vel
448 494 83 51 eque
500 494 134 51 velocitur
603 494 155 51 mouebuntur.
727 494 52 51 ⁋
748 494 83 51 Item
799 494 83 51 deus
840 494 83 51 potest

322 518 99 56 facere
392 518 99 56 lineam
461 518 169 56 indiuisibilem
600 518 119 56 secundum
689 518 89 56 latum
749 518 60 56 et
778 518 109 56 punctum
848 518 79 56 indiui

326 544 110 60 sibilem
406 544 150 60 simpliciter
526 544 60 60 et
556 544 80 60 vnum
606 544 80 60 tale
657 544 160 60 indiuisibile
787 544 100 60 potest
847 544 80 60 alteri

326 573 157 58 applicari
447 573 73 58 in
483 573 97 58 situ
544 573 157 58 immediato
665 573 73 58 et
701 573 109 58 tamen
774 573 157 58 distincte
883 573 48 58 et

326 598 94 60 tunc
385 598 70 60 in
420 598 164 60 superficie
549 598 106 60 plana
619 598 82 60 cui
666 598 82 60 sic
713 598 188 60 supponeretur
854 598 82 60 neces

325 632 103 55 sario
393 632 217 55 corresponderent
575 632 194 55 indiuisibilia
735 632 148 55 immediata
838 632 91 55 igitur

335 654 147 59 probatur
445 654 98 59 deus
506 654 110 59 istam
579 654 196 59 longitudinem
738 654 159 59 quacunque
848 654 86 59 demon

330 684 98 58 strata
399 684 98 58 potest
468 684 98 58 facere
537 684 79 58 esse
586 684 79 58 fine
635 684 138 58 latitudine
743 684 79 58 quia
792 684 98 58 potest
851 684 79 58 facere

335 716 87 54 eius
389 716 109 54 partes
465 716 130 54 secundum
563 716 163 54 latitudinem
693 716 76 54 non
737 716 119 54 distare
813 716 119 54 similiter

339 742 76 54 deus
386 742 95 54 potest
453 742 95 54 facere
519 742 105 54 angelum
595 742 57 54 in
624 742 86 54 mundo
681 742 76 54 esse
728 742 57 54 et
757 742 86 54 tamen
814 742 76 54 quod
861 742 67 54 non
890 742 48 54 sit

337 766 68 58 in
371 766 135 58 pluribus
472 766 102 58 locis
540 766 113 58 igitur
619 766 124 58 aliquis
709 766 102 58 situs
777 766 79 58 est
811 766 124 58 indiuisi-

333 796 123 57 bilis.
419 796 99 57 Item
480 796 123 57 sphera
567 796 123 57 tangit
653 796 123 57 planum
739 796 74 57 in
776 796 135 57 puncto.
862 796 74 57 Item

329 826 119 54 aliter
413 826 96 54 deus
472 826 143 54 nesciret
580 826 96 54 quot
639 826 119 54 partes
723 826 107 54 huius
783 826 143 54 continuie-

334 850 132 61 duxisset
433 850 77 61 nec
477 850 88 61 quid
531 850 99 61 esset
597 850 132 61 medietas
696 850 99 61 huius
762 850 143 61 continui.
871 850 55 61 ⁋
882 850 55 61 Ite

333 880 158 56 augustinus
457 880 68 56 in
491 880 102 56 libro
558 880 68 56 de
592 880 158 56 quantitate
716 880 102 56 anime
784 880 79 56 per
829 880 102 56 totum
886 880 56 56 eam

346 907 114 53 ponit
422 907 76 53 in
460 907 127 53 mundo.
549 907 63 53 ⁋
574 907 101 53 Item
637 907 152 53 anselmus
751 907 76 53 oe
777 907 164 53 processione

341 933 108 60 sancto
417 933 97 60 capi.
481 933 118 60 vltimo.
567 933 86 60 Item
621 933 161 60 aristotelis
750 933 97 60 locus
815 933 75 60 est
847 933 97 60 vltimum

340 961 148 59 corporis
451 961 197 59 continentis.
611 961 62 59 ⁋
635 961 86 59 Sed
684 961 111 59 huius
758 961 160 59 oppositum
869 961 74 59 mul-

346 990 155 55 tipliciter
468 990 144 55 declaraui
578 990 66 55 in
611 990 111 55 tertio
689 990 77 55 vbi
733 990 88 55 ipse
788 990 133 55 probauit
877 990 66 55 quod

348 1018 208 56 indiuifibilia
519 1018 110 56 huius
592 1018 73 56 se
629 1018 122 56 cundum
714 1018 110 56 situm
787 1018 85 56 nec
836 1018 98 56 sunt
885 1018 61 56 nec

350 1043 94 57 esse
409 1043 129 57 possunt
503 1043 82 57 cum
550 1043 94 57 enim
609 1043 82 57 non
656 1043 94 57 sunt
715 1043 118 57 partes
797 1043 141 57 continui
891 1043 59 57 pos

344 1073 87 57 set
393 1073 161 57 continuum
517 1073 136 57 omnibus
616 1073 112 57 illis
691 1073 198 57 annichilatis
839 1073 112 57 conter-

344 1097 98 59 uari
405 1097 61 59 a
429 1097 85 59 deo
478 1097 146 59 ponentes
588 1097 207 59 indiuisibilia
759 1097 98 59 quod
820 1097 85 59 est
856 1097 98 59 impos-

350 1131 120 51 sibile.
437 1131 131 51 Probatur
535 1131 87 51 tunc
590 1131 109 51 essent
666 1131 109 51 puncta
742 1131 65 51 in
775 1131 131 51 dyametro
862 1131 87 51 subten

343 1159 67 57 sa
376 1159 168 57 semicirculo
511 1159 101 57 sicut
579 1159 67 57 in
612 1159 90 57 illo
668 1159 168 57 semicirculo
803 1159 79 57 cui
837 1159 112 57 subtendi

350 1186 68 55 tur
389 1186 137 55 conceditur
497 1186 137 55 consequens
604 1186 107 55 tenendo
682 1186 78 55 quod
731 1186 68 55 vna
770 1186 127 55 multitudo
857 1186 98 55 infinita

356 1213 70 57 non
396 1213 70 57 est
436 1213 90 57 maior
496 1213 80 57 alia
546 1213 70 57 sed
586 1213 110 57 tenendo
666 1213 80 57 quod
716 1213 70 57 vna
756 1213 70 57 est
796 1213 90 57 maior
856 1213 90 57 alia.
906 1213 50 57 ne-

359 1238 74 61 gatur
408 1238 131 61 consequentia
515 1238 66 61 quia
556 1238 74 61 licet
605 1238 41 61 a
622 1238 99 61 quolibet
695 1238 82 61 possit
753 1238 74 61 trahi
802 1238 66 61 etc.
843 1238 57 61 non
876 1238 74 61 tamen
917 1238 33 61 se

358 1267 95 55 quitur
425 1267 76 55 quod
473 1267 114 55 infertur
559 1267 76 55 quod
606 1267 67 55 est
644 1267 172 55 impossibibile.
787 1267 153 55 Consequentia
902 1267 57 55 pro-

359 1293 98 59 batur
424 1293 163 59 protrahendo
555 1293 54 59 a
577 1293 130 59 qualibet
674 1293 109 59 puncto
750 1293 163 59 semicirculi
870 1293 87 59 lineam

357 1319 180 59 orcoangaliter
506 1319 64 59 ad
538 1319 149 59 dyametrum.
654 1319 85 59 Item
707 1319 149 59 augustinus
824 1319 64 59 de
845 1319 117 59 immortali

368 1351 67 57 ate
407 1351 67 57 ale
445 1351 57 57 et
474 1351 96 57 ansel.
540 1351 57 57 de
569 1351 153 57 incarnatione
693 1351 86 57 verbi
751 1351 76 57 cap.
799 1351 57 57 10
827 1351 57 57 et
846 1351 115 57 communiter

359 1377 112 56 negant
437 1377 135 56 auctores
538 1377 146 56 continuum
651 1377 124 56 componi
741 1377 67 56 ex
763 1377 191 56 indiuisibilibus

390 1406 48 58 Ad
414 1406 80 58 primum
470 1406 48 58 in
495 1406 97 58 contrium
567 1406 88 58 negatur
631 1406 113 58 antecedens
720 1406 40 58 ⁋
736 1406 48 58 Ad
760 1406 121 58 probationem
856 1406 88 58 dicitur
913 1406 48 58 quod

359 1435 123 54 ifinite
448 1435 178 54 cogitationes
593 1435 112 54 future
671 1435 123 54 angelor
760 1435 134 54 contenta
861 1435 67 54 in
883 1435 78 54 eadem

360 1463 141 58 cogitatione
473 1463 94 58 totali
539 1463 104 58 possunt
614 1463 75 58 esse
661 1463 141 58 pertransite
774 1463 66 58 per
812 1463 85 58 motum
859 1463 104 58 remissio-

359 1487 71 62 nis
399 1487 71 62 vel
440 1487 183 62 augmentationis
592 1487 122 62 eorundem
684 1487 91 62 tamen
745 1487 61 62 de
775 1487 91 62 illia
836 1487 81 62 quae
877 1487 81 62 semper

368 1520 84 51 erunt
424 1520 56 51 in
452 1520 131 51 accipiendo
555 1520 56 51 et
583 1520 103 51 nunquam
657 1520 56 51 in
686 1520 103 51 accepto
760 1520 75 51 esse
807 1520 65 51 sed
835 1520 131 51 interpellate

369 1545 94 53 future
435 1545 123 53 totaliter
529 1545 123 53 difficile
623 1545 66 53 est
661 1545 57 53 ad
689 1545 142 53 propositum.
803 1545 47 53 ⁋
821 1545 57 53 Ad
850 1545 113 53 secundum
925 1545 38 53 et

369 1572 56 59 ad
397 1572 102 59 tertium
471 1572 102 59 negatur
545 1572 158 59 consequentia.
675 1572 46 59 ⁋
693 1572 56 59 Ad
721 1572 102 59 quartum
795 1572 102 59 negatur
860 1572 102 59 assumptum

374 1599 61 55 quia
413 1599 46 55 si
436 1599 85 55 daretur
497 1599 85 55 negatur
559 1599 123 55 consequentia
659 1599 46 55 et
682 1599 69 55 etiam
728 1599 85 55 negatur
789 1599 61 55 illa
828 1599 61 55 pars
858 1599 108 55 antecedentis

370 1631 81 52 liset
424 1631 72 52 quod
469 1631 72 52 vnum
514 1631 72 52 tale
559 1631 144 52 indiuisibile
676 1631 90 52 potest
739 1631 90 52 alteri
802 1631 117 52 applicari
892 1631 54 52 in
910 1631 54 52 situ

372 1656 144 55 immediato
483 1656 67 55 et
516 1656 144 55 distincto
627 1656 78 55 ymo
671 1656 144 55 diceretur
782 1656 89 55 tunc
838 1656 89 55 quod
882 1656 89 55 eoipso

375 1684 91 54 essent
439 1684 55 54 in
466 1684 82 54 eodem
521 1684 82 54 situ.
576 1684 46 54 ⁋
594 1684 55 54 Ad
622 1684 101 54 quintum
695 1684 101 54 dicitur
768 1684 73 54 quod
814 1684 82 54 licet
868 1684 73 54 deus
905 1684 73 54 potest

379 1711 105 55 facere
453 1711 84 55 quod
506 1711 74 55 res
548 1711 74 55 que
590 1711 105 55 nuncem
664 1711 84 55 lata
717 1711 105 55 maneat
790 1711 63 55 et
822 1711 74 55 cum
864 1711 74 55 non
906 1711 74 55 sit
938 1711 42 55 la

375 1740 51 55 ta
400 1740 51 55 id
425 1740 59 55 est
459 1740 59 55 non
493 1740 101 55 secundum
568 1740 76 55 latum
619 1740 101 55 protensa
695 1740 59 55 non
729 1740 76 55 tamen
779 1740 101 55 sequitur
855 1740 126 55 propositum.
948 1740 25 55 s

383 1768 79 57 quod
433 1768 99 57 possit
502 1768 99 57 facere
572 1768 159 57 indiuisibile
701 1768 119 57 secundum
790 1768 89 57 situm
850 1768 70 57 nec
880 1768 99 57 sequitur

379 1796 65 54 rem
416 1796 84 54 huius
472 1796 75 54 esse
518 1796 56 54 in
546 1796 75 54 situ
593 1796 149 54 indiuisibili
714 1796 84 54 sicut
770 1796 65 54 nec
807 1796 102 54 angelus
882 1796 65 54 nec
910 1796 65 54 anima

384 1823 63 55 nec
420 1823 72 55 deus
465 1823 72 55 sunt
510 1823 54 55 in
537 1823 72 55 situ
582 1823 144 55 indiuisibili
698 1823 63 55 nec
734 1823 72 55 esse
779 1823 99 55 prennt.
851 1823 72 55 Alii
896 1823 81 55 tamen
941 1823 45 55 con

389 1852 94 51 cedunt
454 1852 66 51 ita
492 1852 75 51 bene
539 1852 84 51 situm
595 1852 160 51 indiuisibilem
727 1852 84 51 sicut
783 1852 103 51 angelum
858 1852 56 51 et
886 1852 75 51 quod
924 1852 56 51 vnum

387 1879 158 53 indiuisibile
515 1879 99 53 posset
584 1879 128 53 immediate
683 1879 148 53 communiungi
802 1879 99 53 alteri
871 1879 118 53 secundum
950 1879 39 53 fi

382 1906 66 57 tum
419 1906 56 57 et
447 1906 113 57 quotquot
532 1906 66 57 sic
569 1906 94 57 essent
635 1906 150 57 communiuncti
757 1906 66 57 eis
794 1906 84 57 tamen
851 1906 66 57 non
879 1906 103 57 correspon

387 1934 96 55 deret
451 1934 85 55 nisi
504 1934 85 55 vnus
557 1934 96 55 situs
621 1934 64 55 in
653 1934 128 55 continuo
749 1934 74 55 eis
791 1934 149 55 applicato.
908 1934 53 55 ⁋
929 1934 64 55 Ad
951 1934 43 55 se

391 1962 59 56 xtum
428 1962 66 56 patet
472 1962 52 56 per
501 1962 89 56 communem
568 1962 81 56 glosam.
627 1962 37 56 ⁋
642 1962 44 56 Ad
664 1962 89 56 secundum
730 1962 81 56 negatur
790 1962 118 56 consequentia
886 1962 59 56 quia
915 1962 74 56 secundum

393 1991 140 54 augustinus
503 1991 60 54 ix
533 1991 60 54 de
562 1991 70 54 li.
602 1991 80 54 dei.
652 1991 70 54 ca.
692 1991 60 54 17
722 1991 149 54 reprobantem
842 1991 110 54 quosdam
911 1991 80 54 dicen-

389 2018 74 55 tes
432 2018 95 55 nulla
495 2018 126 55 infinita
589 2018 95 55 posse
652 2018 126 55 scientia
747 2018 147 55 apprehendi
863 2018 116 55 constat
936 2018 53 55 men

394 2046 71 54 tem
434 2046 111 54 diuinam
515 2046 101 54 omnino
586 2046 152 54 immutabilem
708 2046 142 54 cuiuslibet
819 2046 121 54 infiniti
900 2046 91 54 capacem

395 2073 79 66 esse
445 2073 60 66 et
474 2073 60 66 in
504 2073 79 66 mina
554 2073 89 66 omnia
613 2073 79 66 sine
663 2073 149 66 cognitionis
782 2073 149 66 alteratione
891 2073 109 66 nunerante

933 228 72 70 Item
978 228 144 70 consequenter
1095 228 81 70 istos
1149 228 108 70 loquitur
1230 228 108 70 capitulo
1311 228 63 70 i16
1347 228 45 70 b
1365 228 72 70 quod
1410 228 126 70 dicuntquod
1500 228 45 70 nec

930 269 71 53 dei
970 269 121 53 scientia
1061 269 81 53 quae
1111 269 121 53 infinita
1202 269 81 53 sunt
1253 269 91 53 posse
1313 269 151 53 comprehendi
1434 269 101 53 restat
1495 269 40 53 eu

944 299 112 51 dicere
1022 299 67 51 vt
1056 299 123 51 audeant
1146 299 101 51 atque
1213 299 90 51 huic
1269 299 123 51 voragun
1358 299 134 51 profunde
1448 299 101 51 impieta

939 326 68 51 tis
978 326 58 51 se
1007 326 126 51 iniungant
1104 326 78 51 quod
1153 326 68 51 non
1192 326 87 51 omnes
1250 326 107 51 numeros
1327 326 78 51 deus
1376 326 107 51 nouerit
1454 326 68 51 eos
1483 326 58 51 quip

945 359 59 50 pe
975 359 128 50 infinitos
1073 359 79 50 esse
1122 359 147 50 certissimum
1240 359 79 50 est.
1289 359 59 50 Et
1318 359 98 50 ibidem
1387 359 88 50 absit
1446 359 59 50 vt
1465 359 79 50 dubite

948 379 65 53 mus
985 379 74 53 quod
1031 379 56 53 ei
1059 379 84 53 notus
1115 379 65 53 sit
1152 379 84 53 omnis
1208 379 102 53 nunerus
1282 379 84 53 cuius
1338 379 158 53 intelligentie
1467 379 84 53 sicut
1514 379 37 53 in

955 411 82 48 salmum
1012 411 90 48 dceitur
1078 411 58 48 non
1111 411 58 48 est
1144 411 90 48 nunerus
1210 411 107 48 infinitas
1292 411 82 48 itaque
1350 411 82 48 nuneri
1407 411 90 48 quamuis
1465 411 82 48 infinito

951 437 72 52 rum
992 437 134 52 nunerorum
1095 437 103 52 nullus
1168 437 72 52 sit
1209 437 114 52 nunerus
1292 437 72 52 non
1333 437 93 52 tamen
1395 437 72 52 est
1436 437 72 52 non
1467 437 83 52 compre

952 464 128 56 hensibilis
1052 464 55 56 ei
1080 464 64 56 qui
1116 464 128 56 intelligit
1217 464 82 56 cuius
1272 464 155 56 intelligentie
1400 464 64 56 non
1436 464 64 56 est
1464 464 82 56 nunerus

953 491 75 56 hec
996 491 96 56 ille.
1060 491 53 56 ⁋
1081 491 64 56 Ad
1113 491 170 56 auctoritatem
1252 491 85 56 dico
1305 491 85 56 quod
1358 491 85 56 ipse
1411 491 75 56 non
1443 491 107 56 discutit

955 518 55 56 an
982 518 73 56 sint
1028 518 64 56 sed
1065 518 110 56 loquitur
1147 518 64 56 ibi
1184 518 101 56 tamquam
1258 518 73 56 sint
1303 518 110 56 secundum
1386 518 119 56 opinionem
1468 518 83 56 famosam

950 546 138 54 antiquor
1053 546 103 54 eodem
1122 546 92 54 modo
1179 546 92 54 dico
1237 546 69 54 ad
1271 546 103 54 ansel
1340 546 69 54 et
1374 546 69 54 ad
1397 546 161 54 aristotelem.

961 574 51 58 ⁋
981 574 112 58 Quartus
1063 574 133 58 articulus
1165 574 61 58 si
1196 574 61 58 in
1226 574 123 58 continuo
1318 574 82 58 sint
1369 574 102 58 partes
1430 574 123 58 proportio-

953 599 95 59 nales
1017 599 126 59 infinite
1111 599 105 59 moueat
1185 599 105 59 igitur
1259 599 84 59 deus
1311 599 84 59 vnum
1364 599 116 59 angelum
1448 599 84 59 prae
1490 599 74 59 spaci

951 633 64 53 um
983 633 85 53 motu
1036 633 127 53 vniformi
1131 633 74 53 ita
1174 633 85 53 quod
1227 633 64 53 in
1259 633 148 53 cuiuslibet
1375 633 106 53 partis
1439 633 116 53 proportio

953 656 114 54 nabilis
1036 656 83 54 siue
1087 656 104 54 tandiu
1160 656 124 54 quiescat
1253 656 114 54 quandiu
1336 656 135 54 mouebatur
1440 656 93 54 super
1491 656 73 54 illam

959 685 102 59 partem
1030 685 81 59 tunc
1081 685 61 59 in
1111 685 122 59 instanti
1203 685 142 59 terminante
1315 685 92 59 totam
1376 685 163 59 transitionem
1498 685 61 59 erit

958 712 102 55 verum
1026 712 113 55 dicere
1105 712 91 55 iste
1161 712 125 55 angelus
1252 712 91 55 anme
1309 712 79 55 hoc
1354 712 136 55 imediate
1444 712 125 55 mouebatur

960 740 62 51 et
991 740 134 51 immediate
1094 740 83 51 ante
1146 740 72 51 hoc
1187 740 114 51 quieuit
1270 740 83 51 quod
1321 740 72 51 est
1362 740 155 51 impossibile
1486 740 83 51 quia
1528 740 41 51 ex

966 768 70 57 hoc
1006 768 119 57 sequitur
1095 768 79 57 quod
1145 768 129 57 immediate
1244 768 89 57 anmen
1304 768 70 57 hoc
1343 768 129 57 mouebatur
1443 768 60 57 et
1463 768 99 57 immedia-

961 801 62 49 te
992 801 72 49 ame
1033 801 72 49 hoc
1074 801 62 49 no
1105 801 144 49 mouebatur.
1218 801 124 49 Probatur
1311 801 72 49 dum
1352 801 72 49 sic
1394 801 124 49 quiescit
1487 801 82 49 deus
1528 801 41 49 po

968 829 89 46 terit
1027 829 98 46 partem
1096 829 89 46 supra
1155 829 79 46 quam
1204 829 118 46 quiescit
1293 829 118 46 diuidere
1381 829 59 46 ab
1411 829 79 46 alia
1460 829 89 46 parte
1509 829 59 46 sen-

965 854 76 56 per
1008 854 108 56 igitur
1084 854 119 56 poterit
1170 854 130 56 compleri
1268 854 119 56 totalis
1354 854 119 56 diuisio
1440 854 119 56 partium
1516 854 54 56 pro

977 882 153 49 ortionalium
1099 882 133 49 continui.
1201 882 82 49 Item
1252 882 112 49 ponatur
1334 882 82 49 quod
1385 882 82 49 deus
1436 882 123 49 acceptet
1518 882 51 49 ta-

971 908 60 56 lem
1006 908 94 56 angelum
1074 908 86 56 quando
1134 908 94 56 mouetur
1203 908 51 56 et
1228 908 103 56 reprobet
1305 908 86 56 quando
1365 908 103 56 quiescit
1443 908 51 56 et
1468 908 69 56 quod
1511 908 51 56 in
1528 908 43 56 pri

964 937 65 52 mo
997 937 141 52 instanti,
1105 937 76 52 sit
1148 937 98 52 primo
1213 937 98 52 extra
1278 937 108 52 statum
1354 937 108 52 meriti
1430 937 76 52 vel
1463 937 108 52 demeriti

967 965 80 53 tunc
1017 965 90 53 quaro
1078 965 90 53 vtrum
1138 965 90 53 talis
1198 965 70 53 sit
1238 965 131 53 damnnatus
1339 965 70 53 vel
1379 965 121 53 saluatus
1469 965 60 53 et
1490 965 90 53 neutrum

970 992 109 57 poterit
1049 992 79 57 dari
1099 992 79 57 quia
1148 992 129 57 immediate
1247 992 89 57 andem
1307 992 89 57 istud
1366 992 99 57 instas
1435 992 79 57 fuit
1485 992 59 57 in
1505 992 69 57 statu

968 1022 164 49 damnnationis
1101 1022 62 49 et
1132 1022 133 49 immediate
1234 1022 82 49 anme
1286 1022 92 49 istud
1347 1022 113 49 instans
1429 1022 82 49 fuit
1481 1022 62 49 in
1501 1022 72 49 statu

977 1048 95 51 salutis
1047 1048 86 51 igitur
1107 1048 61 51 non
1142 1048 61 51 est
1176 1048 78 51 maior
1228 1048 78 51 ratio
1280 1048 69 51 quod
1323 1048 112 51 damnnetur
1410 1048 69 51 quam
1453 1048 69 51 quod
1488 1048 86 51 saluetur

973 1076 101 51 igitur
1044 1076 71 51 vel
1084 1076 121 51 vtrumque
1175 1076 81 51 erit
1225 1076 71 51 vel
1266 1076 121 51 neutrum.
1357 1076 111 51 Secundo
1438 1076 61 51 ad
1458 1076 121 51 principale

973 1107 75 48 sit
1016 1107 129 48 alicuius
1113 1107 129 48 continui
1209 1107 139 48 terminati
1316 1107 64 48 ad
1348 1107 64 48 a.
1380 1107 96 48 prima
1444 1107 86 48 pars
1487 1107 86 48 nigra.

978 1133 107 52 secudua
1056 1133 87 52 nigra
1114 1133 58 52 et
1143 1133 68 52 sic
1182 1133 126 52 alternate
1279 1133 87 52 vsque
1337 1133 58 52 ad
1366 1133 97 52 finem.
1434 1133 58 52 Et
1463 1133 78 52 tunc
1502 1133 68 52 quaro

971 1157 66 53 an
1004 1157 111 53 aliqua
1082 1157 88 53 pars
1137 1157 199 53 proportionalis
1303 1157 144 53 immediate
1413 1157 88 53 ipsi
1468 1157 66 53 a.
1502 1157 77 53 sit
1535 1157 44 53 al

976 1187 67 52 ba
1009 1187 78 52 vel
1054 1187 101 52 nigra
1121 1187 101 52 quero
1188 1187 67 52 an
1222 1187 90 52 ista
1278 1187 90 52 pars
1334 1187 134 52 continet
1435 1187 145 52 infinitas
1535 1187 45 52 ni

974 1214 87 56 gras
1028 1214 65 56 si
1061 1214 98 56 nigra
1126 1214 87 56 tunc
1181 1214 87 56 ista
1235 1214 130 56 continet
1333 1214 141 56 infinitas
1442 1214 109 56 albas.
1518 1214 54 56 ⁋
1540 1214 65 56 Ad

978 1243 124 58 primum
1065 1243 75 58 in
1102 1243 174 58 contrarium
1239 1243 124 58 posset
1325 1243 124 58 negari
1400 1243 174 58 possibilitas

976 1270 99 53 casus
1042 1270 66 53 et
1075 1270 99 53 eodem
1141 1270 88 53 modo
1196 1270 66 53 de
1229 1270 143 53 diuisione
1339 1270 66 53 et
1372 1270 99 53 etiam
1438 1270 66 53 de
1471 1270 110 53 angeli
1537 1270 44 53 al

975 1299 129 54 ternata
1069 1299 188 54 acceptatione
1222 1299 70 54 et
1257 1299 188 54 reprobatione
1409 1299 106 54 tamen
1468 1299 117 54 tenentes

998 1326 53 46 y
1020 1326 138 46 possibile
1126 1326 74 46 sit
1168 1326 85 46 esse
1221 1326 170 46 multitudinem
1359 1326 85 46 actu
1412 1326 138 46 infinitam
1508 1326 74 46 conce

978 1352 74 57 dunt
1024 1352 84 57 istos
1080 1352 84 57 casus
1136 1352 65 57 pro
1173 1352 74 57 tunc
1219 1352 121 57 diceretur
1312 1352 102 57 concedo
1387 1352 74 57 quod
1433 1352 121 57 immediate
1517 1352 65 57 anede

978 1380 61 59 a.
1008 1380 81 59 iste
1059 1380 111 59 angelus
1140 1380 132 59 mouebatur
1241 1380 61 59 et
1271 1380 132 59 immediate
1373 1380 101 59 anemeo
1443 1380 61 59 a.
1474 1380 101 59 queuit
1534 1380 51 59 ne-

986 1409 81 55 gatur
1040 1409 81 55 tamen
1095 1409 72 55 quod
1140 1409 118 55 immediate
1230 1409 90 55 annede
1294 1409 54 55 a.
1321 1409 63 55 non
1357 1409 127 55 mouebatur.
1456 1409 45 55 ⁋
1474 1409 54 55 Ad
1493 1409 90 55 secundum

986 1442 146 49 consequenter
1104 1442 82 49 esset
1159 1442 109 49 dicendum
1241 1442 73 49 quod
1287 1442 55 49 in
1314 1442 73 49 illo
1359 1442 73 49 casu
1405 1442 100 49 daretur
1478 1442 118 49 multitudo

987 1469 71 47 actu
1032 1469 125 47 distinctor
1130 1469 107 47 infinita
1210 1469 62 47 non
1246 1469 80 47 tamen
1299 1469 107 47 sequitur
1380 1469 71 47 quod
1424 1469 54 47 in
1451 1469 71 47 tali
1487 1469 98 47 diuisione

994 1492 121 55 deuentum
1085 1492 71 55 sit
1125 1492 61 55 ad
1155 1492 161 55 indiuisibile
1286 1492 71 55 vel
1327 1492 61 55 ad
1357 1492 101 55 partem
1428 1492 111 55 vltimam
1508 1492 61 55 et
1528 1492 61 55 tunc

993 1523 111 49 oportet
1073 1523 101 49 dicere
1144 1523 80 49 quod
1194 1523 101 49 corpus
1264 1523 70 49 cui
1305 1523 90 49 prius
1365 1523 60 49 ex
1395 1523 80 49 illa
1445 1523 90 49 parte
1496 1523 90 49 applica

988 1548 89 51 batur
1048 1548 129 51 continuum
1147 1548 69 51 iam
1186 1548 109 51 diuisum
1266 1548 79 51 nunc
1315 1548 89 51 nihil
1375 1548 79 51 eius
1424 1548 99 51 tangit
1494 1548 89 51 licet
1543 1548 50 51 ni-

996 1575 76 57 hil
1040 1575 76 57 sit
1083 1575 109 57 medium
1160 1575 98 57 inter
1225 1575 98 57 totam
1291 1575 175 57 multitudinem
1433 1575 98 57 simul
1488 1575 98 57 sumptam

991 1609 63 49 et
1022 1609 105 49 corpus
1095 1609 94 49 prius
1158 1609 105 49 tactum
1232 1609 73 49 hec
1274 1609 105 49 verlis
1347 1609 126 49 negatiua
1441 1609 94 49 patet
1494 1609 94 49 inducti

995 1631 67 54 ue
1028 1631 135 54 secundum
1129 1631 90 54 hanc
1186 1631 191 54 responsionem.
1343 1631 56 54 ⁋
1365 1631 67 54 Ad
1399 1631 123 54 tertium
1489 1631 101 54 esset
1545 1631 56 54 di-

997 1660 101 51 cendum
1067 1660 80 51 quod
1118 1660 60 51 in
1148 1660 80 51 isto
1198 1660 121 51 instanti
1288 1660 80 51 erit
1339 1660 60 51 de
1369 1660 80 51 isto
1419 1660 101 51 angelo
1489 1660 90 51 sicut
1540 1660 60 51 pate

996 1686 67 57 bit
1035 1686 67 57 deo
1073 1686 67 57 pro
1112 1686 58 57 eo
1141 1686 77 57 quod
1189 1686 58 57 in
1218 1686 77 57 illo
1266 1686 116 57 instanti
1353 1686 67 57 nec
1391 1686 106 57 meretur
1468 1686 67 57 nec
1497 1686 106 57 demeretur

1001 1715 60 51 et
1031 1715 90 51 tamen
1091 1715 130 51 immediate
1192 1715 80 51 ante
1242 1715 90 51 illud
1302 1715 110 51 instans
1382 1715 80 51 fuit
1432 1715 60 51 in
1463 1715 90 51 statu
1513 1715 80 51 saluti

1001 1745 62 48 et
1032 1745 135 48 immediate
1136 1745 83 48 ante
1187 1745 83 48 fuit
1239 1745 62 48 in
1270 1745 93 48 statu
1333 1745 156 48 damnationis
1457 1745 62 48 et
1488 1745 83 48 ideo
1530 1745 62 48 deum

1010 1765 92 61 quantum
1077 1765 59 61 est
1110 1765 50 61 ex
1135 1765 67 61 isto
1177 1765 75 61 solum
1227 1765 59 61 non
1260 1765 59 61 est
1294 1765 75 61 maior
1344 1765 75 61 ratio
1394 1765 67 61 quod
1436 1765 100 61 saluetur
1511 1765 67 61 quam
1553 1765 67 61 quod

1003 1804 143 46 damnnetur
1113 1804 66 46 et
1146 1804 88 46 ideo
1201 1804 77 46 vel
1245 1804 66 46 in
1278 1804 88 46 illo
1333 1804 132 46 instanti
1432 1804 77 46 nec
1476 1804 121 46 habebit
1553 1804 44 46 pe

1002 1829 89 48 nam
1053 1829 89 48 nec
1104 1829 140 48 habebit
1206 1829 140 48 gloriam
1308 1829 89 48 vel
1358 1829 76 48 si
1397 1829 140 48 alterum
1486 1829 114 48 habebit

1009 1854 79 56 hoc
1054 1854 90 56 erit
1110 1854 67 56 ex
1144 1854 90 56 sola
1200 1854 202 56 determinatione
1368 1854 112 56 diuina
1447 1854 101 56 sicut
1514 1854 67 56 et
1537 1854 67 56 erit

1010 1884 59 51 ex
1040 1884 78 51 sola
1088 1884 68 51 dei
1127 1884 127 51 volitione
1225 1884 59 51 et
1254 1884 117 51 potentia
1342 1884 78 51 quod
1391 1884 68 51 sic
1430 1884 137 51 infinities
1527 1884 78 51 alter-

1010 1909 99 50 natim
1076 1909 153 50 acceptetur
1196 1909 66 50 et
1229 1909 153 50 reprobetur
1349 1909 66 50 si
1382 1909 99 50 tamen
1448 1909 99 50 casus
1514 1909 77 50 sit
1546 1909 66 50 pos-

1010 1939 125 52 sibilis
1100 1939 91 52 quod
1157 1939 79 52 non
1203 1939 102 52 credo
1271 1939 125 52 secudum
1361 1939 148 52 veritatem
1475 1939 125 52 quamuis
1554 1939 57 52 ita

1010 1967 92 53 dici
1068 1967 138 53 oporteat
1172 1967 138 53 secundum
1276 1967 92 53 hanc
1333 1967 92 53 viam
1391 1967 92 53 quia
1449 1967 69 53 si
1472 1967 138 53 conceditur

1013 1995 77 55 quod
1062 1995 58 55 in
1091 1995 77 55 illo
1139 1995 116 55 instanti
1226 1995 77 55 erit
1274 1995 58 55 in
1303 1995 87 55 culpa
1361 1995 116 55 sequitur
1448 1995 77 55 quod
1496 1995 77 55 pari
1535 1995 77 55 ratio-

1011 2023 62 50 ne
1042 2023 83 50 erit
1094 2023 62 50 in
1125 2023 104 50 gratia
1197 2023 62 50 et
1228 2023 73 50 per
1270 2023 145 50 consequens
1384 2023 73 50 non
1425 2023 62 50 in
1456 2023 104 50 culpa.
1529 2023 62 50 Si
1550 2023 62 50 vero

1012 2051 121 61 dicitur
1100 2051 88 61 quod
1155 2051 66 61 in
1188 2051 88 61 illo
1243 2051 132 61 instanti
1341 2051 88 61 erit
1396 2051 110 61 gratia
1473 2051 88 61 pari
1517 2051 99 61 ratione
