1815 2500
211 227 114 56 sequitur
296 227 76 56 quod
343 227 76 56 erit
390 227 85 56 etiam
447 227 57 56 in
476 227 85 56 culpa
532 227 104 56 mortali
608 227 57 56 et
637 227 76 56 perx
684 227 133 56 consequens
779 227 47 56 non

212 279 117 31 gratia
294 279 117 31 igitur
376 279 129 31 quantum
470 279 82 31 est
517 279 70 31 ex
552 279 94 31 casu
610 279 82 31 vna
657 279 82 31 cum
704 279 94 31 lege
751 279 70 31 cont

210 306 168 35 repugnantiam
346 306 126 35 includit
440 306 84 35 quod
492 306 63 35 in
524 306 84 35 illo
576 306 126 35 instanti
670 306 63 35 in
702 306 73 35 quo
733 306 84 35 praemo

205 337 83 28 est
252 337 106 28 extra
323 337 118 28 statum
406 337 130 28 merendi
501 337 83 28 vel
548 337 154 28 demerendi
666 337 83 28 sit
714 337 71 28 in
737 337 83 28 cuipa

206 361 122 32 mortali
294 361 77 32 vel
339 361 77 32 sit
383 361 66 32 in
416 361 111 32 gratia
493 361 111 32 gratum
571 361 133 32 faciente
670 361 66 32 et
703 361 111 32 igitur
770 361 44 32 ad

203 391 102 31 misso
270 391 90 31 casu
327 391 124 31 oportet
417 391 113 31 dicere
496 391 90 31 quod
552 391 68 31 de
586 391 90 31 ipso
643 391 90 31 fiat
699 391 102 31 prout
756 391 56 31 pla

206 422 85 34 cet
254 422 85 34 deo
303 422 145 34 ordinare
412 422 73 34 de
448 422 85 34 quo
497 422 109 34 nobis
570 422 145 34 constare
679 422 85 34 non
715 422 97 34 potest

213 448 80 31 per
258 448 103 31 legem
327 448 160 31 ordinatam.
453 448 57 31 â‹
476 448 69 31 Ad
511 448 138 31 secundum
614 448 160 31 principale
728 448 92 31 dicen-

209 474 83 37 dum
257 474 95 37 quod
316 474 107 37 nulla
388 474 95 37 pars
447 474 214 37 proportionalis
626 474 107 37 esset
685 474 131 37 immediata

204 501 81 37 ipsi
255 501 61 37 a.
285 501 102 37 Contra
356 501 71 37 sit
397 501 102 37 corpus
468 501 71 37 sic
509 501 122 37 diuisum.
600 501 61 37 b.
631 501 61 37 et
661 501 71 37 .c.
702 501 71 37 sit
733 501 81 37 super-

203 533 115 34 ficies
284 533 150 34 terminans
399 533 104 34 ipsum
468 533 150 34 immediata
584 533 92 34 ipsi
641 533 69 34 a.
676 533 127 34 corpori
756 533 58 34 con

198 562 104 33 tiguo
268 562 69 33 et
302 562 92 33 tunc
360 562 138 33 sequitur
464 562 92 33 quod
522 562 92 33 illa
579 562 92 33 pars
625 562 185 33 proportionalis

202 590 65 31 in
235 590 76 31 qua
278 590 152 31 subiectiue
398 590 98 31 esset
463 590 163 31 superficies
594 590 76 31 .c.
637 590 98 31 foret
691 590 120 31 immediata

209 619 87 35 ipsi
263 619 65 35 a.
296 619 130 35 dicendum
393 619 87 35 quod
447 619 76 35 via
490 619 65 35 de
523 619 184 35 superficiebus
664 619 151 35 indiuisibili

198 646 69 30 bus
238 646 119 30 secundum
327 646 129 30 profundum
426 646 69 30 est
466 646 129 30 immediata
565 646 109 30 tempori
644 646 60 30 a.
674 646 99 30 sicut.
744 646 60 30 et
763 646 50 30 to-

195 674 83 36 tum
243 674 71 36 b.
278 674 107 36 cuius
349 674 83 36 est
396 674 178 36 superficies
539 674 95 36 ista
598 674 71 36 et
633 674 107 36 etiam
693 674 118 36 infinite

195 703 125 34 partes
282 703 137 34 eiusdem
382 703 150 34 inchoate
494 703 75 34 ab
531 703 125 34 vltima
619 703 175 34 superficie
744 703 62 34 ver

196 733 94 29 sus.
255 733 70 29 a.
290 733 140 29 protense
395 733 70 29 ad
430 733 117 29 partem
512 733 164 29 contrariam
641 733 94 29 sunt
687 733 129 29 immediate

195 760 90 34 ipsi
251 760 67 34 a.
285 760 101 34 tamen
352 760 67 34 ex
386 760 79 34 hoc
430 760 79 34 non
475 760 135 34 sequitur
576 760 90 34 quod
632 760 112 34 aliqua
700 760 112 34 dictarum

198 789 118 31 partium
284 789 226 31 proportionabilium
478 789 75 31 sit
521 789 140 31 immediata
629 789 86 31 ipsi
683 789 65 31 a.
715 789 86 31 quia
769 789 65 31 in

197 816 99 31 nulla
263 816 121 31 istarum
351 816 121 31 partium
439 816 231 31 proportionabilium
637 816 77 31 est
681 816 88 31 ista
725 816 88 31 vltiva

197 843 177 38 superficies
339 843 118 38 totius
421 843 141 38 corporis
527 843 165 38 subiectiue
657 843 82 38 sed
704 843 94 38 ipsa
751 843 59 38 est

202 870 159 40 subiectiue
327 870 68 40 in
361 870 68 40 b.
395 870 148 40 corporeet
508 870 68 40 in
543 870 148 40 infinitis
656 870 136 40 partibus
747 870 57 40 ip-

198 898 88 37 sius
253 898 66 37 b.
286 898 66 37 ab
319 898 99 37 eadem
385 898 154 37 superficie
506 898 143 37 inchoatis
615 898 77 37 sed
659 898 77 37 non
703 898 66 37 ad
725 898 88 37 eandem

193 929 159 33 terminatis
317 929 91 33 vnde
374 929 68 33 et
408 929 136 33 quelibet
510 929 125 33 partium
601 929 125 33 istarum
692 929 68 33 in
714 929 91 33 quibus

195 960 79 32 est
240 960 79 32 .c.
285 960 158 32 subiectiue
410 960 136 32 continet
512 960 91 32 inc.
568 960 147 32 infinitas
681 960 113 32 partes
749 960 57 32 pro

189 985 193 34 portionales
344 985 77 34 de
382 985 129 34 quibus
472 985 90 34 est
524 985 116 34 sermo
601 985 116 34 quaru
678 985 116 34 nulla
743 985 64 34 per

194 1016 113 31 tinget
273 1016 68 31 ad
307 1016 68 31 c.
341 1016 181 31 superficiemn
488 1016 68 31 et
523 1016 79 31 per
568 1016 159 31 consequens
693 1016 68 31 in
715 1016 91 31 quarum

193 1045 103 33 nulla
261 1045 80 33 est
307 1045 161 33 subiectiue
433 1045 80 33 .c.
479 1045 172 33 superficies
617 1045 69 33 et
651 1045 80 33 ita
697 1045 103 33 patet
755 1045 57 33 qua

192 1068 107 34 liter
264 1068 131 34 deficit
359 1068 167 34 argumentum
490 1068 83 34 hec
537 1068 95 34 enim
597 1068 190 34 consequentia
751 1068 83 34 non

197 1102 99 32 valet
263 1102 77 32 .c.
307 1102 165 32 superficies
439 1102 77 32 est
483 1102 143 32 immediata
593 1102 88 32 ipsi
648 1102 66 32 a.
681 1102 110 32 igitur
747 1102 66 32 ali-

192 1128 83 31 qua
240 1128 95 31 pars
299 1128 215 31 proportionalis
478 1128 72 31 de
514 1128 119 31 quibus
597 1128 83 31 est
645 1128 107 31 sermo
717 1128 83 31 est
752 1128 60 31 im-

189 1157 116 36 mediata
274 1157 85 36 ipsi
327 1157 63 36 a.
359 1157 63 36 et
390 1157 95 36 tamen
454 1157 85 36 bene
507 1157 85 36 volo
560 1157 85 36 quod
613 1157 95 36 omnis
676 1157 85 36 pars
718 1157 85 36 totius

195 1181 54 37 b
217 1181 64 37 in
249 1181 75 37 qua
292 1181 75 37 est
335 1181 75 37 .c.
377 1181 150 37 subiectiue
495 1181 75 37 est
538 1181 139 37 immediata
645 1181 96 37 ipsi.
710 1181 64 37 a.
731 1181 75 37 prout

198 1211 69 33 am
232 1211 103 33 patet
301 1211 69 33 ex
335 1211 126 33 dictis.
427 1211 80 33 Sed
473 1211 92 33 ista
530 1211 126 33 solutio
622 1211 126 33 videtur
703 1211 103 33 irratio

188 1241 104 33 nalis
258 1241 92 33 quia
315 1241 115 33 stante
396 1241 104 33 dicta
466 1241 150 33 diuisione
581 1241 81 33 non
627 1241 81 33 est
662 1241 150 33 ymaginabile

193 1266 90 34 quod
249 1266 79 34 cc.
294 1266 169 34 superficies
429 1266 79 34 sit
474 1266 68 34 in
508 1266 113 34 aliqua
587 1266 101 34 parte
654 1266 68 34 b.
677 1266 135 34 subiectiue

201 1299 86 37 quin
255 1299 107 37 vltima
330 1299 75 37 sit
373 1299 86 37 pars
426 1299 193 37 proportionalis
587 1299 75 37 vel
630 1299 86 37 quin
683 1299 75 37 .c.
716 1299 96 37 superfi

194 1323 100 37 cies
256 1323 113 37 esset
331 1323 163 37 transiata
456 1323 75 37 ad
494 1323 113 37 aliam
569 1323 125 37 partem
644 1323 163 37 grossiorem.

194 1351 69 33 Nec
234 1351 99 33 potest
303 1351 79 33 dici
353 1351 79 33 quod
402 1351 69 33 sit
442 1351 60 33 in
472 1351 69 33 vna
511 1351 89 33 parte
571 1351 79 33 quae
621 1351 69 33 est
660 1351 69 33 ple
700 1351 69 33 res
730 1351 79 33 partes

196 1380 202 37 proportionales
364 1380 67 37 eo
398 1380 90 37 quod
454 1380 90 37 actu
511 1380 90 37 iunt
567 1380 146 37 adinuicem
679 1380 112 37 diuise
747 1380 56 37 igi

194 1410 76 37 tur
237 1410 76 37 non
281 1410 76 37 est
324 1410 86 37 plus
378 1410 65 37 in
410 1410 97 37 illis
475 1410 86 37 quam
529 1410 162 37 superficies
659 1410 97 37 vnius
713 1410 97 37 lapidis

198 1434 71 38 in
234 1434 142 38 pluribus
340 1434 153 38 lapidibus
458 1434 165 38 distinctis
588 1434 130 38 oportet
682 1434 118 38 igitur
753 1434 59 38 di-

195 1463 91 38 cere
251 1463 91 38 quod
308 1463 79 38 non
353 1463 91 38 stat
410 1463 79 38 cum
455 1463 79 38 iam
500 1463 113 38 dictis
580 1463 68 38 Ad
614 1463 158 38 argumentum
727 1463 79 38 prin-

193 1493 113 36 cipale
272 1493 124 36 neganda
362 1493 79 36 est
407 1493 181 36 consequentia
554 1493 90 36 quia
610 1493 102 36 nulla
678 1493 79 36 est
723 1493 68 36 in
746 1493 56 36 con

194 1519 115 41 tinuo
271 1519 90 41 vel
322 1519 115 41 forma
399 1519 154 41 graduali
514 1519 102 41 pars
578 1519 128 41 minima
668 1519 77 41 et
694 1519 115 41 cetera.

346 1546 196 42 Duodecima
482 1546 151 42 questio.

464 1585 274 58 Duodecimo
654 1585 147 58 quero

460 1630 109 45 Circa
533 1630 97 45 hanc
593 1630 207 45 distinctionem
751 1630 49 45 de

459 1665 126 38 potentia
553 1665 94 38 anime
616 1665 115 38 christi
699 1665 94 38 vtrum
752 1665 52 38 per

464 1696 140 34 vnionem
566 1696 77 34 ad
605 1696 128 34 verbum
694 1696 102 34 ipsa
745 1696 64 34 sit

470 1727 94 30 opres.
535 1727 103 30 Uidetur
610 1727 75 30 quod
657 1727 65 30 sic
694 1727 65 30 per
722 1727 75 30 ambro.

468 1751 154 36 superlucam
589 1751 66 36 et
622 1751 121 36 ponitur
709 1751 66 36 in
731 1751 66 36 vlti

456 1783 74 36 mo
493 1783 99 36 cap.
554 1783 111 36 huius
628 1783 86 36 di.
665 1783 136 36 potentiam

461 1808 97 39 quam
522 1808 85 39 dei
570 1808 122 39 filius
644 1808 158 39 naturaliter

433 1835 110 38 habet
506 1835 98 38 homo
567 1835 159 38 extempone
690 1835 98 38 erat
739 1835 61 38 ac-

186 1867 147 35 cepturus
296 1867 86 35 pro
345 1867 86 35 quo
394 1867 123 35 igitur
480 1867 147 35 supponit
590 1867 74 35 ly
627 1867 74 35 ho
664 1867 74 35 si
701 1867 86 35 pro
738 1867 61 35 na-

183 1890 89 37 tura
238 1890 111 37 humana
316 1890 67 37 et
350 1890 78 37 non
394 1890 133 37 secundum
494 1890 111 37 carnem
572 1890 122 37 accepit
661 1890 100 37 illam
716 1890 78 37 potem

184 1923 82 35 tiam
235 1923 71 35 que
276 1923 71 35 est
316 1923 133 35 veraciter
418 1923 163 35 omnipotentia
551 1923 71 35 vel
592 1923 122 35 secundum
684 1923 102 35 animam
745 1923 51 35 non

183 1950 101 38 potest
254 1950 81 38 dici
304 1950 81 38 quod
355 1950 61 38 ly
385 1950 81 38 homo
435 1950 121 38 supponat
526 1950 71 38 pro
567 1950 131 38 supposito
668 1950 101 38 filium
738 1950 81 38 quod

187 1978 108 38 illud
259 1978 167 38 suppositum
390 1978 84 38 non
438 1978 72 38 ex
474 1978 132 38 tempore
570 1978 84 38 sed
618 1978 179 38 eternaliter
749 1978 48 38 ad

184 2007 109 37 cepit
256 2007 109 37 istam
329 2007 169 37 potentiam.
462 2007 72 37 Ad
498 2007 157 37 oppositum
619 2007 85 37 est
667 2007 121 37 ibidem
740 2007 60 37 ma.

190 2037 94 35 cap.
249 2037 152 35 penultimo
366 2037 117 35 Primum
448 2037 117 35 dubium
530 2037 70 35 An
565 2037 105 35 anima
635 2037 129 35 christi
717 2037 82 35 verbo

194 2061 109 41 vnita
267 2061 121 41 fuerit
351 2061 73 41 ex
388 2061 85 41 hoc
436 2061 109 41 summa
509 2061 145 41 bonitate
617 2061 97 41 sibi
666 2061 133 41 possibili

193 2088 87 56 bona
248 2088 120 56 Uidetur
335 2088 87 56 quod
389 2088 76 56 sic
433 2088 76 56 per
476 2088 76 56 ma.
520 2088 76 56 li.
563 2088 54 56 3
585 2088 76 56 di.
629 2088 65 56 10
661 2088 76 56 cap
705 2088 54 56 2
727 2088 76 56 vbi
759 2088 44 56 di

842 237 72 56 cit
883 237 103 56 ipsius
955 237 92 56 anima
1016 237 92 56 fieri
1078 237 103 56 melior
1149 237 72 56 non
1190 237 103 56 potuit
1262 237 82 56 quam
1313 237 62 56 ab
1344 237 103 56 initio
1406 237 51 56 sue

843 280 180 43 conditionis
987 280 144 43 extitit.
1095 280 120 43 Contra
1179 280 96 43 tunc
1239 280 132 43 fuisset
1335 280 108 43 ompes
1395 280 60 43 vel

843 308 144 43 infinite
951 308 96 43 bona
1011 308 72 43 Ad
1047 308 108 43 illud
1119 308 108 43 alias
1190 308 144 43 respondi
1298 308 144 43 probando
1394 308 60 43 hoc

848 339 84 40 esse
900 339 177 40 uammpossibile
1046 339 63 40 vt
1077 339 94 40 anima
1140 339 73 40 vel
1182 339 94 40 aliud
1244 339 84 40 fiat
1286 339 167 40 substantialter

848 366 72 43 vel
889 366 62 43 in
920 366 72 43 sua
961 366 103 43 specie
1033 366 124 43 secundum
1126 366 113 43 naturam
1209 366 72 43 sue
1250 366 113 43 speciei
1332 366 103 43 melius
1394 366 62 43 quam

842 392 97 39 prius
907 392 86 39 sine
960 392 150 39 additione.
1078 392 129 39 Secundum
1175 392 97 39 dubiu
1239 392 97 39 vtrum
1304 392 97 39 anima
1368 392 75 39 sit
1400 392 54 39 per

844 420 137 45 fectionis
950 420 127 45 infinite
1045 420 116 45 videtur
1130 420 85 45 quod
1183 420 74 45 sic
1225 420 85 45 quia
1278 420 95 45 posse
1341 420 63 45 in
1362 420 85 45 plures

840 451 120 40 arguit
924 451 192 40 perfectionem
1080 451 132 40 maiorem
1175 451 96 40 quam
1235 451 108 40 posse
1307 451 72 40 in
1331 451 120 40 pautiora

845 482 111 39 igitur
922 482 100 39 posse
989 482 66 39 in
1022 482 133 39 infinita
1122 482 111 39 arguit
1199 482 177 39 perfectionem
1332 482 122 39 infinitam

842 509 120 33 igitur
926 509 132 33 maioris
1022 509 192 33 perfectionis
1177 509 84 33 est
1225 509 108 33 posse
1297 509 144 33 respuere
1393 509 60 33 duo

843 541 163 35 delectabilia
975 541 82 35 quam
1026 541 82 35 vnum
1077 541 61 35 et
1108 541 82 35 tria
1159 541 82 35 quam
1210 541 71 35 duo
1251 541 61 35 et
1282 541 71 35 sic
1322 541 61 35 in
1343 541 112 35 infinitum

840 564 78 41 sed
884 564 100 41 posse
951 564 133 41 respuere
1050 564 133 41 infinita
1150 564 133 41 conuenit
1250 564 144 41 voluntati
1349 564 100 41 ratione

830 591 82 44 sue
877 591 165 44 libertatis
1007 591 118 44 igitur
1089 591 94 44 eius
1148 591 141 44 libertas
1253 591 82 44 est
1300 591 141 44 infinita
1394 591 59 44 Pro

839 620 109 38 batur
912 620 134 38 maioris
1009 620 194 38 perfectionis
1167 620 85 38 est
1215 620 109 38 posse
1288 620 97 38 pati
1349 620 97 38 duas
1397 620 49 38 pe

835 650 66 39 nas
872 650 75 39 quam
919 650 75 39 vnam
966 650 56 39 et
995 650 75 39 tres
1042 650 75 39 quam
1089 650 75 39 duas
1136 650 56 39 et
1164 650 66 39 sic
1201 650 56 39 in
1230 650 122 39 infinitum
1324 650 56 39 et
1352 650 66 39 hoc
1380 650 66 39 posse

834 681 83 33 non
882 681 143 33 repugnat
989 681 95 33 eius
1049 681 143 33 creature
1156 681 119 33 igitur
1239 681 95 33 Item
1299 681 107 33 posse
1359 681 83 33 intel

837 705 106 41 ligere
912 705 74 41 duo
954 705 85 41 esse
1007 705 74 41 est
1049 705 117 41 maioris
1134 705 170 41 perfectionis
1272 705 85 41 quam
1325 705 85 41 vnum
1367 705 85 41 tantum

826 735 69 41 et
861 735 93 41 tria
919 735 93 41 quam
977 735 81 41 duo
1023 735 69 41 et
1058 735 81 41 sic
1104 735 69 41 in
1139 735 150 41 infinitum
1254 735 69 41 et
1289 735 104 41 tamen
1347 735 104 41 angelus

829 762 68 43 de
863 762 103 43 facto
931 762 114 43 potest
1011 762 171 43 intelligere
1148 762 80 43 non
1194 762 80 43 tot
1240 762 91 43 quin
1297 762 103 43 plura
1365 762 68 43 et
1388 762 57 43 per

831 795 167 36 consequens
962 795 143 36 infinita
1070 795 119 36 igitur
1153 795 107 36 maior
1225 795 131 36 videtur
1321 795 131 36 fundari
1404 795 48 36 su

827 818 83 39 per
875 818 107 39 illud
946 818 166 39 principium
1076 818 95 39 omne
1135 818 107 39 totum
1206 818 83 39 est
1254 818 107 39 maius
1325 818 83 39 sua
1360 818 83 39 parte

833 852 95 36 quia
892 852 107 36 posse
963 852 142 36 infinite
1070 852 83 36 est
1117 852 107 36 quasi
1188 852 107 36 totum
1260 852 71 36 in
1295 852 142 36 respectu
1402 852 71 36 ad

831 876 107 37 posse
902 876 130 37 precise
997 876 119 37 finita
1080 876 130 37 ceteris
1175 876 142 37 paribus.
1282 876 95 37 Item
1341 876 71 37 in
1365 876 83 37 lati-

832 909 131 37 tudine
924 909 197 37 vniformiter
1081 909 197 37 difformiter
1239 909 131 37 calida
1318 909 131 37 medietas

827 932 149 43 remissior
941 932 103 43 habet
1010 932 126 43 calorem
1102 932 138 43 alicuius
1206 932 172 43 intensionis
1344 932 80 43 seu
1390 932 80 43 per

833 961 153 40 fectionis
951 961 71 40 et
986 961 141 40 quelibet
1092 961 94 40 pars
1151 961 212 40 proportionalis
1316 961 130 40 immediate

823 992 177 33 intensiori
962 992 114 33 habet
1038 992 139 33 calorem
1139 992 189 33 intensiorem
1290 992 126 33 igitur
1366 992 88 33 calor

836 1020 128 35 totalis
929 1020 116 35 totius
1011 1020 174 35 latitudinis
1150 1020 93 35 erit
1208 1020 174 35 intensioris
1347 1020 70 35 et
1371 1020 81 35 perfe

826 1048 122 35 ctioris
915 1048 133 35 infinite
1015 1048 178 35 consequentia
1159 1048 100 35 patet
1226 1048 89 35 quia
1281 1048 133 35 continet
1381 1048 67 35 in
1404 1048 44 35 se

831 1079 124 47 calores
921 1079 147 47 infinitos
1034 1079 147 47 totaliter
1147 1079 147 47 abinuicem
1259 1079 158 47 distinctos
1372 1079 79 47 quoru

831 1104 151 35 quilibet
945 1104 88 35 est
995 1104 164 35 intensior
1121 1104 88 35 hoc
1171 1104 113 35 gradu
1234 1104 176 35 demonstrato.

828 1131 61 40 â‹
852 1131 74 40 Ad
889 1131 160 40 oppositum
1012 1131 86 40 hoc
1061 1131 86 40 est
1110 1131 147 40 proprium
1221 1131 98 40 soli
1282 1131 86 40 deo
1331 1131 86 40 vel
1368 1131 74 40 deum

824 1156 175 35 includenti
961 1156 100 35 quod
1023 1156 100 35 addo
1086 1156 87 35 pro
1136 1156 162 35 aggregato
1261 1156 75 35 ex
1298 1156 137 35 natura.
1386 1156 62 35 hu-

824 1190 93 38 mana
883 1190 70 38 et
917 1190 128 38 persona
1011 1190 116 38 filium
1092 1190 93 38 quod
1150 1190 186 38 magnitudinis
1302 1190 93 38 eius
1360 1190 81 38 non
1395 1190 58 38 est

831 1215 103 41 finis
899 1215 92 41 dico
957 1215 115 41 igitur
1037 1215 92 41 quod
1095 1215 80 41 hoc
1141 1215 80 41 non
1186 1215 92 41 quia
1244 1215 80 41 hoc
1290 1215 115 41 clamat
1359 1215 80 41 omnia

829 1244 98 37 phia
890 1244 74 37 et
927 1244 110 37 omnes
1000 1244 123 37 sancti
1086 1244 74 37 et
1123 1244 159 37 scriptura
1246 1244 123 37 sancta
1332 1244 61 37 â‹
1356 1244 74 37 Ad
1381 1244 61 37 pri

826 1277 66 35 mu
859 1277 66 35 in
892 1277 155 35 contrarium
1014 1277 89 35 dico
1070 1277 89 35 quod
1125 1277 78 35 vbi
1169 1277 100 35 posse
1236 1277 100 35 simul
1302 1277 100 35 plura
1357 1277 89 35 arguit

829 1304 131 34 maionem
924 1304 190 34 perfectionem
1079 1304 178 34 regulariter
1221 1304 83 34 ibi
1269 1304 107 34 maior
1340 1304 83 34 est
1376 1304 71 34 vera

828 1330 70 40 et
863 1330 82 40 sic
910 1330 82 40 nec
957 1330 105 40 minor
1027 1330 93 40 quia
1085 1330 128 40 quandiu
1179 1330 93 40 stat
1237 1330 128 40 liberum
1319 1330 128 40 arbitrium

829 1362 90 35 cum
881 1362 116 35 pleno
958 1362 142 35 iudicio
1061 1362 155 35 rationis
1177 1362 155 35 voluntas
1293 1362 103 35 eque
1345 1362 103 35 libere

832 1389 121 38 respuere
923 1389 101 38 potest
994 1389 121 38 infinita
1084 1389 91 38 sicut
1145 1389 81 38 vnum
1196 1389 61 38 et
1226 1389 91 38 eodem
1286 1389 81 38 modo
1337 1389 111 38 dicitur
1408 1389 40 38 de

837 1411 103 40 penis.
909 1411 52 40 â‹
930 1411 62 40 Ad
961 1411 93 40 aliud
1023 1411 83 40 dico
1075 1411 83 40 quod
1126 1411 114 40 angelus
1209 1411 72 40 non
1250 1411 103 40 potest
1313 1411 134 40 intelligere

830 1446 100 34 simul
897 1446 145 34 distincte
1008 1446 134 34 infinita
1109 1446 78 34 nec
1153 1446 111 34 potest
1231 1446 89 34 hare
1287 1446 100 34 simul
1343 1446 100 34 intelle

831 1475 133 31 ctiones
927 1475 157 31 infinitas
1048 1475 169 31 distinctas
1181 1475 121 31 quarum
1265 1475 145 31 quelibet
1362 1475 84 31 esset

824 1503 94 37 eque
883 1503 129 37 perfect
977 1503 59 37 a
1000 1503 82 37 cum
1047 1503 82 37 hac
1094 1503 94 37 data
1152 1503 82 37 vel
1199 1503 164 37 perfectior
1328 1503 82 37 ea.
1375 1503 59 37 â‹
1398 1503 70 37 Ad

827 1531 92 30 aliud
888 1531 112 30 dicitur
969 1531 112 30 negando
1051 1531 173 30 consequentiam
1194 1531 81 30 quia
1244 1531 92 30 licet
1306 1531 122 30 quilibet
1387 1531 51 30 ca-

828 1555 74 39 lor
870 1555 63 39 de
901 1555 74 39 sic
943 1555 126 39 acceptis
1038 1555 74 39 sit
1080 1555 137 39 intensior
1185 1555 84 39 dato
1237 1555 74 39 est
1279 1555 95 39 tamen
1332 1555 116 39 quoilibet

827 1583 118 39 sequens
913 1583 64 39 eo
945 1583 150 39 perfectior
1063 1583 86 39 quia
1116 1583 86 39 plus
1170 1583 64 39 de
1202 1583 160 39 perfectione
1319 1583 118 39 decrescit

822 1611 86 44 sibi
876 1611 64 44 ex
908 1611 150 44 maioritate
1026 1611 161 44 intensionis
1154 1611 86 44 sibi
1208 1611 107 44 debita
1282 1611 86 44 quam
1325 1611 118 44 accrescit

827 1640 94 38 sibi
886 1640 71 38 ex
921 1640 165 38 minoritate
1051 1640 176 38 intensionis
1192 1640 59 38 â‹
1215 1640 118 38 Aliter
1286 1640 153 38 respondetur

823 1675 59 32 et
853 1675 99 32 melius
922 1675 79 32 quod
971 1675 138 32 argumentum
1080 1675 69 32 non
1120 1675 119 32 procedit
1209 1675 79 32 nisi
1258 1675 89 32 omnes
1317 1675 79 32 illi
1357 1675 79 32 gradus

829 1699 107 39 essent
904 1699 128 39 adequate
1000 1699 75 39 ita
1043 1699 86 39 quod
1097 1699 128 39 quolibet
1193 1699 118 39 additus
1279 1699 107 39 alteri
1343 1699 96 39 faceret

826 1723 170 41 latitudinem
962 1723 170 41 intensiorem
1098 1723 68 41 in
1132 1723 102 41 eadem
1200 1723 102 41 parte
1268 1723 136 41 subiecti
1359 1723 79 41 alias

830 1755 156 42 probaretur
953 1755 101 42 eodem
1020 1755 89 42 modo
1076 1755 89 42 quod
1131 1755 134 42 quelibet
1232 1755 134 42 latitudo
1321 1755 123 42 vniformis

824 1785 138 39 intensiue
931 1785 96 39 esset
995 1785 128 39 infinita
1091 1785 64 39 et
1123 1785 85 39 quod
1176 1785 106 39 lignum
1250 1785 106 39 pedale
1325 1785 96 39 esset
1378 1785 64 39 lon-

826 1813 139 36 gitudinis
933 1813 128 36 infinite
1029 1813 85 36 quia
1082 1813 64 36 in
1114 1813 64 36 eo
1146 1813 85 36 sunt
1199 1813 171 36 longitudines
1327 1813 107 36 infinite

827 1849 72 28 el
863 1849 108 28 linee
935 1849 132 28 accepte
1030 1849 132 28 secudum
1126 1849 191 28 longitudinem
1282 1849 108 28 ligni
1341 1849 96 28 quarum

832 1870 134 38 quelibet
932 1870 78 38 est
977 1870 123 38 pedalis
1066 1870 67 38 et
1099 1870 112 38 igitur
1178 1870 67 38 si
1211 1870 100 38 forma
1278 1870 145 38 precedens
1378 1870 56 38 va-

822 1896 102 39 leret
890 1896 136 39 sequitur
991 1896 79 39 hic
1036 1896 102 39 sicut
1104 1896 90 39 ibi.
1161 1896 79 39 Sed
1206 1896 102 39 sicut
1274 1896 79 39 hic
1319 1896 79 39 non
1353 1896 79 39 valet

824 1928 55 36 ex
851 1928 55 36 eo
879 1928 73 36 quod
924 1928 73 36 iste
970 1928 82 36 linee
1025 1928 64 36 non
1061 1928 64 36 sic
1098 1928 110 36 vniuntur
1180 1928 110 36 secundum
1262 1928 91 36 longum
1326 1928 73 36 quod
1372 1928 55 36 ex
1390 1928 46 36 eis

819 1951 82 42 fiat
870 1951 113 42 longius
952 1951 72 42 sic
994 1951 93 42 etiam
1055 1951 72 42 nec
1096 1951 93 42 valet
1158 1951 72 42 ibi
1199 1951 62 42 ex
1230 1951 62 42 eo
1261 1951 82 42 quod
1313 1951 82 42 illi
1354 1951 82 42 gradus

822 1986 73 33 non
863 1986 126 33 vniuntur
958 1986 73 33 sic
1000 1986 84 33 quod
1052 1986 63 33 ex
1084 1986 73 33 eis
1126 1986 63 33 in
1157 1986 94 33 eadem
1220 1986 94 33 parte
1283 1986 126 33 subiecti
1367 1986 63 33 fiat

817 2010 152 51 intensius
935 2010 70 51 Ad
970 2010 117 51 primum
1052 2010 164 51 principale
1181 2010 106 51 satis
1251 2010 152 51 Respondet
1357 2010 70 51 Adam

818 2038 63 47 in
850 2038 127 47 littera.
945 2038 53 47 â‹
966 2038 63 47 Et
998 2038 74 47 sic
1040 2038 74 47 est
1082 2038 95 47 finis
1135 2038 95 47 tertii.

1007 2070 155 46 Incipit
1106 2070 141 46 quartus.
