1756 2500
593 261 158 63 Irca
672 261 238 63 principium

592 310 127 42 quarti.
685 310 138 42 Queritur
788 310 104 42 vtrum
846 310 69 42 ali-

596 345 76 34 lua
640 345 109 34 possit
716 345 65 34 in
749 345 131 34 effectum
836 345 76 34 sacra

585 372 107 33 menti
656 372 130 33 precise
739 372 178 33 productibilem

593 401 77 29 per
637 401 164 29 creationem.
768 401 66 29 Et
801 401 77 29 hoc
845 401 77 29 est
878 401 44 29 ex

588 429 127 36 pressius
684 429 127 36 quaerere
779 429 95 36 vtrum
831 429 85 36 aliqua

588 454 144 37 creatura
696 454 120 37 possit
779 454 120 37 creare
851 454 72 37 gra-

586 480 89 37 tiam
641 480 78 37 vel
686 480 100 37 aliam
752 480 155 37 creaturam.
863 480 56 37 Ui-

527 501 96 43 detur
591 501 74 43 per
634 501 149 43 augustinus
751 501 85 43 quod
804 501 74 43 sic
847 501 64 43 et
868 501 53 43 po-

324 535 99 39 nitur
390 535 66 39 q.
423 535 77 39 per
467 535 66 39 de
500 535 121 39 trahere
588 535 99 39 tanta
653 535 77 39 est
697 535 110 39 virtus
774 535 88 39 aque
829 535 66 39 vt
851 535 66 39 cor-

321 568 82 40 pus
368 568 117 40 tangat
450 568 70 40 et
485 568 82 40 cor
532 568 117 40 abluat
614 568 82 40 sed
661 568 82 40 non
707 568 140 40 abluitur
813 568 94 40 nisi
860 568 59 40 per

323 590 128 42 gratiam
416 590 81 42 que
463 590 81 42 est
510 590 140 42 effectus
614 590 70 42 ad
649 590 93 42 quem
707 590 175 42 specialiter
836 590 81 42 ordi-

329 614 105 46 natur
399 614 175 46 sacramentum
539 614 70 46 et
574 614 82 46 que
621 614 82 46 non
667 614 82 46 est
714 614 187 46 producibilis
854 614 70 46 nisi

337 646 83 36 ter
385 646 167 36 creationem
516 646 119 36 igitur
599 646 95 36 aqua
658 646 143 36 baptismi
765 646 155 36 effectiue
872 646 48 36 se

329 673 105 38 habet
399 673 70 38 ad
434 673 140 38 effectum
539 673 117 38 tantum
621 673 163 38 creabilem.
749 673 58 38 ⁋
772 673 128 38 Secundo
854 673 70 38 quia

328 705 72 35 hec
369 705 72 35 est
410 705 102 35 opinio
481 705 72 35 ma.
522 705 61 35 in
553 705 72 35 li.
594 705 61 35 4.
625 705 72 35 di.
666 705 102 35 quinta
738 705 82 35 cap.
789 705 102 35 vltimo
861 705 82 35 quod

332 731 97 36 deus
392 731 121 36 posset
477 731 97 36 dare
537 731 121 36 alicui
622 731 145 36 ministro
731 731 85 36 vel
767 731 157 36 instrumento

329 758 151 42 potentiam
445 758 127 42 creandi
538 758 81 42 vel
584 758 162 42 dimittendi
712 758 127 42 peccata
805 758 81 42 non
851 758 70 42 vt
874 758 58 42 au-

333 782 94 42 ctori
395 782 73 42 sed
437 782 63 42 vt
469 782 126 42 ministro
563 782 73 42 vel
605 782 157 42 instrumento
730 782 52 42 ⁋
751 782 105 42 Tertio
824 782 126 42 quicquid

331 816 80 35 non
376 816 114 35 arguit
456 816 148 35 creaturam
570 816 91 35 esse
627 816 183 35 perfectionis
776 816 137 35 infinite
867 816 57 35 hoc

327 835 120 47 potest
411 835 144 47 creature
519 835 72 47 oe
555 835 144 47 potentia
664 835 84 47 dei
712 835 144 47 absoluta
808 835 120 47 conferri

334 867 76 38 sed
378 867 109 38 creare
454 867 120 38 aliquid
542 867 66 38 de
574 867 120 38 nichilo
662 867 76 38 non
706 867 109 38 arguit
782 867 98 38 ipsum
837 867 87 38 creans

332 898 91 36 esse
389 898 183 36 perfectionis
537 898 80 36 hoc
583 898 114 36 potest
663 898 137 36 creature
766 898 137 36 conferri
857 898 69 36 quia

329 921 134 38 terminus
429 921 112 38 istius
507 921 178 38 productionis
652 921 78 38 est
697 921 89 38 quid
753 921 123 38 finitum
842 921 67 38 et
864 921 67 38 per-

337 945 137 44 fectionis
443 945 126 44 infinite
537 945 105 44 igitur
611 945 74 44 non
653 945 105 44 arguit
727 945 84 44 suum
780 945 126 44 effectum
864 945 63 44 infi

339 978 110 40 nitum
412 978 123 40 Contra
498 978 86 40 per
547 978 184 40 lynconiens.
694 978 98 40 cap.
755 978 61 40 6
780 978 123 40 partis
866 978 61 40 2
878 978 49 40 de

331 1003 133 43 diuinis
428 1003 157 43 nominibus
548 1003 60 43 a
573 1003 97 43 pure
633 1003 133 43 nichilo
730 1003 145 43 adducere
838 1003 73 43 in
863 1003 60 43 ali

338 1032 97 42 quid
398 1032 85 42 cum
447 1032 97 42 omne
507 1032 133 42 aliquid
604 1032 73 42 in
640 1032 157 42 infinitum
761 1032 133 42 excedat
845 1032 85 42 purum

331 1060 110 40 nichil
408 1060 77 40 est
452 1060 132 40 infinite
552 1060 132 40 potentie
651 1060 77 40 hec
695 1060 88 40 ille
750 1060 77 40 Sed
795 1060 132 40 infinita
883 1060 44 40 po

340 1091 95 33 tentia
406 1091 142 33 communicari
520 1091 114 33 creature
605 1091 66 33 non
643 1091 95 33 potest
709 1091 95 33 igitur
775 1091 47 33 2
794 1091 133 33 augustinus
899 1091 47 33 6

338 1118 106 37 super
409 1118 118 37 genen.
491 1118 94 37 capi
550 1118 82 37 15.
597 1118 71 37 de
632 1118 118 37 magnis
714 1118 82 37 vel
761 1118 82 37 25.
808 1118 71 37 be
832 1118 94 37 paruis

335 1145 119 34 angeli
419 1145 119 34 nullam
502 1145 119 34 omnino
585 1145 131 34 possunt
681 1145 119 34 creare
764 1145 143 34 naturam.
871 1145 60 34 ⁋
883 1145 48 34 Et

335 1173 120 37 ibidem
419 1173 96 37 cap.
479 1173 84 37 20.
527 1173 120 37 creare
611 1173 132 37 aliquam
707 1173 132 37 naturam
803 1173 84 37 tam
839 1173 96 37 nullus

338 1202 118 35 angelus
424 1202 86 35 quam
478 1202 75 35 nec
521 1202 118 35 seipsum
607 1202 108 35 creare
683 1202 118 35 potest.
769 1202 75 35 Sed
812 1202 65 35 si
833 1202 97 35 angelus

344 1227 79 40 non
389 1227 113 40 potest
468 1227 113 40 igitur
548 1227 79 40 nec
593 1227 113 40 aliqua
672 1227 136 40 creatura
774 1227 136 40 inferior
865 1227 68 40 Item

340 1261 102 32 dama.
408 1261 79 32 li.
453 1261 102 32 primo
521 1261 90 32 cap.
577 1261 57 32 3
600 1261 79 32 qui
645 1261 113 32 dicunt
724 1261 124 32 angelos
815 1261 90 32 esse
860 1261 79 32 crea-

342 1283 101 39 tores
409 1283 135 39 alicuius
511 1283 135 39 creature
612 1283 90 39 sunt
669 1283 101 39 omnes
736 1283 113 39 filium
815 1283 113 39 patris
883 1283 56 39 sui

347 1311 143 36 vyaboli.
454 1311 95 36 Item
514 1311 167 36 athanasius
645 1311 107 36 libro
716 1311 83 36 suo
763 1311 119 36 contra
835 1311 95 36 arrium

350 1344 122 30 ponendo
438 1344 133 30 spiritum
538 1344 122 30 sanctum
626 1344 100 30 purum
693 1344 144 30 creaturam
803 1344 100 30 dicit
859 1344 77 30 inter

340 1369 87 34 alia
395 1369 109 34 contra
471 1369 98 34 ipsum
537 1369 142 34 creaturam
646 1369 153 34 creatricem
766 1369 87 34 esse
821 1369 76 34 non
854 1369 76 34 posse

343 1393 100 37 nulli
410 1393 111 37 omnino
487 1393 89 37 esse
543 1393 111 37 estimo
621 1393 145 37 ambiguum.
732 1393 67 37 In
765 1393 89 37 ista
810 1393 122 37 questione

343 1421 95 37 teneo
407 1421 95 37 primo
470 1421 127 37 communem
565 1421 137 37 opinionem
671 1421 85 37 quod
724 1421 74 37 non
766 1421 95 37 primo
829 1421 63 37 et
850 1421 85 37 princi

346 1448 122 42 paliter
435 1448 122 42 propter
524 1448 189 42 concordantiam
680 1448 145 42 sanctorum
791 1448 67 42 et
825 1448 78 42 hoc
858 1448 78 42 sicut

340 1476 112 42 patuit
418 1476 67 42 in
452 1476 201 42 auctoritalibus
619 1476 145 42 allegatis
731 1476 67 42 et
764 1476 134 42 inmultis
854 1476 78 42 aliis

347 1510 130 34 Secundo
442 1510 130 34 propter
536 1510 201 34 concordantiam
701 1510 142 34 doctorum
807 1510 83 34 qui
854 1510 71 34 in
878 1510 59 34 hoc

341 1537 85 33 non
389 1537 121 33 tenent
474 1537 73 33 ma
510 1537 73 33 in
546 1537 121 33 quarto
631 1537 121 33 libro.
716 1537 60 33 ⁋
740 1537 97 33 Item
800 1537 85 33 hoc
836 1537 97 33 suadeo

338 1563 128 39 ratione
431 1563 140 39 creatura
536 1563 81 39 non
583 1563 116 39 potest
664 1563 175 39 naturaliter
804 1563 116 39 creare
874 1563 58 39 nec

339 1591 97 32 etiam
404 1591 108 32 libere
479 1591 108 32 igitur
555 1591 140 32 nullomodo
663 1591 151 32 antecedens
781 1591 129 32 probatur
867 1591 65 32 quia

344 1620 78 34 vel
388 1620 144 34 totaliter
499 1620 78 34 vel
543 1620 166 34 partialiter
676 1620 78 34 non
721 1620 144 34 totaliter
831 1620 78 34 tum
865 1620 66 34 quia

343 1646 79 36 non
388 1646 124 36 tenetur
478 1646 68 36 a.
512 1646 146 36 theologis
624 1646 90 36 quod
680 1646 113 36 aliqua
759 1646 135 36 creatura
849 1646 90 36 possit

341 1677 80 27 esse
391 1677 90 27 causa
452 1677 111 27 totalis
532 1677 121 27 alicuius
622 1677 131 27 effectus:
723 1677 70 27 tum
763 1677 80 27 quia
813 1677 60 27 si
844 1677 70 27 sic
884 1677 70 27 non

344 1701 118 37 posset
427 1701 118 37 tantum
510 1701 118 37 creare
592 1701 130 37 aliquem
687 1701 142 37 effectum
781 1701 154 37 naturaliter

346 1730 85 34 sed
394 1730 157 34 infinitos
515 1730 97 34 quia
576 1730 109 34 omnis
648 1730 109 34 causa
721 1730 133 34 totalis
805 1730 133 34 naturalis

342 1761 162 30 equaliter
466 1761 75 30 se
504 1761 125 30 habens
591 1761 75 30 ad
629 1761 200 30 producibilia
791 1761 137 30 eiusdem
879 1761 62 30 ra-

349 1786 111 33 tionis
426 1786 66 33 si
460 1786 77 33 que
504 1786 77 33 sit
548 1786 100 33 talis
614 1786 66 33 si
648 1786 111 33 possit
725 1786 88 33 ipsa
780 1786 144 33 producere
880 1786 55 33 non

342 1807 72 43 oe
378 1807 144 43 potentia
486 1807 144 43 alicuius
593 1807 144 43 subiecti
701 1807 84 43 vel
749 1807 120 43 nullum
820 1807 120 43 producit

349 1839 78 33 vel
393 1839 100 33 omnia
460 1839 66 33 et
493 1839 78 33 ita
537 1839 144 33 infinita:
648 1839 78 33 sed
692 1839 100 33 omnis
759 1839 100 33 causa
814 1839 122 33 naturalis

341 1865 96 40 mere
401 1865 156 40 equaliter
521 1865 72 40 se
557 1865 108 40 habet
629 1865 72 40 ad
664 1865 108 40 plura
736 1865 180 40 produgbilia
868 1865 72 40 eiui

341 1894 85 37 dem
390 1894 147 37 rationis
500 1894 85 37 ymo
548 1894 73 37 ad
585 1894 147 37 infinita
695 1894 122 37 igitur
780 1894 85 37 etc
829 1894 110 37 maior
890 1894 49 37 pa

346 1919 70 38 tet
386 1919 80 38 quia
436 1919 110 38 propter
516 1919 70 38 hoc
556 1919 140 38 philosophi
667 1919 120 38 ponentes
757 1919 100 38 primum
817 1919 120 38 principium

347 1952 91 33 esse
403 1952 114 33 causam
483 1952 91 33 mere
540 1952 171 33 naturaliter
676 1952 125 33 actiuam
767 1952 148 33 posuerunt
870 1952 68 33 quod

345 1976 95 36 deus
404 1976 118 36 nichil
487 1976 71 36 oe
522 1976 95 36 nouo
582 1976 118 36 posset
664 1976 154 36 producere
782 1976 83 36 nec
830 1976 95 36 fine
877 1976 59 36 sub

352 2008 97 32 lecto
417 2008 75 32 nec
460 2008 65 32 in
492 2008 129 32 subiecto
589 2008 86 32 fine
643 2008 140 32 receptimo
751 2008 86 32 nisi
805 2008 86 32 ipso
848 2008 86 32 aliter

341 2036 123 34 nouerit
430 2036 145 34 disposito
542 2036 90 34 quam
598 2036 112 34 prius.
676 2036 56 34 ⁋
699 2036 67 34 Et
732 2036 90 34 ideo
788 2036 134 34 dixerunt
889 2036 78 34 non

349 2061 73 50 est
390 2061 136 50 possibile
495 2061 104 50 plures
568 2061 84 50 esse
620 2061 188 50 intelligentias
777 2061 115 50 eiusdem
850 2061 94 50 speciei

941 239 104 54 quia
1006 239 130 54 nullum
1097 239 130 54 potens
1187 239 168 54 producere
1317 239 117 54 plura
1394 239 143 54 eiusdem
1485 239 52 54 ra

935 287 128 30 tionis
1025 287 206 30 determinatur
1192 287 77 30 ex
1231 287 77 30 se
1269 287 77 30 ad
1308 287 128 30 certum
1398 287 141 30 numerum
1488 287 51 30 ta

936 315 86 31 lium
990 315 65 31 si
1023 315 86 31 agat
1077 315 86 31 mere
1131 315 162 31 naturaliter
1260 315 65 31 et
1293 315 76 31 non
1336 315 108 31 libere
1411 315 76 31 sed
1455 315 65 31 si
1476 315 65 31 sint

941 341 109 36 plura
1013 341 193 36 producibilia
1170 341 72 36 in
1207 341 121 36 aliquo
1291 341 85 36 nec
1340 341 72 36 de
1376 341 145 36 potentia
1473 341 72 36 ali-

947 368 96 34 uius
1007 368 84 34 vel
1055 368 120 34 nullum
1140 368 108 34 eorum
1212 368 120 34 posset
1296 368 157 34 producere
1417 368 84 34 vel
1453 368 84 34 simul

941 397 132 28 infinita
1040 397 77 28 cum
1084 397 88 28 agat
1139 397 121 28 secudum
1227 397 121 28 vltimum
1314 397 77 28 sue
1358 397 132 28 potentie
1457 397 66 28 et
1490 397 77 28 non

943 424 80 29 sit
988 424 102 29 maior
1056 424 102 29 ratio
1124 424 102 29 quare
1193 424 114 29 ageret
1272 424 91 29 vnum
1329 424 91 29 quam
1386 424 102 29 aliud
1454 424 68 29 de
1477 424 68 29 equa

947 453 94 30 iter
1006 453 70 30 ab
1041 453 94 30 ipso
1099 453 211 30 producibilibus
1275 453 59 30 ⁋
1298 453 70 30 Et
1333 453 82 30 hec
1380 453 82 30 est
1427 453 82 30 est
1462 453 82 30 causa

941 479 108 31 quare
1013 479 132 31 actiuum
1109 479 144 31 naturale
1217 479 84 31 non
1265 479 108 31 debet
1337 479 96 31 poni
1397 479 132 31 actiuum
1481 479 60 31 to-

942 507 88 31 tale
997 507 132 31 alicuius
1096 507 132 31 effectus
1195 507 77 31 sui
1239 507 77 31 nec
1283 507 88 31 fine
1338 507 121 31 materia
1426 507 77 31 nec
1459 507 77 31 etiam

941 529 68 36 in
975 529 125 36 materia
1066 529 102 36 certa
1134 529 91 36 data
1191 529 91 36 quia
1248 529 80 36 cum
1293 529 91 36 tali
1350 529 125 36 materia
1441 529 68 36 et
1463 529 80 36 etiam

944 561 72 32 de
980 561 72 32 ea
1016 561 84 32 non
1065 561 133 32 possunt
1161 561 84 32 tot
1209 561 96 32 quin
1270 561 109 32 plura
1342 561 133 32 eiusdem
1426 561 121 32 rationis

942 589 104 32 fieri
1012 589 81 32 vel
1058 589 115 32 igitur
1138 589 92 32 tale
1196 589 104 32 agens
1265 589 161 32 produceret
1391 589 69 32 in
1426 589 69 32 ea
1460 589 81 32 seu
1495 589 46 32 de

942 617 69 34 ea
977 617 150 34 quodlibet
1092 617 127 34 ipsorum
1185 617 81 34 vel
1231 617 115 34 nullum
1311 617 92 34 nisi
1369 617 104 34 esset
1438 617 127 34 aliquod

942 645 108 33 aliud
1014 645 108 33 agens
1086 645 120 33 libere
1170 645 156 33 producens
1290 645 84 33 vel
1338 645 120 33 libere
1410 645 132 33 cooperans

951 672 73 31 id
987 672 193 31 productionem
1144 672 109 31 vnius
1217 672 109 31 magis
1289 672 97 31 quam
1350 672 145 31 alterius
1458 672 73 31 et
1483 672 60 31 ma-

947 700 102 31 teria
1015 700 80 31 non
1060 700 80 31 est
1106 700 91 31 nata
1163 700 136 31 recipere
1265 700 91 31 nisi
1322 700 114 31 vnicum
1401 700 136 31 effectum
1492 700 57 31 ita

944 730 152 32 perfectum
1061 730 140 32 effectum
1166 730 105 32 simul
1236 730 105 32 sicut
1306 730 105 32 istum
1376 730 105 32 natum
1435 730 105 32 causare

943 754 65 35 in
976 754 152 35 susceptiuo
1095 754 152 35 disposito.
1215 754 54 35 ⁋
1236 754 87 35 Tunc
1290 754 98 35 probo
1356 754 87 35 quod
1410 754 130 35 creatura
1497 754 54 35 non

942 780 121 39 posset
1027 780 97 39 esse
1088 780 170 39 principium
1221 780 158 39 creatiuum
1343 780 146 39 parciale
1452 780 97 39 mere
1500 780 49 39 na

951 813 103 32 turale
1023 813 82 32 quia
1074 813 62 32 si
1105 813 113 32 aliquid
1187 813 92 32 esset
1248 813 133 32 huiusmodi
1351 813 62 32 et
1382 813 72 32 non
1413 813 133 32 suspendetur

949 835 59 35 a
973 835 140 35 naturali
1078 835 164 35 autiuitate
1207 835 82 35 sua
1254 835 82 35 sed
1300 835 94 35 deus
1359 835 164 35 cooperatur
1476 835 70 35 sibi

945 865 80 38 per
990 865 148 38 generalem
1104 865 171 38 influentiam
1241 865 91 38 tunc
1298 865 80 38 vel
1343 865 114 38 nichil
1411 865 137 38 produceret

954 892 75 33 vel
997 892 129 33 infinita
1094 892 75 33 non
1137 892 75 33 est
1180 892 97 33 autem
1244 892 150 33 verisimile
1362 892 86 33 quod
1416 892 129 33 creatura
1501 892 54 33 na-

947 918 154 36 turaliter
1065 918 118 36 actiua
1148 918 142 36 perpetuo
1255 918 201 36 suspenderetur
1420 918 71 36 ab
1455 918 118 36 agendo

949 944 98 41 illud
1014 944 87 41 quod
1069 944 87 41 nata
1123 944 76 41 est
1167 944 98 41 agere
1232 944 76 41 vel
1276 944 87 41 quod
1330 944 87 41 deus
1385 944 87 41 sibi
1439 944 76 41 non
1472 944 76 41 coope

958 973 119 33 aretur
1041 973 119 33 igitur
1124 973 71 33 ex
1160 973 83 33 quo
1208 973 95 33 deus
1267 973 131 33 ponitur
1362 973 83 33 non
1398 973 154 33 substrahere

953 1002 90 37 sibi
1009 1002 90 37 quod
1066 1002 90 37 suum
1122 1002 79 37 est
1167 1002 79 37 sed
1212 1002 147 37 cooperari
1325 1002 135 37 sequitur
1427 1002 90 37 quod
1472 1002 79 37 simul

956 1033 171 33 produceret
1090 1033 146 33 infinita
1200 1033 98 33 quod
1261 1033 85 33 est
1309 1033 195 33 Impossibile.
1456 1033 98 33 Deinde

951 1064 101 34 probo
1018 1064 89 34 quod
1074 1064 101 34 talis
1141 1064 134 34 creatura
1241 1064 78 34 non
1286 1064 112 34 potest
1364 1064 89 34 poni
1420 1064 101 34 agens
1476 1064 78 34 libe-

958 1087 83 29 rum
1006 1087 95 29 quia
1065 1087 95 29 tunc
1124 1087 119 29 creare
1208 1087 131 29 liberet
1303 1087 95 29 nisi
1362 1087 131 29 volendo
1457 1087 83 29 seu
1493 1087 59 29 me-

957 1112 103 36 diante
1029 1112 72 36 suo
1070 1112 93 36 velle
1132 1112 62 36 et
1163 1112 82 36 tunc
1214 1112 72 36 vel
1256 1112 72 36 sic
1297 1112 82 36 quod
1348 1112 62 36 eo
1379 1112 82 36 ipso
1431 1112 72 36 quo
1462 1112 82 36 vellet

959 1137 78 37 tale
1008 1137 78 37 esse
1057 1137 88 37 ipsum
1115 1137 88 37 esset
1174 1137 68 37 vel
1213 1137 68 37 sic
1252 1137 78 37 quod
1301 1137 88 37 talis
1359 1137 107 37 volitio
1437 1137 88 37 esset
1486 1137 68 37 causa

950 1167 118 38 illius
1033 1167 129 38 creandi
1127 1167 106 38 sicut
1197 1167 129 38 volitio
1291 1167 118 38 posita
1374 1167 118 38 causat
1444 1167 106 38 habitum

953 1193 78 38 qui
997 1193 78 38 nec
1042 1193 78 38 est
1086 1193 122 38 volitus
1174 1193 78 38 nec
1219 1193 133 38 cognitus
1318 1193 78 38 per
1363 1193 100 38 istam
1418 1193 133 38 volitionem

955 1225 70 33 Si
990 1225 129 33 secundo
1084 1225 94 33 modo
1143 1225 82 33 cum
1190 1225 129 33 volitio
1283 1225 117 33 posita
1365 1225 176 33 naturaliter
1494 1225 59 33 es-

956 1252 79 36 set
1001 1252 102 36 illud
1069 1252 102 36 cuius
1136 1252 79 36 est
1181 1252 102 36 causa
1249 1252 102 36 redit
1317 1252 169 36 difficultas
1441 1252 113 36 pretacta

960 1283 76 33 de
998 1283 126 33 actiuo
1086 1283 164 33 naturali:
1213 1283 76 33 si
1250 1283 113 33 primo
1326 1283 101 33 modo
1389 1283 88 33 cum
1427 1283 126 33 voluntas

960 1308 107 36 creata
1035 1308 107 36 posset
1110 1308 96 36 velle
1174 1308 128 36 infinita
1270 1308 85 36 eque
1324 1308 118 36 leuitur
1409 1308 96 36 sicut
1463 1308 85 36 finita

955 1338 102 36 adhuc
1023 1338 68 36 vt
1056 1338 124 36 videtur
1147 1338 113 36 potest
1226 1338 124 36 causare
1317 1338 102 36 infin
1384 1338 79 36 ita
1430 1338 57 36 ⁋
1452 1338 124 36 Secundo

960 1363 147 34 probatur
1070 1363 85 34 hoc
1119 1363 98 34 idem
1180 1363 98 34 quia
1241 1363 98 34 tota
1302 1363 110 34 ratio
1375 1363 110 34 quare
1448 1363 85 34 res
1485 1363 61 34 obe

957 1386 107 43 diunt
1028 1386 71 43 in
1064 1386 130 43 essendo
1159 1386 83 43 vel
1206 1386 83 43 non
1254 1386 130 43 essendo
1348 1386 119 43 diuine
1420 1386 130 43 voluntati

955 1417 203 39 circunscripto
1122 1417 107 39 etiam
1194 1417 96 39 omni
1254 1417 155 39 receptiuo
1373 1417 72 39 de
1409 1417 84 39 quo
1456 1417 84 39 est
1492 1417 60 39 ita

963 1443 90 41 quia
1019 1443 90 41 ipsa
1075 1443 79 41 est
1120 1443 101 41 ompes
1188 1443 79 41 cum
1233 1443 113 41 igitur
1312 1443 135 41 voluntas
1413 1443 113 41 creata
1492 1443 79 41 non

959 1469 108 45 possit
1035 1469 87 45 esse
1089 1469 97 45 ompes
1154 1469 76 45 non
1197 1469 119 45 poterit
1284 1469 87 45 esse
1338 1469 87 45 quod
1392 1469 87 45 eius
1435 1469 119 45 voluntati

960 1498 76 36 res
1004 1498 76 36 sic
1047 1498 131 36 obediant
1145 1498 98 36 licet
1211 1498 87 36 bene
1265 1498 109 36 possit
1342 1498 142 36 impetrare
1451 1498 87 36 quod
1494 1498 55 36 rea

957 1525 81 40 sic
1004 1525 138 40 obediant
1107 1525 81 40 die
1154 1525 162 40 voluntati.
1281 1525 92 40 Item
1338 1525 150 40 articulus
1442 1525 104 40 parien.

957 1555 166 39 condemnatus
1089 1555 77 39 est
1134 1555 110 39 dicere
1211 1555 88 39 quod
1266 1555 188 39 intelligentia
1421 1555 99 39 mouet
1476 1555 66 39 cele

956 1581 87 43 per
1005 1581 112 43 solum
1080 1581 150 43 imperium
1192 1581 175 43 voluntatis
1330 1581 112 43 minus
1404 1581 112 43 tamen
1467 1581 87 43 esset

955 1611 122 36 mouere
1040 1611 122 36 corpus
1126 1611 98 36 sola
1187 1611 159 36 volitione
1309 1611 98 36 quam
1371 1611 86 36 rem
1419 1611 135 36 aliquam
1505 1611 49 36 de

955 1636 130 40 nichilo
1050 1636 153 40 producere
1168 1636 118 40 igitur
1250 1636 83 40 nec
1297 1636 177 40 intellectio
1439 1636 83 40 nec
1474 1636 83 40 voli-

956 1661 78 43 tio
1000 1661 78 43 est
1045 1661 156 43 sufficiens
1167 1661 156 43 principium
1289 1661 78 43 quo
1334 1661 111 43 ipsius
1412 1661 133 43 creature
1512 1661 67 43 ad

959 1695 128 39 creandum
1055 1695 74 39 nec
1098 1695 106 39 posset
1172 1695 85 39 dari
1225 1695 85 39 quod
1278 1695 149 39 substantia
1395 1695 106 39 angeli
1459 1695 96 39 concur-

957 1720 87 38 rat
1006 1720 162 38 immediate
1131 1720 75 38 ad
1169 1720 187 38 producendam
1319 1720 87 38 rem
1369 1720 150 38 creandam
1469 1720 87 38 sicut

957 1749 94 39 ipsa
1016 1749 94 39 agit
1075 1749 153 39 immediate
1193 1749 82 39 cum
1240 1749 153 39 volitione
1358 1749 71 39 ad
1393 1749 106 39 motum
1452 1749 106 39 localem

958 1775 81 37 vel
1005 1775 70 37 ad
1040 1775 105 37 aliud
1110 1775 93 37 quia
1168 1775 105 37 adhuc
1238 1775 81 37 non
1284 1775 116 37 ageret
1366 1775 93 37 nisi
1424 1775 128 37 volendo
1505 1775 47 37 et

966 1801 170 42 aggregatum
1099 1801 73 42 ex
1136 1801 85 42 sua
1184 1801 206 42 intellectione
1355 1801 73 42 et
1391 1801 158 42 volitione
1500 1801 61 42 est

964 1828 121 40 actiuum
1052 1828 88 40 mere
1107 1828 132 40 naturale
1207 1828 99 40 etiam
1273 1828 66 40 in
1306 1828 88 40 casu
1361 1828 77 40 vbi
1405 1828 155 40 substantia
1516 1828 44 40 an

967 1866 89 34 geli
1022 1866 111 34 causat
1100 1866 155 34 volitionem
1222 1866 122 34 liberet
1310 1866 66 34 vt
1344 1866 100 34 alias
1410 1866 66 34 in
1443 1866 100 34 primo
1499 1866 55 34 de-

964 1887 123 38 claraui
1053 1887 67 38 et
1087 1887 90 38 tunc
1143 1887 101 38 stant
1210 1887 146 38 argumenta
1322 1887 112 38 priora
1400 1887 67 38 de
1434 1887 112 38 agente
1501 1887 56 38 mi-

965 1913 70 40 nus
1005 1913 129 40 naturali.
1104 1913 79 40 Item
1154 1913 139 40 augustinus
1263 1913 60 40 de
1293 1913 79 40 C2i.
1342 1913 70 40 dei
1382 1913 79 40 lib.
1432 1913 70 40 2i.
1472 1913 79 40 cap.
1521 1913 60 40 14

968 1944 75 35 non
1011 1944 85 35 enim
1064 1944 75 35 fas
1107 1944 75 35 est
1149 1944 106 35 vllius
1224 1944 128 35 naturale
1320 1944 138 35 quaelibet
1426 1944 106 35 minime
1490 1944 64 35 crea

968 1970 108 40 torem
1040 1970 96 40 nisi
1100 1970 96 40 deum
1161 1970 132 40 creare.
1257 1970 60 40 ⁋
1281 1970 84 40 Aut
1329 1970 132 40 dicere.
1426 1970 96 40 Item
1474 1970 84 40 sicut

964 2002 169 33 efficientia
1099 2002 102 33 artis
1167 2002 113 33 create
1246 2002 169 33 presupponit
1381 2002 135 33 effectum
1472 2002 90 33 nature

964 2024 66 40 de
997 2024 77 40 quo
1041 2024 77 40 ita
1086 2024 166 40 efficientia
1218 2024 111 40 nature
1296 2024 111 40 create
1373 2024 66 40 et
1406 2024 166 40 cuiuscunque

962 2052 96 49 eque
1022 2052 167 49 necessario
1153 2052 132 49 videtur
1249 2052 191 49 presupponere
1405 2052 144 49 effectum
1500 2052 60 49 dei
