1791 2500
199 223 81 51 sed
246 223 104 51 facit
315 223 104 51 lumen
385 223 70 51 in
420 223 70 51 b.
455 223 81 51 non
501 223 70 51 de
536 223 70 51 b.
570 223 81 51 sed
617 223 70 51 de
652 223 116 51 nihilo
721 223 93 51 igitur

201 264 86 39 non
250 264 148 39 sequitur
361 264 111 39 lumen
435 264 74 39 in
471 264 74 39 b.
508 264 86 39 est
558 264 135 39 creatum
656 264 123 39 igitur
730 264 86 39 lumen

198 293 70 37 in
233 293 70 37 a.
269 293 82 37 est
316 293 141 37 creatum.
421 293 117 37 Contra
504 293 106 37 lumen
574 293 117 37 facere
656 293 70 37 de
692 293 70 37 a.
727 293 82 37 non
762 293 47 37 es

195 320 109 39 aliud
268 320 97 39 quam
328 320 121 39 facere
413 320 109 39 lumen
486 320 73 39 in
522 320 73 39 a.
558 320 145 39 respectu
668 320 109 39 cuius
728 320 85 39 mate-

196 352 86 32 ria
245 352 122 32 ipsius
330 352 61 32 a
355 352 86 32 vel
404 352 122 32 ipsum.
490 352 73 32 a.
526 352 110 32 habet
600 352 159 32 potentiam
710 352 98 32 natura

199 376 76 41 lem
243 376 76 41 sed
286 376 76 41 sic
329 376 98 41 facit
394 376 87 41 deus
448 376 98 41 lumen
513 376 65 41 de
546 376 65 41 b.
578 376 87 41 quia
633 376 65 41 b.
665 376 76 41 est
708 376 65 41 in
730 376 76 41 poten

196 406 87 33 tia
245 406 148 33 naturali
356 406 148 33 respectu
468 406 136 33 luminis
567 406 161 33 receptiui
678 406 99 33 igitur

224 433 76 35 Ad
262 433 164 35 oppositum
388 433 101 35 sunt
451 433 202 35 auctoritates
616 433 76 35 et
653 433 152 35 rationes
754 433 51 35 po

196 462 95 38 site
256 462 83 38 in.
303 462 72 38 q.
339 462 179 38 precedenti.
482 462 95 38 Item
542 462 167 38 augustinus
673 462 72 38 in
709 462 107 38 libro
768 462 48 38 de

198 495 96 33 vera
258 495 167 33 innocentia
389 495 191 33 propositione
544 495 84 33 146
592 495 84 33 rei
640 495 131 33 nullius
723 495 84 33 quan-

192 519 86 34 uis
241 519 123 34 minime
327 519 99 34 nisi
389 519 99 34 deum
451 519 160 34 creatorem
574 519 99 34 dici
635 519 86 34 aut
685 519 111 34 credi
746 519 62 34 li-

195 550 80 34 cet
240 550 103 34 etiam
309 550 68 34 ad
343 550 80 34 hoc
388 550 80 34 est
434 550 160 34 augustinus
559 550 57 34 3
582 550 68 34 de
616 550 103 34 trii.
685 550 125 34 capitu.
764 550 46 34 2.

198 577 82 32 xi.
245 577 105 32 vsque
315 577 70 32 ad
350 577 70 32 16
385 577 82 32 per
432 577 105 32 totum
502 577 70 32 et
537 577 105 32 super
607 577 117 32 genen.
688 577 93 32 cap.
747 577 58 32 5
758 577 47 32 de

190 610 124 31 magnis
276 610 111 31 quasi
351 610 74 31 in
388 610 161 31 principio
512 610 124 31 angeli
598 610 111 31 autem
673 610 124 31 nullam
747 610 62 31 cre

201 631 115 35 aturam
281 631 115 35 creare
362 631 138 35 possunt.
465 631 69 35 Et
500 631 127 35 damamn.
592 631 81 35 ca.
638 631 58 35 3
661 631 150 35 quicunque
764 631 46 35 di

202 662 94 35 tunt
261 662 129 35 angelos
355 662 94 35 esse
414 662 153 35 creatores
532 662 176 35 cuiuscunque
661 662 141 35 substantie

199 689 78 32 hii
243 689 89 32 sunt
299 689 100 32 omens
366 689 111 32 filium
444 689 111 32 patris
522 689 78 32 sui
566 689 134 32 dyaboli.
666 689 56 32 ⁋
689 689 100 32 Prima
744 689 56 32 con

198 719 117 37 clusio
280 719 94 37 quod
339 719 141 37 cuilibet
445 719 141 37 creature
550 719 141 37 repugnat
656 719 117 37 creare
726 719 82 37 patet

191 748 76 33 ex
229 748 164 33 questione
356 748 189 33 precedenti.
507 748 63 33 ⁋
532 748 139 33 Secunda
633 748 164 33 conclusio
747 748 63 33 nul

192 773 72 33 la
228 773 144 33 creatura
336 773 120 33 finita
419 773 132 33 excedit
515 773 108 33 aliam
587 773 144 33 infinite
694 773 84 33 hoc
730 773 72 33 pro-

188 802 111 35 batur
261 802 111 35 prima
335 802 160 35 questione
458 802 147 35 tertiui.
569 802 74 35 Ad
605 802 86 35 hoc
655 802 111 35 etiam
716 802 86 35 argu-

192 830 70 35 it
227 830 117 35 quidam
309 830 82 35 ma.
356 830 82 35 sic
402 830 70 35 si
437 830 82 35 vna
484 830 140 35 creatura
589 830 117 35 finita
671 830 93 35 puta
717 830 82 35 dile-

195 862 100 29 ctio
258 862 88 29 qua
308 862 125 29 beatus
396 862 138 29 diligit
496 862 100 29 deum
559 862 138 29 excedit
660 862 113 29 aliam
722 862 88 29 crea-

190 888 112 31 turam
264 888 149 31 infinite
376 888 149 31 scilicet
487 888 186 31 dilectionem
636 888 87 31 qua
686 888 99 31 idem
736 888 74 31 bea-

190 917 82 33 tus
237 917 129 33 diligit
331 917 152 33 creaturam
447 917 93 33 tunc
506 917 70 33 si
541 917 140 33 dupletur
646 917 140 33 dilectio
740 917 58 33 cre

195 946 103 30 ature
263 946 69 30 et
297 946 149 30 quadruple
412 946 69 30 et
446 946 80 30 sic
492 946 91 30 fine
549 946 91 30 fine
606 946 69 30 in
640 946 114 30 specie
709 946 91 30 priori

188 973 134 38 nunquam
286 973 183 38 pertingeret
432 973 73 38 ad
469 973 110 38 finem
542 973 183 38 dilectionis
689 973 86 38 qua
726 973 73 38 idem

192 999 122 34 beatus
277 999 135 34 diligit
375 999 110 34 deum.
449 999 147 34 Falsitas
559 999 147 34 probatur
669 999 98 34 quia
731 999 73 34 si
755 999 49 34 di

189 1027 114 40 lectio
268 1027 102 40 talis
337 1027 137 40 creature
439 1027 102 40 esset
507 1027 137 40 infinita
610 1027 148 40 excederet
723 1027 80 40 dei
757 1027 46 40 di

194 1057 144 35 lectionem
305 1057 111 35 aliter
383 1057 89 35 ipsa
438 1057 78 35 dei
483 1057 133 35 dilectio
583 1057 100 35 esset
649 1057 144 35 infinita.
749 1057 56 35 Set

194 1089 161 28 vbicunque
317 1089 161 28 contingit
441 1089 149 28 reperire
553 1089 111 28 maius
627 1089 74 28 et
664 1089 111 28 minus
726 1089 74 28 con-

191 1114 121 32 tingit
276 1114 145 32 reperire
385 1114 133 32 equale.
481 1114 97 32 Item
542 1114 73 32 si
578 1114 97 32 deus
639 1114 157 32 creaturam
748 1114 48 32 il

190 1143 90 34 lam
241 1143 179 34 inferiorem
382 1143 141 34 faceret
485 1143 77 34 in
523 1143 115 34 duplo
600 1143 154 34 meliorem
715 1143 77 34 et
741 1143 64 34 qua

184 1174 119 36 druplo
267 1174 71 36 et
303 1174 83 36 sic
351 1174 95 36 fine
410 1174 95 36 fine
470 1174 71 36 et
505 1174 190 36 perfectiorem
660 1174 107 36 earum
720 1174 83 36 etiam

184 1199 179 33 subduplam
322 1199 165 33 secundum
446 1199 220 33 perfectionem
624 1199 83 33 et
652 1199 151 33 subquadru

189 1231 94 32 plam
248 1231 71 32 et
284 1231 83 32 sic
331 1231 94 32 fine
390 1231 94 32 fine
449 1231 71 32 ex
484 1231 83 32 vna
532 1231 106 32 parte
602 1231 165 32 ascendendo
732 1231 71 32 et
756 1231 47 32 ex

182 1263 99 31 alia
244 1263 112 31 parte
318 1263 186 31 descendendo
467 1263 137 31 nunquam
567 1263 199 31 pertingerent
716 1263 87 31 adin-

187 1284 118 34 uicem
266 1284 171 34 processus
397 1284 118 34 huius
476 1284 171 34 adinuicem
608 1284 158 34 obuiando
726 1284 105 34 quod

180 1314 84 33 non
228 1314 84 33 est
276 1314 96 33 apud
336 1314 72 33 me
371 1314 203 33 intelligibile
539 1314 72 33 de
575 1314 132 33 naturis
670 1314 132 33 finitis
754 1314 48 33 et

179 1342 204 36 consequentia
345 1342 115 36 plana
421 1342 89 36 est
472 1342 153 36 cuilibet
587 1342 191 36 aduertenti.
727 1342 76 36 Item

186 1370 98 34 tunc
247 1370 98 34 deus
308 1370 122 34 posset
394 1370 122 34 creare
479 1370 134 34 angelum
577 1370 86 34 qui
626 1370 159 34 excederet
736 1370 61 34 mi-

178 1400 136 37 chaelem
276 1400 148 37 infinite
387 1400 74 37 et
424 1400 185 37 beatificare
572 1400 111 37 ipsum
634 1400 160 37 proportiona

189 1427 101 34 liter
256 1427 78 34 sue
301 1427 112 34 nature
379 1427 78 34 ita
424 1427 90 34 quod
480 1427 78 34 sua
525 1427 146 34 beatitudo
637 1427 146 34 excederet
738 1427 56 34 bea

187 1449 163 43 titudinem
313 1449 163 43 michaelis
439 1449 151 43 infinite
552 1449 88 43 cum
602 1449 126 43 igitur
690 1449 101 43 deus
740 1449 63 43 pos

187 1478 84 42 sit
235 1478 193 42 beatitudinem
392 1478 121 42 istius
476 1478 121 42 angeli
561 1478 169 42 superioris
681 1478 121 42 destrue-

185 1507 76 36 re
223 1507 76 36 et
261 1507 127 36 ponere
350 1507 76 36 in
388 1507 76 36 eo
426 1507 203 36 beatitudinem
591 1507 165 36 michaelis
705 1507 89 36 sequi

176 1540 84 30 tur
224 1540 96 30 quod
284 1540 108 30 eadem
356 1540 144 30 creatura
464 1540 120 30 possit
548 1540 180 30 beatificari
680 1540 120 30 diuersis

183 1564 240 39 beatitudinibus
383 1564 200 39 quantitatis
543 1564 134 39 quarum
637 1564 93 39 vna
677 1564 120 39 excede-

188 1595 88 33 ret
239 1595 113 33 aliam
314 1595 150 33 infinite
427 1595 175 33 consequens
564 1595 88 33 est
602 1595 188 33 inconueniens.

187 1620 100 34 Item
249 1620 100 34 tunc
312 1620 113 34 etiam
387 1620 125 34 posset
474 1620 100 34 dari
537 1620 125 34 aliqua
624 1620 125 34 virtus
699 1620 100 34 attra-

185 1651 104 37 ctiua
255 1651 104 37 ferri
324 1651 104 37 aliam
393 1651 139 37 excedens
498 1651 139 37 infinite
602 1651 69 37 et
636 1651 92 37 tunc
694 1651 104 37 talis
752 1651 46 37 at

185 1678 142 36 traheret
292 1678 118 36 ferrum
374 1678 71 36 in
410 1678 142 36 instanti
516 1678 95 36 quia
575 1678 71 36 in
611 1678 154 36 infinitum
717 1678 71 36 velo

183 1708 92 36 cius
240 1708 92 36 quam
297 1708 92 36 alia
354 1708 92 36 quam
412 1708 137 36 excedit.
515 1708 149 36 Similiter
629 1708 137 36 sequitur
732 1708 92 36 quod

180 1733 99 35 iste
242 1733 136 35 angelus
341 1733 149 35 nobilior
452 1733 74 35 in
490 1733 161 35 infinitum
613 1733 149 35 velocius
713 1733 74 35 moue

182 1761 85 37 ret
231 1761 98 37 idem
292 1761 122 37 mobile
377 1761 98 37 quam
438 1761 134 37 michael
536 1761 146 37 alioquin
646 1761 171 37 duplicando

178 1794 72 39 et
214 1794 181 39 triplicando
359 1794 96 39 etc.
419 1794 144 39 virtutem
527 1794 132 39 motiuam
623 1794 157 39 michaelis
732 1794 60 39 ip-

182 1817 73 37 sa
218 1817 121 37 fieret
303 1817 133 37 equalis
400 1817 133 37 virtuti
497 1817 121 37 motiue
582 1817 170 37 superioris
703 1817 85 37 ange-

172 1841 73 43 li
208 1841 85 43 vel
257 1841 121 43 tandem
342 1841 158 43 haberetur
463 1841 97 43 quod
523 1841 121 43 virtus
608 1841 121 43 aliqua
693 1841 97 43 data
742 1841 48 43 et

180 1875 83 35 alia
231 1875 124 35 infinite
325 1875 93 35 illam
387 1875 124 35 excedens
480 1875 124 35 secundum
573 1875 114 35 vltimum
656 1875 124 35 potentie
739 1875 52 35 sue

175 1904 148 36 agentes
282 1904 162 36 mouerent
403 1904 108 36 idem
471 1904 135 36 mobile
565 1904 94 36 per
619 1904 135 36 equale
700 1904 94 36 spaci

183 1934 73 37 um
219 1934 73 37 in
256 1934 110 37 eodem
329 1934 146 37 tempore.
439 1934 61 37 ⁋
463 1934 122 37 Tertia
549 1934 159 37 conclusio
671 1934 98 37 quod
732 1934 85 37 non

176 1963 161 35 quodlibet
299 1963 173 35 indiuiduum
436 1963 136 35 speciei
535 1963 173 35 superioris
659 1963 136 35 quodlibet

179 1987 159 41 inferioris
304 1987 136 41 infinite
406 1987 125 41 excedit
497 1987 102 41 patet
565 1987 68 41 ex
599 1987 170 41 precedenti.
724 1987 68 41 Item

172 2018 108 35 tunc
240 2018 149 35 angelus
348 2018 108 35 sine
416 2018 203 35 proportione
578 2018 176 35 excederet
699 2018 95 35 aimam

179 2046 134 38 christi
276 2046 73 38 et
312 2046 85 38 per
361 2046 170 38 consequens
495 2046 73 38 si
531 2046 219 38 proportionatur
701 2046 85 38 natu-

181 2072 70 51 re
216 2072 82 51 sue
263 2072 211 51 beatificaretur
440 2072 235 51 proportionaliter
639 2072 94 51 plus
686 2072 106 51 fruere

834 218 89 56 tur
885 218 102 56 deo.
949 218 178 56 Consequens
1089 218 89 56 est
1140 218 127 56 falsum
1229 218 102 56 quia
1292 218 115 56 anima
1356 218 89 56 beate

839 269 149 36 virginis
950 269 149 36 exaltata
1062 269 87 36 est
1112 269 112 36 super
1186 269 124 36 choros
1273 269 161 36 angelorum
1385 269 62 36 igi

839 299 86 36 tur
888 299 111 36 multo
962 299 136 36 fortius
1061 299 111 36 anima
1135 299 148 36 christi.
1246 299 99 36 Item
1307 299 99 36 tunc
1357 299 86 36 perus

834 328 107 36 esset
905 328 71 36 in
941 328 119 36 natura
1024 328 131 36 minimum
1119 328 131 36 angelum
1214 328 131 36 destrui
1309 328 95 36 quam
1357 328 95 36 infini

835 352 80 32 tos
880 352 126 32 homines
972 352 80 32 vel
1018 352 138 32 infinita
1122 352 115 32 pecora
1202 352 92 32 etc.
1259 352 69 32 Et
1294 352 149 32 similiter
1397 352 46 32 pe

837 383 90 31 ius
889 383 116 31 esset
966 383 103 31 vnam
1030 383 129 31 guttam
1120 383 103 31 aque
1184 383 141 31 destrui
1287 383 103 31 apud
1338 383 116 31 naturam

835 412 75 34 et
873 412 150 34 secundum
986 412 75 34 se
1023 412 88 34 non
1073 412 125 34 habito
1161 412 150 34 respectu
1274 412 75 34 ad
1299 412 150 34 vtilitatem

831 436 150 36 hominum
941 436 82 36 et
982 436 191 36 animantium
1132 436 109 36 quam
1200 436 123 36 totam
1282 436 137 36 speram
1364 436 82 36 aque

829 467 145 35 destrui.
938 467 97 35 Item
998 467 97 35 tunc
1059 467 145 35 quilibet
1168 467 109 35 calor
1240 467 97 35 fine
1289 467 157 35 proportione

828 492 106 39 esset
899 492 165 39 virtuosior
1029 492 130 39 frigore
1123 492 118 39 igitur
1205 492 118 39 nullam
1276 492 165 39 resistentiam

837 525 126 30 haberet
928 525 57 30 a
951 525 138 30 frigore.
1055 525 57 30 ⁋
1078 525 115 30 Quarta
1158 525 149 30 conclusio
1273 525 92 30 quod
1330 525 103 30 nulla
1388 525 57 30 vir

828 552 84 34 tus
876 552 121 34 creata
961 552 84 34 est
1009 552 145 34 infinita
1117 552 72 34 et
1154 552 84 34 per
1202 552 169 34 consequens
1322 552 121 34 quelibet

833 578 88 32 est
883 578 200 32 insufficiens
1045 578 75 32 ad
1083 578 163 32 creandum.
1208 578 150 32 probatio
1320 578 113 32 huius
1383 578 63 32 pa-

825 607 85 36 tet
873 607 72 36 ex
909 607 121 36 mediis
994 607 157 36 aliquibus
1115 607 133 36 positis
1211 607 72 36 ad
1248 607 181 36 precedentes
1381 607 60 36 con

834 635 141 37 clusiones
942 635 65 37 ex
975 635 108 37 quarta
1050 635 141 37 questione
1158 635 76 37 et.
1202 635 86 37 173.
1256 635 108 37 tertii
1321 635 86 37 libri.

832 661 63 36 ⁋
857 661 100 36 Nota
919 661 100 36 quod
982 661 150 36 rationes
1094 661 150 36 dictarum
1207 661 200 36 conclusionum
1357 661 88 36 parum

825 693 149 30 videntur
936 693 173 30 concludere
1072 693 99 30 quia
1134 693 136 30 tenendo
1233 693 99 30 quod
1295 693 136 30 species
1382 693 62 30 su-

835 720 123 39 perior
921 720 86 39 per
970 720 98 39 suam
1031 720 196 39 perfectionem
1190 720 184 39 essentialem
1325 720 110 39 totalem

826 749 152 36 specificam
946 749 120 36 excedat
1033 749 152 36 inferiorem
1152 749 130 36 infinite
1250 749 65 36 id
1283 749 76 36 est
1315 749 120 36 impropor-

832 781 156 38 tionaliter
954 781 67 38 et
988 781 78 38 per
1032 781 156 38 consequens
1155 781 89 38 quod
1210 781 78 38 vna
1255 781 122 38 species
1344 781 78 38 per
1377 781 56 38 per

822 804 159 42 fectionem
944 804 135 42 finitam
1042 804 135 42 excedit
1141 804 110 42 aliam
1214 804 159 42 infinite.
1324 804 123 42 Dicendum

825 831 109 43 esset
897 831 193 43 consequenter
1054 831 97 43 quod
1115 831 205 43 quantumcunque
1284 831 133 43 entitas
1369 831 72 43 spe-

834 861 87 37 tiei
889 861 153 37 inferioris
1009 861 142 37 cresceret
1118 861 153 37 perfectior
1238 861 66 37 in
1271 861 76 37 sua
1315 861 109 37 specie
1380 861 55 37 ita

831 891 64 39 y
857 891 77 39 in
895 891 128 39 multis
984 891 230 39 perfectionibus
1176 891 89 39 sue
1227 891 140 39 speciei
1316 891 128 39 competen

819 922 107 32 tibus
891 922 167 32 acquireret
1022 922 179 32 intensiorem
1165 922 119 32 gradum
1249 922 96 32 quod
1309 922 119 32 habeat
1380 922 60 32 spe

824 951 95 33 cies
883 951 142 33 superior
990 951 71 33 in
1026 951 214 33 perfectionibus
1204 951 154 33 similibus
1322 951 83 33 vel
1358 951 83 33 aluis

829 974 75 39 ue
866 974 138 39 speciei
966 974 88 39 per
1016 974 88 39 hoc
1066 974 113 39 tamen
1141 974 88 39 quo
1191 974 75 39 ad
1229 974 200 39 perfectionem
1379 974 63 39 spe

821 1007 131 30 cificam
916 1007 71 30 in
952 1007 107 30 nullo
1023 1007 131 30 accedit
1119 1007 95 30 plus
1178 1007 95 30 quam
1238 1007 107 30 prius
1309 1007 71 30 ad
1333 1007 107 30 speciem

815 1031 213 33 superiorem.
985 1031 85 33 Et
1028 1031 128 33 omnia
1113 1031 184 33 argumenta
1255 1031 128 33 solum
1326 1031 113 33 vadunt

824 1060 79 32 ad
863 1060 171 32 crementum
995 1060 210 32 perfectionis
1165 1060 210 32 accidentalis
1336 1060 79 32 et
1375 1060 92 32 non

822 1090 147 29 specifice.
938 1090 84 29 Item
991 1090 84 29 dici
1044 1090 105 29 posset
1117 1090 158 29 conformiter
1244 1090 105 29 dictis
1307 1090 137 29 conclusioni

819 1117 69 34 bus
858 1117 78 34 quod
907 1117 118 34 qualibet
995 1117 108 34 sprires
1074 1117 118 34 superior
1162 1117 127 34 quaelibet
1260 1117 137 34 inferionem
1368 1117 59 34 se
1387 1117 59 34 fini

824 1148 62 39 te
855 1148 62 39 et
885 1148 62 39 in
916 1148 92 39 certa
978 1148 154 39 proportione
1101 1148 113 39 excedat
1183 1148 62 39 et
1214 1148 92 39 tamen
1275 1148 72 39 non
1316 1148 123 39 sequitur
1398 1148 72 39 sicut

818 1175 97 38 dicte
883 1175 130 38 rationes
981 1175 152 38 pretendunt
1100 1175 87 38 quod
1154 1175 130 38 inferior
1251 1175 108 38 possit
1327 1175 108 38 equari
1392 1175 43 38 su

826 1206 113 31 periori
908 1206 61 31 in
938 1206 154 31 perfectione
1061 1206 61 31 eo
1092 1206 82 31 quod
1143 1206 143 31 perfectio.
1256 1206 133 31 specifica
1348 1206 92 31 totalis

818 1237 115 34 augeri
898 1237 115 34 potest
978 1237 80 34 nec
1024 1237 115 34 minui.
1104 1237 92 34 Unde
1161 1237 80 34 nec
1207 1237 115 34 staret
1287 1237 115 34 asinum
1356 1237 80 34 manem

824 1264 91 32 tem
876 1264 78 32 in
915 1264 91 32 sua
968 1264 131 32 specie
1059 1264 131 32 habere
1151 1264 144 32 aliquem
1255 1264 131 32 gradum
1333 1264 105 32 perfe-

823 1294 131 36 ctionis
919 1294 131 36 equalis
1014 1294 155 36 specifice
1134 1294 107 36 vltra
1205 1294 84 36 hoc
1253 1294 96 36 quod
1313 1294 84 36 iam
1348 1294 84 36 habet

831 1319 86 37 vel
880 1319 111 37 etiam
954 1319 123 37 aliquo
1040 1319 99 37 tali
1102 1319 111 37 gradu
1176 1319 136 37 carere.
1275 1319 86 37 Cum
1324 1319 86 37 his
1361 1319 74 37 eti-

815 1344 68 36 am
849 1344 113 36 aliqui
928 1344 147 36 concedunt
1040 1344 90 36 quod
1097 1344 147 36 possibile
1209 1344 79 36 est
1255 1344 90 36 esse
1311 1344 113 36 plures
1379 1344 56 36 spe

821 1375 95 31 cies
880 1375 166 31 distinctas
1010 1375 83 31 vel
1058 1375 106 31 plura
1129 1375 154 31 indiuidua
1247 1375 166 31 diuersarum
1365 1375 71 31 spe-

820 1406 132 33 cierum
912 1406 145 33 penitus
1018 1406 145 33 equales
1123 1406 79 33 in
1163 1406 198 33 perfectione
1321 1406 92 33 hoc
1361 1406 79 33 enim

818 1432 87 36 non
867 1432 137 36 videtur
967 1432 149 36 claudere
1079 1432 199 36 repugnantiam
1240 1432 124 36 igitur
1328 1432 87 36 sed
1365 1432 62 36 sem

820 1460 80 36 per
865 1460 137 36 requirit
968 1460 217 36 concausalitatem
1151 1460 137 36 subiecti
1254 1460 80 36 vel
1300 1460 103 36 etiam
1357 1460 80 36 vicem

819 1489 166 37 supplentis
949 1489 71 37 de
985 1489 83 37 quo
1032 1489 71 37 et
1068 1489 71 37 in
1103 1489 83 37 quo
1151 1489 95 37 modo
1210 1489 83 37 iam
1257 1489 107 37 dicto
1317 1489 118 37 producat

816 1515 96 38 illum
880 1515 117 38 effctum
965 1515 85 38 ideo
1018 1515 106 38 nullum
1092 1515 85 38 tale
1145 1515 96 38 agens
1209 1515 106 38 potest
1283 1515 106 38 creare
1347 1515 85 38 stativ

819 1544 105 29 ommuni
893 1544 74 29 dei
935 1544 168 29 ordinatione.
1072 1544 63 29 Ex
1104 1544 74 29 quo
1146 1544 95 29 patet
1209 1544 84 29 quod
1262 1544 84 29 soli
1314 1544 74 29 deo
1346 1544 84 29 compe-

819 1575 86 35 tit
868 1575 123 35 creare
954 1575 99 35 quia
1016 1575 99 35 ille
1078 1575 111 35 solus
1151 1575 111 35 habet
1225 1575 136 35 totalem
1312 1575 123 35 rationem

811 1599 194 38 causalitatis
968 1599 182 38 cuiuscunque
1114 1599 145 38 effectus
1223 1599 194 38 producibilis
1368 1599 61 38 ni-

812 1628 178 30 chilominus
952 1628 115 30 tamen
1029 1628 115 30 etiam
1105 1628 102 30 deus
1169 1628 127 30 potest
1258 1628 165 30 immediate
1372 1628 64 30 edu

819 1658 92 35 cere
877 1658 139 35 effectum
981 1658 69 35 oe
1016 1658 139 35 potentia
1120 1658 127 35 materie
1212 1658 81 35 vel
1259 1658 139 35 alicuius
1351 1658 81 35 vicen

811 1686 124 33 materie
901 1686 158 33 supplentis
1025 1686 90 33 quia
1081 1686 113 33 potest
1160 1686 113 33 facere
1239 1686 90 33 quod
1296 1686 102 33 sicut
1352 1686 79 33 mate-

811 1716 87 32 ria
860 1716 87 32 vel
910 1716 99 32 eius
972 1716 149 32 supplens
1083 1716 111 32 vicem
1157 1716 198 32 concausatiue
1319 1716 74 32 se
1343 1716 87 32 habet

819 1740 71 38 in
855 1740 178 38 productione
997 1740 142 38 effectus
1103 1740 71 38 ab
1139 1740 118 38 agente
1222 1740 142 38 naturali
1328 1740 83 38 ita
1364 1740 59 38 eti

809 1769 79 37 am
848 1769 79 37 se
888 1769 131 37 habeat
979 1769 79 37 in
1019 1769 197 37 productione
1176 1769 157 37 effectus
1294 1769 105 37 quem
1346 1769 79 37 ipse

810 1798 95 43 agit
870 1798 166 43 immediate.
1000 1798 59 43 ⁋
1024 1798 71 43 Ex
1060 1798 83 43 quo
1107 1798 143 43 sequitur
1214 1798 95 43 quod
1274 1798 71 43 in
1309 1798 95 43 casu
1357 1798 71 43 argu

814 1828 111 40 menti
888 1828 185 40 principalis
1036 1828 74 40 a.
1073 1828 111 40 lumen
1147 1828 86 40 est
1196 1828 136 40 eductum
1295 1828 74 40 oe
1319 1828 99 40 poten-

815 1853 69 38 tia
855 1853 89 38 aeris
914 1853 69 38 ita
953 1853 79 38 bene
1002 1853 89 38 sicut
1061 1853 69 38 .c.
1100 1853 98 38 lumen.
1169 1853 89 38 Patet
1228 1853 89 38 etiam
1287 1853 79 38 quod
1336 1853 59 38 si
1356 1853 59 38 deum

810 1883 99 35 daret
876 1883 110 35 alicui
953 1883 110 35 agenti
1030 1883 132 35 naturali
1129 1883 121 35 totalem
1217 1883 132 35 rationem
1305 1883 121 35 causlita-

819 1912 68 34 tis
858 1912 116 34 alicuius
945 1912 116 34 effectus
1033 1912 68 34 ita
1072 1912 116 34 scilicet
1159 1912 78 34 quod
1207 1912 68 34 non
1246 1912 126 34 oporteret
1343 1912 58 34 ad
1363 1912 58 34 eius

814 1940 144 41 actionem
922 1940 168 41 concurrere
1054 1940 132 41 cantiue
1150 1940 168 41 principium
1270 1940 156 41 subiectiuum

820 1969 78 36 vel
864 1969 89 36 eius
920 1969 133 36 supplens
1020 1969 100 36 vicem
1087 1969 100 36 licet
1153 1969 100 36 tamen
1220 1969 144 36 oporteret
1320 1969 100 36 concur-

816 2002 88 35 rere
871 2002 99 35 agens
936 2002 109 35 primum
1013 2002 88 35 tunc
1068 2002 88 35 tale
1123 2002 99 35 agens
1188 2002 131 35 naturale
1287 2002 109 35 potest
1352 2002 66 35 crea

815 2025 62 38 re
846 2025 93 38 patet
908 2025 93 38 etiam
970 2025 62 38 ex
1001 2025 104 38 dictis
1074 2025 83 38 quod
1126 2025 73 38 non
1167 2025 124 38 repugnat
1260 2025 104 38 agenti
1323 2025 93 38 natura-

807 2051 71 42 li
843 2051 143 42 scilicet
950 2051 95 42 igni
1009 2051 83 42 vel
1057 2051 119 42 alteri
1140 2051 154 42 producere
1259 2051 131 42 calorem
1354 2051 71 42 in
1377 2051 48 42 ho

804 2080 105 48 stia
870 2080 184 48 consecrata
1014 2080 105 48 modo
1080 2080 171 48 predicto.
1211 2080 131 48 Contra
1290 2080 131 48 predicta
