1823 2500
353 227 103 46 sunt
418 227 116 46 dubia
495 227 129 46 primum
585 227 155 46 tangitur
701 227 77 46 in
740 227 116 46 primo
804 227 168 46 principali.

375 272 63 37 ⁋
401 272 76 37 Ad
439 272 101 37 quod
502 272 164 37 respondet
628 272 126 37 quidam
716 272 126 37 doctor
805 272 164 37 prenotans
918 272 51 37 ta

353 295 76 37 men
396 295 87 37 quod
451 295 97 37 illud
516 295 76 37 est
559 295 141 37 producere
667 295 119 37 aliquid
754 295 65 37 de
786 295 119 37 materia
873 295 65 37 et
894 295 76 37 aliud

357 327 80 32 est
402 327 148 32 producere
516 327 125 32 aliquid
607 327 68 32 in
641 327 137 32 materia:
743 327 114 32 posset
823 327 91 32 enim
869 327 102 32 produci

354 351 128 35 aliquid
448 351 70 35 in
483 351 128 35 materia
576 351 128 35 quamuis
669 351 82 35 non
716 351 163 35 producatur
844 351 70 35 de
867 351 105 35 materia

350 383 101 33 sicut
417 383 168 33 intellectus
551 383 123 33 humanus
641 383 101 33 sicut
708 383 101 33 patet
775 383 78 33 li.
820 383 56 33 2
842 383 78 33 di.
887 383 67 33 17
909 383 56 33 cap

353 408 73 35 17
389 408 73 35 et
426 408 85 35 sic
474 408 121 35 posset
559 408 121 35 facere
644 408 97 35 deus
704 408 121 35 formas
789 408 170 35 materiales
923 408 73 35 in

357 441 144 32 materiis
465 441 84 32 que
513 441 84 32 non
561 441 156 32 dependent
680 441 120 32 inesse
764 441 72 32 ab
800 441 108 32 illis
872 441 72 32 et
896 441 72 32 tunc

354 468 179 36 causaretur.
497 468 60 36 ⁋
521 468 84 36 Per
569 468 84 36 hoc
617 468 107 36 patet
688 468 72 36 ad
724 468 107 36 illud
796 468 96 36 quod
856 468 107 36 illud
915 468 48 36 lu

347 487 82 41 men
394 487 71 41 in
430 487 71 41 b.
465 487 129 41 creatum
559 487 82 41 est
606 487 71 41 et
641 487 82 41 non
689 487 106 41 lumen
759 487 71 41 in
794 487 71 41 a.
830 487 71 41 et
865 487 94 41 tunc
912 487 59 41 con

351 524 134 35 sequenter
453 524 92 35 tenet
515 524 82 35 iste
566 524 103 35 doctor
638 524 82 35 quod
690 524 103 35 quando
762 524 82 35 deus
813 524 92 35 creat
864 524 103 35 accidens

352 548 71 40 in
388 548 143 40 subiecto
495 548 95 40 ipse
554 548 131 40 supplet
650 548 107 40 vicem
721 548 179 40 efficientie
852 548 119 40 subiecti

350 577 142 35 respectu
457 577 106 35 huius
528 577 166 35 accidentis
658 577 95 35 puto
717 577 95 35 enim
776 577 118 35 inquit
859 577 95 35 quod
906 577 59 35 sub

345 610 118 34 iectum
428 610 82 34 sic
475 610 82 34 est
522 610 106 34 causa
592 610 153 34 efficiens
710 610 141 34 respectu
815 610 82 34 sui
851 610 118 34 acciden-

350 635 81 34 tis
397 635 93 34 quod
455 635 70 34 ab
490 635 70 34 eo
525 635 70 34 in
560 635 70 34 eo
595 635 70 34 in
630 635 93 34 esse
688 635 151 34 naturalis
804 635 116 34 cursus
874 635 93 34 commu-

351 665 85 35 nis
399 665 158 35 dependet.
521 665 97 35 Ista
581 665 158 35 responsio
702 665 85 35 non
751 665 85 35 est
799 665 73 35 ex
836 665 97 35 toto
884 665 85 35 vera.

354 689 113 39 ⁋Primo
433 689 90 39 quia
489 689 90 39 tunc
546 689 79 39 vel
591 689 113 39 gratia
670 689 124 39 nunquam
760 689 147 39 crearetur
873 689 68 39 in
895 689 68 39 ani-

350 717 74 35 ma
387 717 86 35 vel
436 717 86 35 pro
485 717 99 35 tunc
547 717 74 35 in
584 717 111 35 nullo
658 717 86 35 per
707 717 111 35 modum
781 717 173 35 accidentis
904 717 62 35 de-

349 746 142 39 penderet
456 746 59 39 a
479 746 83 39 suo
527 746 154 39 subiecto.
645 746 130 39 Secundo
740 746 118 39 falsum
823 746 83 39 est
870 746 95 39 quod
918 746 47 39 om

344 774 82 36 nis
391 774 105 36 forma
461 774 140 36 secundum
566 774 152 36 naturalem
683 774 117 36 cursum
765 774 152 36 dependens
870 774 94 36 inesse

345 805 56 32 a
367 805 78 32 suo
412 805 134 32 subiecto
512 805 67 32 eo
545 805 89 32 ipso
601 805 145 32 efficitur
713 805 67 32 ab
746 805 100 32 eodem
813 805 89 32 quia
869 805 89 32 tunc
913 805 56 32 ca-

350 830 89 37 lor
401 830 102 37 aque
465 830 165 37 violenter
592 830 165 37 calefacte
719 830 191 37 efficeretur
871 830 76 37 ab
897 830 76 37 aqua

356 863 89 31 vel
407 863 101 31 eius
470 863 139 31 materia
572 863 101 31 quod
635 863 127 31 falsum
723 863 89 31 est
774 863 101 31 quia
825 863 139 31 virtualem

344 893 228 29 contrarietatem
534 893 76 29 ad
572 893 114 29 ipsum
648 893 139 29 nititur
750 893 114 29 ipsum
813 893 152 29 destruere.

348 916 64 33 ⁋
374 916 103 33 Item
438 916 103 33 tunc
503 916 142 33 materia
606 916 116 33 prima
683 916 193 33 coefficeret
837 916 129 33 formas
915 916 51 33 ma

347 946 140 31 teriales
453 946 94 31 quod
511 946 105 31 patet
581 946 117 31 falsum
663 946 94 31 dico
721 946 117 31 igitur
803 946 117 31 aliter
885 946 70 31 ad
909 946 58 31 ar-

347 968 129 42 gumentum
444 968 86 42 quod
498 968 97 42 casus
562 968 75 42 est
605 968 172 42 impossibilis
745 968 75 42 quo
788 968 65 42 ad
820 968 108 42 primam
885 968 86 42 partem

353 997 79 39 quia
402 997 79 39 deum
452 997 89 39 agere
511 997 59 39 a.
541 997 79 39 sine
590 997 128 39 coactione
689 997 89 39 solis
748 997 69 39 est
787 997 109 39 creare.
866 997 59 39 a.
886 997 79 39 ettunc

351 1030 89 32 dico
406 1030 89 32 quod
462 1030 66 32 a.
495 1030 55 32 a
517 1030 100 32 nullo
583 1030 111 32 actiue
661 1030 133 32 dependet
761 1030 89 32 nisi
816 1030 55 32 a
838 1030 78 32 deo
882 1030 78 32 cum
916 1030 55 32 hoc

350 1053 92 35 stat
407 1053 92 35 quod
464 1053 69 35 a.
498 1053 149 35 dependeat
613 1053 69 35 ab
647 1053 92 35 aere
705 1053 160 35 subiectiue
831 1053 103 35 sicut
888 1053 80 35 acci-

349 1084 92 38 dens
407 1084 58 38 a
430 1084 150 38 subiecto.
546 1084 104 38 Dices
615 1084 69 38 si
649 1084 69 38 a.
684 1084 81 38 ita
730 1084 150 38 dependeat
846 1084 81 38 per
880 1084 81 38 modum

346 1116 140 31 accidentis
456 1116 50 31 a
476 1116 120 31 subiecto
565 1116 60 31 in
595 1116 80 31 quae
645 1116 130 31 recipitur
745 1116 90 31 sicut
805 1116 70 31 .c.
844 1116 100 31 igitur
904 1116 60 31 acti

341 1142 77 29 uum
385 1142 132 29 naturale
484 1142 77 29 ita
527 1142 99 29 creat
593 1142 99 29 sicut
659 1142 88 29 deus
714 1142 88 29 quia
769 1142 77 29 non
813 1142 88 29 plus
856 1142 110 29 effectus

350 1170 112 32 agentis
431 1170 102 32 creati
502 1170 112 32 videtur
583 1170 81 32 tunc
634 1170 102 32 effici
705 1170 61 32 de
736 1170 122 32 subiecto
827 1170 81 32 quam
878 1170 61 32 si
898 1170 71 32 ipsum

347 1193 69 44 de
381 1193 103 44 eodem
450 1193 137 44 subiecto
553 1193 149 44 crearetur
667 1193 57 44 a
690 1193 80 44 deo
736 1193 80 44 nec
782 1193 103 44 aliud
839 1193 126 44 videretur

351 1231 88 29 esse
406 1231 110 29 formam
483 1231 99 29 talem
550 1231 121 29 produci
638 1231 66 29 in
671 1231 132 29 subiecto
770 1231 88 29 quam
826 1231 66 29 in
859 1231 77 29 eam
892 1231 77 29 produ

354 1257 65 31 ci
387 1257 76 31 nec
430 1257 151 31 econverso.
548 1257 54 31 ⁋
570 1257 65 31 Ad
602 1257 97 31 istud
667 1257 86 31 dico
721 1257 86 31 quod
775 1257 97 31 nulla
840 1257 76 31 est
872 1257 97 31 notabi-

347 1281 80 34 lis
392 1281 172 34 differentia
530 1281 69 34 ad
564 1281 160 34 propositum
690 1281 69 34 de
724 1281 103 34 forma
793 1281 92 34 tali
850 1281 80 34 tam
885 1281 80 34 crea-

349 1309 88 34 bili
404 1309 66 34 de
437 1309 77 34 hac
480 1309 120 34 materia
568 1309 88 34 quam
623 1309 164 34 producibili
754 1309 66 34 de
787 1309 99 34 eadem
853 1309 66 34 in
874 1309 88 34 ordine

350 1340 102 33 talis
418 1340 102 33 forme
486 1340 68 33 ad
520 1340 147 33 subiectum
633 1340 79 33 sed
679 1340 102 33 solum
747 1340 68 33 in
781 1340 113 33 ordine
860 1340 68 33 ad
883 1340 79 33 agens

359 1367 73 32 cum
400 1367 84 32 enim
453 1367 147 32 producitur
568 1367 94 32 forma
631 1367 94 32 talis
694 1367 84 32 siue
747 1367 63 32 in
778 1367 126 32 subiecto
873 1367 84 32 siue
915 1367 52 32 non

347 1396 127 35 subiecto
443 1396 53 35 a
464 1396 85 35 solo
517 1396 106 35 agente
591 1396 85 35 quod
644 1396 138 35 subiectum
750 1396 74 35 non
792 1396 170 35 praesupponit
920 1396 42 35 ad

357 1428 78 30 hoc
401 1428 67 30 vt
435 1428 100 30 talem
501 1428 111 30 formam
579 1428 133 30 producat
679 1428 89 30 tunc
735 1428 122 30 creatur
824 1428 78 30 cum
868 1428 89 30 vero
924 1428 67 30 ab

355 1452 125 31 agente
442 1452 212 31 presupponente
616 1452 87 31 vel
666 1452 174 31 necessario
803 1452 150 31 coagente
903 1452 62 31 sub

354 1477 120 35 iectum
438 1477 72 35 ad
474 1477 84 35 hoc
522 1477 72 35 vt
558 1477 108 35 talem
630 1477 120 35 formam
713 1477 72 35 in
749 1477 96 35 ipso
809 1477 144 35 producat
905 1477 60 35 hoc

353 1512 77 31 est
397 1512 121 31 produci
485 1512 77 31 vel
530 1512 99 31 educi
596 1512 66 31 de
629 1512 132 31 potentia
728 1512 99 31 talis
794 1512 143 31 subiecti.
905 1512 55 31 ⁋
916 1512 44 31 Se

358 1535 102 35 cundum
429 1535 102 35 dubium
501 1535 102 35 contra
573 1535 102 35 primam
645 1535 164 35 conclusionem
778 1535 82 35 quia
829 1535 113 35 videtur
901 1535 61 35 quod

348 1570 103 27 ignis
416 1570 103 27 agens
485 1570 69 27 in
520 1570 126 27 hostiam
611 1570 172 27 consecratam
749 1570 103 27 creet
818 1570 126 27 calonem
898 1570 69 27 quia

352 1589 81 39 ibi
399 1589 104 39 facit
468 1589 127 39 calorem
560 1589 69 39 de
595 1589 127 39 nichilo
687 1589 115 39 igitur
768 1589 104 39 creat
837 1589 81 39 per
872 1589 92 39 diffi-

352 1620 134 36 nitionem
452 1620 157 36 creationis
576 1620 123 36 positam
665 1620 78 36 li.
710 1620 56 36 2
732 1620 78 36 di.
777 1620 112 36 prima.
844 1620 123 36 Assumptum

353 1649 136 37 probatur
455 1649 91 37 quia
511 1649 102 37 ignis
579 1649 102 37 facit
647 1649 79 37 ibi
693 1649 125 37 calonem
784 1649 102 37 sicut
852 1649 113 37 sensus
920 1649 45 37 do

352 1675 76 37 cet
396 1675 65 37 et
428 1675 76 37 non
471 1675 65 37 de
504 1675 141 37 qualitate
612 1675 76 37 nec
656 1675 65 37 de
688 1675 152 37 quantitate
807 1675 87 37 quia
862 1675 87 37 tunc
905 1675 65 37 nun-

356 1708 81 33 quam
406 1708 152 33 philosophus
528 1708 71 33 vel
568 1708 91 33 alius
629 1708 111 33 probare
709 1708 101 33 posset
780 1708 162 33 necessitatem
901 1708 61 33 mate

350 1733 85 34 rie
399 1733 110 34 prime
472 1733 85 34 cum
521 1733 110 34 actio
594 1733 159 34 naturalis
716 1733 183 34 perficiatur
850 1733 122 34 secundum

357 1760 77 38 hoc
401 1760 66 38 in
434 1760 154 38 quantitate
555 1760 77 38 vel
599 1760 143 38 qualitate
709 1760 99 38 sicut
775 1760 66 38 in
808 1760 121 38 materia
896 1760 66 38 si
918 1760 44 38 po

351 1794 131 32 neretur.
449 1794 164 32 Respondetur
581 1794 87 32 quod
635 1794 98 32 totum
701 1794 87 32 quod
755 1794 76 32 fit
799 1794 66 32 in
832 1794 109 32 hostia
897 1794 66 32 con-

348 1819 132 36 secrata
444 1819 132 36 quantum
539 1819 72 36 ad
575 1819 191 36 alterationem
731 1819 84 36 fit
779 1819 155 36 immediate
898 1819 60 36 a
910 1819 60 36 deo

355 1849 88 32 per
406 1849 202 32 suppletionem
570 1849 139 32 agentis
671 1849 164 32 naturalis
798 1849 152 32 causando
899 1849 63 32 il-

358 1875 78 33 lud
403 1875 89 33 quod
458 1875 101 33 agens
526 1875 134 33 naturale
626 1875 78 33 ibi
671 1875 112 33 ageret
749 1875 67 33 si
783 1875 101 33 illic
850 1875 101 33 esset
906 1875 67 33 sub-

356 1902 130 36 stantia
450 1902 82 36 vel
498 1902 130 36 materia
592 1902 71 36 in
627 1902 94 36 quam
686 1902 118 36 posset
769 1902 106 36 agere
839 1902 94 36 quia
887 1902 82 36 mate-

349 1932 80 38 ria
394 1932 68 38 vt
428 1932 125 38 videtur
519 1932 193 38 presupponitur
678 1932 125 38 actioni
769 1932 159 38 alteratiue
882 1932 80 38 cuiui

354 1956 118 40 cunque
437 1956 130 40 agentis
531 1956 153 40 naturalis
649 1956 71 40 et
685 1956 94 40 huic
744 1956 153 40 concordat
850 1956 118 40 syrensis

356 1989 76 36 qui
400 1989 120 36 recitat
487 1989 98 36 circa
552 1989 98 36 istam
617 1989 185 36 difficultatem
769 1989 141 36 opinionem
867 1989 98 36 gandem.

347 2020 86 32 tho.
401 2020 65 32 et
433 2020 86 32 sco.
487 2020 65 32 et
520 2020 97 32 tenet
584 2020 65 32 in
616 2020 75 32 hoc
660 2020 75 32 cum
703 2020 97 32 scoto
767 2020 108 32 libro.
843 2020 65 32 4.
875 2020 54 32 ⁋
886 2020 75 32 Scien

353 2049 76 32 dum
397 2049 76 32 est
440 2049 98 32 tamen
506 2049 87 32 quod
561 2049 120 32 educere
648 2049 131 32 effectum
746 2049 66 32 oe
779 2049 131 32 potentia
867 2049 98 32 materie

351 2074 82 48 vel
398 2074 152 48 producere
515 2074 105 48 ipsum
586 2074 70 48 de
621 2074 117 48 aliquo
703 2074 82 48 non
749 2074 141 48 creatiue
855 2074 82 48 est
890 2074 82 48 ipsum

990 231 106 43 agens
1061 231 130 43 taliter
1155 231 153 43 producere
1273 231 106 43 illum
1344 231 142 43 effectum
1451 231 142 43 qualiter
1557 231 71 43 ad

990 263 93 34 eius
1048 263 185 34 productionem
1199 263 162 34 requiritur
1326 263 174 34 concausatio
1454 263 139 34 subiectiua

994 293 127 39 materie
1086 293 81 39 seu
1132 293 138 39 subiecti
1235 293 81 39 vel
1281 293 138 39 alicuius
1385 293 92 39 eius
1442 293 104 39 vicem
1500 293 104 39 supplem

997 319 70 35 tis
1037 319 60 35 de
1067 319 70 35 quo
1107 319 120 35 scilicet
1197 319 120 35 subiecto
1287 319 70 35 vel
1328 319 80 35 eius
1378 319 90 35 vicem
1438 319 130 35 supplente
1528 319 70 35 talis

993 354 142 33 effectus
1100 354 166 33 producatur
1230 354 71 33 et
1265 354 107 33 etiam
1337 354 71 33 in
1372 354 83 33 quo
1419 354 83 33 vel
1455 354 142 33 subiectiue

1002 379 74 34 vel
1045 379 190 34 coassistenter.
1203 379 85 34 Unde
1256 379 95 34 patet
1320 379 74 34 sic
1362 379 159 34 differentia
1489 379 95 34 intur
1542 379 53 34 pro

994 409 109 34 ducere
1070 409 65 34 et
1103 409 109 34 creare
1179 409 109 34 formam
1255 409 120 34 aliquam
1342 409 76 34 vel
1386 409 130 34 effectum
1483 409 87 34 quia
1527 409 76 34 licet

990 437 150 33 quandoque
1106 437 81 33 per
1152 437 162 33 creationem
1279 437 104 33 forma
1349 437 162 33 producatur
1476 437 69 33 in
1499 437 104 33 materia

984 469 83 31 non
1032 469 107 31 tamen
1103 469 83 31 ibi
1151 469 155 31 concausat
1270 469 155 31 materiam.
1389 469 107 31 Patet
1460 469 107 31 etiam
1532 469 95 31 quod

992 490 98 36 quia
1053 490 122 36 nullum
1138 490 110 36 agens
1212 490 147 36 naturale
1322 490 110 36 habet
1395 490 147 36 rationem
1493 490 110 36 totalem

992 520 172 33 causalitatis
1132 520 129 33 alicuius
1229 520 129 33 effectus
1326 520 54 33 a
1347 520 65 33 se
1379 520 183 33 producibilis.
1530 520 54 33 ⁋
1541 520 65 33 Ter-

997 538 97 45 tium
1058 538 122 45 dubium
1143 538 85 45 sit
1191 538 61 45 a
1216 538 85 45 vna
1264 538 109 45 forma
1337 538 109 45 ignis
1410 538 122 45 genita
1495 538 73 45 ab
1520 538 97 45 istous

1000 578 91 37 gne
1052 578 78 37 in
1091 578 91 37 hac
1143 578 143 37 materia
1247 578 195 37 demonstrata
1404 578 78 37 et
1430 578 169 37 corrumpatur

994 607 60 33 ⁋
1018 607 96 33 Tunc
1078 607 143 33 arguitur
1185 607 84 33 sic
1233 607 96 33 iste
1293 607 107 33 ignis
1364 607 191 33 demonstratus
1507 607 96 33 potest

991 635 157 34 generare
1109 635 65 34 a
1135 635 131 34 formam
1226 635 131 34 igitur
1318 635 131 34 potest
1409 635 144 34 creare.
1500 635 105 34 Conse-

996 660 143 36 quentia
1100 660 117 36 patet
1177 660 104 36 quia
1242 660 104 36 idem
1307 660 130 36 numero
1398 660 91 36 non
1450 660 130 36 potest
1527 660 78 36 redi

996 692 68 33 re
1030 692 80 33 per
1075 692 137 33 actionem
1178 692 148 33 naturalem
1292 692 68 33 vt
1326 692 103 33 patet
1395 692 114 33 quinto
1463 692 137 33 phisicorum

990 720 121 30 versus
1075 720 121 30 finem.
1160 720 158 30 Assumptum
1281 720 146 30 probatur
1390 720 97 30 quia
1451 720 97 30 ista
1500 720 109 30 materia

991 747 170 31 demonstrata
1127 747 79 31 est
1172 747 91 31 eque
1228 747 68 31 in
1262 747 136 31 potentia
1364 747 136 31 naturali
1466 747 68 31 ad
1500 747 68 31 a.
1523 747 79 31 sicut

988 773 70 34 ad
1023 773 105 34 aliam
1094 773 117 34 formam
1176 773 164 34 consimilem
1305 773 129 34 futuram
1398 773 117 34 igitur
1480 773 94 34 iste
1527 773 82 34 ignis

989 803 86 32 ita
1038 803 110 32 natus
1111 803 86 32 est
1160 803 159 32 producere
1283 803 86 32 vel
1332 803 147 32 generare
1442 803 73 32 de
1479 803 98 32 ista
1528 803 73 32 mate

997 832 73 35 ria
1038 832 104 35 formam
1111 832 62 35 a.
1142 832 104 35 sicut.
1215 832 62 35 b.
1247 832 73 35 vel
1288 832 62 35 c.
1319 832 156 35 Respondetur
1444 832 83 35 quod
1496 832 83 35 iste
1538 832 73 35 ignis

989 859 90 33 non
1040 859 128 33 posset
1130 859 90 33 per
1181 859 128 33 cursum
1271 859 128 33 nature
1361 859 179 33 regenerare
1502 859 77 33 a.
1527 859 77 33 for-

994 886 91 39 mam
1046 886 78 39 in
1085 886 91 39 hac
1137 886 143 39 materia
1240 886 91 39 nec
1292 886 117 39 etiam
1370 886 143 39 aliquod
1473 886 117 39 agens
1538 886 65 39 pre

985 916 80 35 ter
1030 916 103 35 deum.
1099 916 69 35 Et
1133 916 91 35 ideo
1190 916 126 35 concedo
1282 916 91 35 quod
1339 916 80 35 non
1385 916 114 35 posset
1465 916 114 35 redire
1533 916 69 35 idem

983 944 135 30 numero
1077 944 162 30 secundum
1198 944 135 30 cursum
1292 944 135 30 nature
1387 944 94 30 nec
1427 944 175 30 instantane-

985 970 75 34 um
1023 970 63 34 a
1048 970 88 34 deo
1098 970 100 34 nisi
1161 970 88 34 per
1211 970 176 34 creationem
1349 970 113 34 cuius
1424 970 125 34 causam
1500 970 100 34 nescio

990 999 104 31 aliam
1060 999 92 31 nisi
1117 999 92 31 quod
1175 999 92 31 deus
1233 999 150 31 instituit
1348 999 81 31 non
1394 999 115 31 iterum
1464 999 138 31 concurrere

993 1027 82 29 cum
1040 1027 129 29 actiuis
1134 1027 129 29 creatis
1227 1027 70 29 vt
1262 1027 93 29 ipsa
1321 1027 105 29 semel
1391 1027 140 29 corrupta
1484 1027 117 29 reprodu-

985 1060 94 31 cant
1044 1060 106 31 eadem
1114 1060 117 31 nunero
1197 1060 82 31 sed
1244 1060 82 31 ben
1291 1060 141 31 similia.
1396 1060 59 31 ⁋
1420 1060 129 31 Quartum
1502 1060 94 31 dubium

991 1087 124 33 videtur
1081 1087 90 33 quod
1138 1087 68 33 ho
1172 1087 113 33 possit
1251 1087 147 33 producere
1364 1087 113 33 animam
1431 1087 170 33 intellectiuam

991 1111 101 36 igitur
1061 1111 60 36 et
1092 1111 111 36 creare.
1172 1111 141 36 Antecedens
1283 1111 121 36 probatur
1374 1111 81 36 quia
1424 1111 60 36 si
1454 1111 101 36 fieret
1525 1111 50 36 a
1535 1111 60 36 solo

990 1143 86 34 deo
1039 1143 122 34 igitur
1124 1143 98 34 deus
1186 1143 122 34 posset
1271 1143 86 34 eam
1320 1143 86 34 non
1369 1143 122 34 creare
1455 1143 122 34 quando
1529 1143 73 34 homo

996 1169 140 33 generat
1098 1169 89 33 non
1149 1169 114 33 tamen
1225 1169 178 33 impediendo
1365 1169 152 33 actionem
1466 1169 140 33 naturalem

993 1201 107 34 hominis
1071 1201 58 34 in
1100 1201 127 34 generando
1198 1201 107 34 ponitur
1276 1201 97 34 igitur
1344 1201 58 34 et
1373 1201 117 34 sequitur
1461 1201 78 34 quod
1510 1201 78 34 tunc
1549 1201 58 34 homo

989 1227 125 33 generat
1080 1227 171 33 naturalitur
1216 1227 114 33 animal
1296 1227 114 33 brutum
1375 1227 68 33 et
1410 1227 171 33 irrationale
1535 1227 68 33 nisi

994 1252 94 38 detur
1056 1252 126 38 intentum
1151 1252 84 38 quia
1203 1252 136 38 generabit
1308 1252 84 38 vnum
1360 1252 105 38 animal
1433 1252 63 38 vt
1465 1252 115 38 videtur
1538 1252 63 38 quia

992 1278 110 31 semen
1065 1278 97 31 eius
1126 1278 122 31 tantam
1211 1278 85 31 vim
1260 1278 110 31 habet
1333 1278 158 31 generandi
1455 1278 134 31 quantam
1540 1278 61 31 se-

987 1310 78 30 men
1031 1310 133 30 alterius
1131 1310 133 30 animalis
1231 1310 111 30 igitur
1309 1310 111 30 potest
1386 1310 78 30 tam
1431 1310 144 30 perfectam
1530 1310 67 30 for-

983 1340 92 28 mam
1035 1340 157 28 generare
1153 1340 118 28 alias
1232 1340 105 28 homo
1298 1340 170 28 videretur
1429 1340 105 28 esse
1481 1340 118 28 debilio

989 1366 77 30 ris
1033 1366 166 30 conditionis
1166 1366 88 30 quam
1221 1366 110 30 cetera
1298 1366 143 30 animalia.
1408 1366 55 30 ⁋
1430 1366 132 30 Sequitur
1519 1366 77 30 etiam

982 1398 80 30 quod
1032 1398 110 30 species
1112 1398 110 30 hominis
1192 1398 100 30 aliter
1262 1398 70 30 non
1302 1398 90 30 esset
1362 1398 80 30 pars
1412 1398 150 30 essentialis
1522 1398 80 30 vniuer

986 1420 69 36 si
1021 1420 92 36 nisi
1079 1420 92 36 homo
1136 1420 115 36 posset
1217 1420 173 36 naturaliter
1356 1420 138 36 generare
1460 1420 127 36 hominem
1540 1420 58 36 cum

982 1451 166 30 infiuentia
1113 1451 142 30 naturali
1219 1451 95 30 quia
1279 1451 107 30 esset
1350 1451 178 30 naturaliter
1480 1451 119 30 corrupti

987 1477 96 33 bilis
1051 1477 75 33 nec
1094 1477 107 33 posset
1169 1477 150 33 perpetuari
1287 1477 53 33 a
1308 1477 64 33 se
1340 1477 75 33 cum
1383 1477 150 33 influentia
1490 1477 107 33 generali

990 1508 93 30 quia
1048 1508 104 30 esset
1118 1508 174 30 naturaliter
1257 1508 197 30 corruptibilis
1419 1508 81 30 nec
1466 1508 116 30 posset
1535 1508 70 30 per-

995 1538 134 26 petuari
1092 1538 61 26 a
1116 1538 73 26 se
1153 1538 85 26 cum
1202 1538 170 26 influentia
1335 1538 146 26 generali
1445 1538 109 26 sicut
1506 1538 97 26 cetere

988 1564 132 32 species
1084 1564 144 32 possunt.
1193 1564 144 32 Probatur
1301 1564 120 32 natura
1385 1564 132 32 nunquam
1470 1564 132 32 deficitin

984 1593 189 31 necessariis
1135 1593 76 31 et
1173 1593 88 31 cum
1224 1593 113 31 circa
1299 1593 113 31 magna
1375 1593 138 31 nobilia
1475 1593 88 31 sit
1513 1593 88 31 magis

986 1621 152 35 ingeniosa
1104 1621 117 35 igitur
1186 1621 70 35 si
1221 1621 117 35 natura
1303 1621 106 35 dedit
1373 1621 106 35 aliis
1432 1621 164 35 insufficien-

987 1649 89 28 tem
1038 1649 166 28 potentiam
1166 1649 191 28 generatiuam
1319 1649 102 28 sibi
1382 1649 153 28 similium
1497 1649 76 28 in
1523 1649 76 28 spe-

990 1678 86 30 cie
1039 1678 123 30 igitur
1125 1678 110 30 mulio
1198 1678 135 30 fortius
1297 1678 110 30 magis
1370 1678 135 30 homini.
1468 1678 61 30 ⁋
1493 1678 86 30 Pro
1530 1678 61 30 re-

988 1705 161 33 sponsione
1112 1705 112 33 solum
1186 1705 99 33 volo
1248 1705 149 33 recitare
1360 1705 161 33 opinionem
1472 1705 124 33 sprensis

986 1734 104 36 quem
1051 1734 117 36 mecum
1129 1734 78 36 in
1168 1734 91 36 hoc
1220 1734 130 36 gaudeo
1310 1734 182 36 concordare
1453 1734 91 36 qui
1492 1734 104 36 respon

988 1761 74 35 det
1031 1761 137 35 finaliter
1136 1761 84 35 quod
1188 1761 74 35 non
1231 1761 105 35 debeat
1304 1761 84 35 dici
1357 1761 95 35 aliud
1420 1761 84 35 quod
1462 1761 137 35 intellecti-

986 1792 69 37 ua
1020 1792 126 37 creatur
1112 1792 57 37 a
1135 1792 80 37 deo
1181 1792 80 37 sic
1226 1792 92 37 quod
1284 1792 103 37 nullo
1353 1792 92 37 modo
1410 1792 80 37 sit
1456 1792 69 37 ab
1490 1792 115 37 homine
1559 1792 46 37 si

989 1820 80 32 cut
1034 1820 102 32 patet
1102 1820 68 32 in
1136 1820 68 32 q.
1170 1820 125 32 veteris
1261 1820 68 32 et
1296 1820 91 32 noue
1352 1820 114 32 legis.
1432 1820 57 32 q
1455 1820 68 32 32
1489 1820 68 32 et
1511 1820 80 32 sicut

987 1849 113 33 plane
1063 1849 113 33 tenet
1138 1849 176 33 augustinus
1276 1849 75 33 in
1314 1849 226 33 ecclesiasticis
1489 1849 113 33 dogmati

986 1879 85 32 bus
1035 1879 134 32 capitu.
1132 1879 85 32 40.
1181 1879 85 32 vbi
1229 1879 110 32 dicit
1303 1879 122 32 animas
1388 1879 134 32 hominum
1485 1879 85 32 non
1522 1879 73 32 esse

986 1907 172 31 adinuicem.
1121 1907 98 31 Item
1182 1907 98 31 idem
1244 1907 111 31 tenet
1317 1907 86 31 ma.
1367 1907 86 31 li.
1416 1907 61 31 2
1440 1907 86 31 di.
1489 1907 74 31 17
1526 1907 74 31 et
1551 1907 49 31 om

993 1929 77 36 nes
1037 1929 143 36 doctores.
1147 1929 66 36 Et
1180 1929 77 36 cum
1224 1929 132 36 arguitur
1322 1929 88 36 quod
1377 1929 66 36 ho
1410 1929 143 36 generaret
1509 1929 88 36 brutum

992 1960 71 30 vel
1032 1960 122 30 suspensa
1124 1960 132 30 creatione
1225 1960 91 30 anime
1286 1960 173 30 intellectiue.
1428 1960 132 30 Respondeo
1520 1960 81 30 inquit

990 1990 80 33 quod
1040 1990 70 33 hec
1080 1990 110 33 videtur
1159 1990 150 33 perplexitas
1279 1990 80 33 quia
1329 1990 100 33 ponere
1399 1990 80 33 quod
1449 1990 90 33 eadem
1498 1990 100 33 formasit

993 2017 138 32 vegetiua
1096 2017 149 32 sensitiua
1210 2017 69 32 et
1245 2017 184 32 intellectiua
1394 2017 69 32 in
1428 2017 115 32 homine
1509 2017 80 32 est
1543 2017 46 32 at

983 2047 143 36 ticulus
1087 2047 196 36 condemnatus
1244 2047 78 36 ab
1283 2047 196 36 archiepisco
1426 2047 170 36 Cantuarien.

994 2075 151 47 roberto
1104 2075 178 47 tilleblim
1241 2075 96 47 ymo
1296 2075 123 47 multi
1378 2075 164 47 articuli
1488 2075 123 47 tendunt
